<?xml version="1.0" encoding="UTF-8"?>
<!DOCTYPE html PUBLIC "-//W3C//DTD XHTML 1.0 Transitional//EN"
    "http://www.w3.org/TR/xhtml1/DTD/xhtml1-transitional.dtd">
<html xmlns="http://www.w3.org/1999/xhtml" xml:lang="en" lang="en">
 <head>
  <title>
</title>
<meta http-equiv="Content-Type" content="text/html;charset=utf-8" />
  <meta name='ocr-system' content='tesseract 3.04.00' />
  <meta name='ocr-capabilities' content='ocr_page ocr_carea ocr_par ocr_line ocrx_word'/>
</head>
<body>
  <div class='ocr_page' id='page_1' title='image "./declarisarchigy01albigoog_0092.png"; bbox 0 0 5492 7750; ppageno 0'>
   <div class='ocr_carea' id='block_1_1' title="bbox 608 595 1636 666">
    <p class='ocr_par' dir='ltr' id='par_1_1' title="bbox 608 595 1636 666">
     <span class='ocr_line' id='line_1_1' title="bbox 608 595 1636 666; baseline 0.002 -2"><span class='ocrx_word' id='word_1_1' title='bbox 608 595 656 664; x_wconf 74' lang='lat'>8⁴2</span> <span class='ocrx_word' id='word_1_2' title='bbox 1394 615 1636 666; x_wconf 76' lang='lat' dir='ltr'>oronrnsnra</span> 
     </span>
    </p>
   </div>
   <div class='ocr_carea' id='block_1_2' title="bbox 602 769 2425 6425">
    <p class='ocr_par' dir='ltr' id='par_1_2' title="bbox 604 769 2421 1392">
     <span class='ocr_line' id='line_1_2' title="bbox 604 769 2420 861; baseline 0.003 -29"><span class='ocrx_word' id='word_1_3' title='bbox 604 769 693 851; x_wconf 89' lang='lat' dir='ltr'>tiati,</span> <span class='ocrx_word' id='word_1_4' title='bbox 719 791 781 854; x_wconf 91' lang='lat' dir='ltr'>que</span> <span class='ocrx_word' id='word_1_5' title='bbox 805 770 942 834; x_wconf 91' lang='lat' dir='ltr'>Lecture</span> <span class='ocrx_word' id='word_1_6' title='bbox 966 777 1194 856; x_wconf 66' lang='lat' dir='ltr'>nuncupantur</span> <span class='ocrx_word' id='word_1_7' title='bbox 1217 770 1354 834; x_wconf 90' lang='lat' dir='ltr'>Lecture</span> <span class='ocrx_word' id='word_1_8' title='bbox 1379 769 1499 834; x_wconf 89' lang='lat' dir='ltr'>domini</span> <span class='ocrx_word' id='word_1_9' title='bbox 1524 770 1722 836; x_wconf 84' lang='lat' dir='ltr'>Oddoffredi.</span> <span class='ocrx_word' id='word_1_10' title='bbox 1747 771 1788 835; x_wconf 84' lang='lat' dir='ltr'>Et</span> <span class='ocrx_word' id='word_1_11' title='bbox 1813 771 1871 836; x_wconf 91' lang='lat' dir='ltr'>hoc</span> <span class='ocrx_word' id='word_1_12' title='bbox 1896 773 1923 835; x_wconf 92' lang='lat' dir='ltr'>si</span> <span class='ocrx_word' id='word_1_13' title='bbox 1947 772 2015 859; x_wconf 89' lang='lat' dir='ltr'>ipae</span> <span class='ocrx_word' id='word_1_14' title='bbox 2039 772 2162 836; x_wconf 89' lang='lat' dir='ltr'>Paulus</span> <span class='ocrx_word' id='word_1_15' title='bbox 2187 773 2324 837; x_wconf 90' lang='lat' dir='ltr'>voluerit</span> <span class='ocrx_word' id='word_1_16' title='bbox 2348 797 2420 861; x_wconf 94' lang='lat' dir='ltr'>pro·</span> 
     </span>
     <span class='ocr_line' id='line_1_3' title="bbox 605 877 2419 966; baseline 0.004 -28"><span class='ocrx_word' id='word_1_17' title='bbox 605 877 672 941; x_wconf 89' lang='lat' dir='ltr'>tisci</span> <span class='ocrx_word' id='word_1_18' title='bbox 697 877 728 940; x_wconf 90' lang='lat' dir='ltr'>in</span> <span class='ocrx_word' id='word_1_19' title='bbox 751 879 824 960; x_wconf 87' lang='lat' dir='ltr'>jure</span> <span class='ocrx_word' id='word_1_20' title='bbox 849 877 944 941; x_wconf 84' lang='lat' dir='ltr'>civili.</span> <span class='ocrx_word' id='word_1_21' title='bbox 971 877 1027 941; x_wconf 88' lang='lat' dir='ltr'>Set</span> <span class='ocrx_word' id='word_1_22' title='bbox 1051 877 1078 940; x_wconf 92' lang='lat' dir='ltr'>si</span> <span class='ocrx_word' id='word_1_23' title='bbox 1102 878 1170 964; x_wconf 91' lang='lat' dir='ltr'>ipse</span> <span class='ocrx_word' id='word_1_24' title='bbox 1194 877 1316 942; x_wconf 88' lang='lat' dir='ltr'>Paulus</span> <span class='ocrx_word' id='word_1_25' title='bbox 1348 879 1485 942; x_wconf 85' lang='lat' dir='ltr'>uoluerit</span> <span class='ocrx_word' id='word_1_26' title='bbox 1517 879 1646 964; x_wconf 87' lang='lat' dir='ltr'>profisei</span> <span class='ocrx_word' id='word_1_27' title='bbox 1669 879 1701 942; x_wconf 91' lang='lat' dir='ltr'>in</span> <span class='ocrx_word' id='word_1_28' title='bbox 1723 880 1796 962; x_wconf 89' lang='lat' dir='ltr'>jure</span> <span class='ocrx_word' id='word_1_29' title='bbox 1821 879 1925 962; x_wconf 90' lang='lat' dir='ltr'>civili,</span> <span class='ocrx_word' id='word_1_30' title='bbox 1951 887 1982 943; x_wconf 89' lang='lat' dir='ltr'>et</span> <span class='ocrx_word' id='word_1_31' title='bbox 2013 880 2110 943; x_wconf 88' lang='lat' dir='ltr'>aliam</span> <span class='ocrx_word' id='word_1_32' title='bbox 2142 881 2241 944; x_wconf 85' lang='lat' dir='ltr'>vitam</span> <span class='ocrx_word' id='word_1_33' title='bbox 2269 881 2419 966; x_wconf 89' lang='lat' dir='ltr'>elegerit,</span> 
     </span>
     <span class='ocr_line' id='line_1_4' title="bbox 604 985 2421 1072; baseline 0.002 -24"><span class='ocrx_word' id='word_1_34' title='bbox 604 990 680 1048; x_wconf 91' lang='lat' dir='ltr'>tune</span> <span class='ocrx_word' id='word_1_35' title='bbox 705 991 737 1048; x_wconf 94' lang='lat' dir='ltr'>et</span> <span class='ocrx_word' id='word_1_36' title='bbox 761 1005 799 1048; x_wconf 88' lang='lat' dir='ltr'>eo</span> <span class='ocrx_word' id='word_1_37' title='bbox 825 1007 900 1048; x_wconf 88' lang='lat' dir='ltr'>casu</span> <span class='ocrx_word' id='word_1_38' title='bbox 924 985 1030 1070; x_wconf 85' lang='lat' dir='ltr'>privat</span> <span class='ocrx_word' id='word_1_39' title='bbox 1054 1006 1127 1048; x_wconf 93' lang='lat' dir='ltr'>eum</span> <span class='ocrx_word' id='word_1_40' title='bbox 1152 985 1237 1048; x_wconf 93' lang='lat' dir='ltr'>dieto</span> <span class='ocrx_word' id='word_1_41' title='bbox 1261 985 1369 1070; x_wconf 89' lang='lat' dir='ltr'>legato</span> <span class='ocrx_word' id='word_1_42' title='bbox 1393 985 1558 1068; x_wconf 92' lang='lat' dir='ltr'>librorum,</span> <span class='ocrx_word' id='word_1_43' title='bbox 1576 994 1608 1050; x_wconf 88' lang='lat' dir='ltr'>et</span> <span class='ocrx_word' id='word_1_44' title='bbox 1631 986 1733 1050; x_wconf 84' lang='lat' dir='ltr'>voluit</span> <span class='ocrx_word' id='word_1_45' title='bbox 1757 985 1858 1050; x_wconf 89' lang='lat' dir='ltr'>dictos</span> <span class='ocrx_word' id='word_1_46' title='bbox 1874 986 1973 1050; x_wconf 89' lang='lat' dir='ltr'>libros</span> <span class='ocrx_word' id='word_1_47' title='bbox 1990 1009 2156 1050; x_wconf 90' lang='lat' dir='ltr'>remanere</span> <span class='ocrx_word' id='word_1_48' title='bbox 2173 1009 2271 1072; x_wconf 89' lang='lat' dir='ltr'>penes</span> <span class='ocrx_word' id='word_1_49' title='bbox 2287 989 2421 1053; x_wconf 89' lang='lat' dir='ltr'>heredes</span> 
     </span>
     <span class='ocr_line' id='line_1_5' title="bbox 604 1090 2421 1180; baseline 0.003 -26"><span class='ocrx_word' id='word_1_50' title='bbox 604 1113 688 1155; x_wconf 88' lang='lat' dir='ltr'>suos.</span> <span class='ocrx_word' id='word_1_51' title='bbox 713 1091 754 1154; x_wconf 84' lang='lat' dir='ltr'>Et</span> <span class='ocrx_word' id='word_1_52' title='bbox 778 1092 914 1176; x_wconf 81' lang='lat' dir='ltr'>precipit</span> <span class='ocrx_word' id='word_1_53' title='bbox 937 1100 968 1156; x_wconf 89' lang='lat' dir='ltr'>et</span> <span class='ocrx_word' id='word_1_54' title='bbox 993 1090 1158 1154; x_wconf 83' lang='lat' dir='ltr'>mandavit</span> <span class='ocrx_word' id='word_1_55' title='bbox 1182 1092 1341 1178; x_wconf 87' lang='lat' dir='ltr'>predictos</span> <span class='ocrx_word' id='word_1_56' title='bbox 1366 1093 1466 1156; x_wconf 92' lang='lat' dir='ltr'>libros</span> <span class='ocrx_word' id='word_1_57' title='bbox 1491 1113 1553 1156; x_wconf 90' lang='lat' dir='ltr'>uon</span> <span class='ocrx_word' id='word_1_58' title='bbox 1579 1093 1724 1174; x_wconf 89' lang='lat' dir='ltr'>alienari,</span> <span class='ocrx_word' id='word_1_59' title='bbox 1742 1093 1818 1177; x_wconf 92' lang='lat' dir='ltr'>quia</span> <span class='ocrx_word' id='word_1_60' title='bbox 1842 1115 1896 1156; x_wconf 90' lang='lat' dir='ltr'>eos</span> <span class='ocrx_word' id='word_1_61' title='bbox 1921 1093 2022 1158; x_wconf 86' lang='lat' dir='ltr'>voluit</span> <span class='ocrx_word' id='word_1_62' title='bbox 2045 1115 2233 1180; x_wconf 86' lang='lat' dir='ltr'>permanere</span> <span class='ocrx_word' id='word_1_63' title='bbox 2251 1095 2282 1158; x_wconf 91' lang='lat' dir='ltr'>in</span> <span class='ocrx_word' id='word_1_64' title='bbox 2299 1095 2421 1160; x_wconf 80' lang='lat' dir='ltr'>familia</span> 
     </span>
     <span class='ocr_line' id='line_1_6' title="bbox 605 1197 2421 1284; baseline 0.004 -24"><span class='ocrx_word' id='word_1_65' title='bbox 605 1219 673 1261; x_wconf 90' lang='lat' dir='ltr'>sua.</span> <span class='ocrx_word' id='word_1_66' title='bbox 700 1198 756 1262; x_wconf 87' lang='lat' dir='ltr'>Set</span> <span class='ocrx_word' id='word_1_67' title='bbox 778 1199 806 1260; x_wconf 93' lang='lat' dir='ltr'>si</span> <span class='ocrx_word' id='word_1_68' title='bbox 830 1199 946 1283; x_wconf 90' lang='lat' dir='ltr'>aliquis</span> <span class='ocrx_word' id='word_1_69' title='bbox 970 1198 1144 1262; x_wconf 90' lang='lat' dir='ltr'>liberorum</span> <span class='ocrx_word' id='word_1_70' title='bbox 1170 1197 1270 1283; x_wconf 87' lang='lat' dir='ltr'>ipsius</span> <span class='ocrx_word' id='word_1_71' title='bbox 1294 1200 1457 1263; x_wconf 90' lang='lat' dir='ltr'>testatoris</span> <span class='ocrx_word' id='word_1_72' title='bbox 1491 1199 1712 1284; x_wconf 87' lang='lat' dir='ltr'>proficiscatur</span> <span class='ocrx_word' id='word_1_73' title='bbox 1735 1199 1767 1263; x_wconf 92' lang='lat' dir='ltr'>in</span> <span class='ocrx_word' id='word_1_74' title='bbox 1790 1201 1863 1284; x_wconf 91' lang='lat' dir='ltr'>jure</span> <span class='ocrx_word' id='word_1_75' title='bbox 1888 1201 1992 1284; x_wconf 87' lang='lat' dir='ltr'>civili,</span> <span class='ocrx_word' id='word_1_76' title='bbox 2017 1201 2070 1266; x_wconf 94' lang='lat' dir='ltr'>ille</span> <span class='ocrx_word' id='word_1_77' title='bbox 2098 1201 2274 1265; x_wconf 83' lang='lat' dir='ltr'>liberorum</span> <span class='ocrx_word' id='word_1_78' title='bbox 2303 1203 2421 1267; x_wconf 87' lang='lat' dir='ltr'>habeat</span> 
     </span>
     <span class='ocr_line' id='line_1_7' title="bbox 604 1305 1849 1392; baseline 0.002 -23"><span class='ocrx_word' id='word_1_79' title='bbox 604 1305 713 1387; x_wconf 88' lang='lat' dir='ltr'>libros,</span> <span class='ocrx_word' id='word_1_80' title='bbox 739 1307 794 1392; x_wconf 92' lang='lat' dir='ltr'>qui</span> <span class='ocrx_word' id='word_1_81' title='bbox 818 1307 920 1392; x_wconf 90' lang='lat' dir='ltr'>primo</span> <span class='ocrx_word' id='word_1_82' title='bbox 944 1308 1126 1392; x_wconf 89' lang='lat' dir='ltr'>pervenerit</span> <span class='ocrx_word' id='word_1_83' title='bbox 1151 1307 1193 1370; x_wconf 90' lang='lat' dir='ltr'>ad</span> <span class='ocrx_word' id='word_1_84' title='bbox 1216 1307 1400 1370; x_wconf 88' lang='lat' dir='ltr'>doctoratus</span> <span class='ocrx_word' id='word_1_85' title='bbox 1424 1308 1576 1371; x_wconf 91' lang='lat' dir='ltr'>honorem</span> <span class='ocrx_word' id='word_1_86' title='bbox 1601 1307 1634 1381; x_wconf 91' lang='lat' dir='ltr'>in</span> <span class='ocrx_word' id='word_1_87' title='bbox 1655 1308 1728 1391; x_wconf 90' lang='lat' dir='ltr'>jure</span> <span class='ocrx_word' id='word_1_88' title='bbox 1752 1307 1849 1371; x_wconf 83' lang='lat' dir='ltr'>cirili.</span> 
     </span>
    </p>

    <p class='ocr_par' dir='ltr' id='par_1_3' title="bbox 603 1412 2423 3536">
     <span class='ocr_line' id='line_1_8' title="bbox 694 1412 2422 1499; baseline 0.003 -23"><span class='ocrx_word' id='word_1_89' title='bbox 694 1413 777 1476; x_wconf 83' lang='lat' dir='ltr'><strong>Item</strong></span> <span class='ocrx_word' id='word_1_90' title='bbox 802 1413 937 1499; x_wconf 89' lang='lat' dir='ltr'>precipit</span> <span class='ocrx_word' id='word_1_91' title='bbox 961 1421 992 1476; x_wconf 92' lang='lat' dir='ltr'>et</span> <span class='ocrx_word' id='word_1_92' title='bbox 1016 1413 1148 1476; x_wconf 89' lang='lat' dir='ltr'>mandat</span> <span class='ocrx_word' id='word_1_93' title='bbox 1171 1412 1274 1478; x_wconf 90' lang='lat' dir='ltr'>dietus</span> <span class='ocrx_word' id='word_1_94' title='bbox 1299 1412 1446 1476; x_wconf 90' lang='lat' dir='ltr'>domiuus</span> <span class='ocrx_word' id='word_1_95' title='bbox 1471 1413 1636 1496; x_wconf 78' lang='lat' dir='ltr'>Albertus,</span> <span class='ocrx_word' id='word_1_96' title='bbox 1653 1413 1739 1498; x_wconf 92' lang='lat' dir='ltr'>quod</span> <span class='ocrx_word' id='word_1_97' title='bbox 1755 1415 1878 1495; x_wconf 88' lang='lat' dir='ltr'>domus,</span> <span class='ocrx_word' id='word_1_98' title='bbox 1896 1435 1976 1499; x_wconf 89' lang='lat' dir='ltr'>quas</span> <span class='ocrx_word' id='word_1_99' title='bbox 1998 1415 2095 1480; x_wconf 90' lang='lat' dir='ltr'>habet</span> <span class='ocrx_word' id='word_1_100' title='bbox 2116 1417 2219 1480; x_wconf 78' lang='lat' dir='ltr'>dietus</span> <span class='ocrx_word' id='word_1_101' title='bbox 2239 1423 2373 1482; x_wconf 88' lang='lat' dir='ltr'>testator</span> <span class='ocrx_word' id='word_1_102' title='bbox 2390 1418 2422 1482; x_wconf 91' lang='lat' dir='ltr'>in</span> 
     </span>
     <span class='ocr_line' id='line_1_9' title="bbox 605 1519 2421 1604; baseline 0.004 -23"><span class='ocrx_word' id='word_1_103' title='bbox 605 1519 692 1582; x_wconf 91' lang='lat' dir='ltr'>curia</span> <span class='ocrx_word' id='word_1_104' title='bbox 718 1519 820 1583; x_wconf 86' lang='lat' dir='ltr'>sancti</span> <span class='ocrx_word' id='word_1_105' title='bbox 845 1519 1008 1583; x_wconf 83' lang='lat' dir='ltr'>Ambrosii</span> <span class='ocrx_word' id='word_1_106' title='bbox 1032 1525 1064 1583; x_wconf 89' lang='lat' dir='ltr'>et</span> <span class='ocrx_word' id='word_1_107' title='bbox 1089 1520 1120 1582; x_wconf 93' lang='lat' dir='ltr'>in</span> <span class='ocrx_word' id='word_1_108' title='bbox 1145 1519 1253 1604; x_wconf 89' lang='lat' dir='ltr'>platea</span> <span class='ocrx_word' id='word_1_109' title='bbox 1277 1520 1403 1604; x_wconf 86' lang='lat' dir='ltr'>majori,</span> <span class='ocrx_word' id='word_1_110' title='bbox 1419 1527 1453 1583; x_wconf 91' lang='lat' dir='ltr'>et</span> <span class='ocrx_word' id='word_1_111' title='bbox 1476 1519 1589 1584; x_wconf 90' lang='lat' dir='ltr'>domus</span> <span class='ocrx_word' id='word_1_112' title='bbox 1610 1533 1672 1604; x_wconf 88' lang='lat' dir='ltr'>que</span> <span class='ocrx_word' id='word_1_113' title='bbox 1696 1519 1826 1584; x_wconf 86' lang='lat' dir='ltr'>fuerunt</span> <span class='ocrx_word' id='word_1_114' title='bbox 1855 1521 1996 1586; x_wconf 77' lang='lat' dir='ltr'>(luidoni</span> <span class='ocrx_word' id='word_1_115' title='bbox 2020 1522 2252 1586; x_wconf 89' lang='lat' dir='ltr'>Zenzarasonis</span> <span class='ocrx_word' id='word_1_116' title='bbox 2275 1532 2307 1587; x_wconf 90' lang='lat' dir='ltr'>et</span> <span class='ocrx_word' id='word_1_117' title='bbox 2330 1524 2421 1588; x_wconf 91' lang='lat' dir='ltr'>here·</span> 
     </span>
     <span class='ocr_line' id='line_1_10' title="bbox 605 1625 2422 1715; baseline 0.004 -27"><span class='ocrx_word' id='word_1_118' title='bbox 605 1625 681 1689; x_wconf 90' lang='lat' dir='ltr'>dum</span> <span class='ocrx_word' id='word_1_119' title='bbox 705 1627 782 1690; x_wconf 92' lang='lat' dir='ltr'>dieti</span> <span class='ocrx_word' id='word_1_120' title='bbox 806 1627 973 1710; x_wconf 74' lang='lat' dir='ltr'>(luidonis,</span> <span class='ocrx_word' id='word_1_121' title='bbox 999 1634 1029 1691; x_wconf 91' lang='lat' dir='ltr'>et</span> <span class='ocrx_word' id='word_1_122' title='bbox 1054 1649 1138 1690; x_wconf 75' lang='lat' dir='ltr'>nurse</span> <span class='ocrx_word' id='word_1_123' title='bbox 1163 1635 1236 1690; x_wconf 90' lang='lat' dir='ltr'>sunt</span> <span class='ocrx_word' id='word_1_124' title='bbox 1261 1628 1360 1714; x_wconf 90' lang='lat' dir='ltr'>ipsius</span> <span class='ocrx_word' id='word_1_125' title='bbox 1384 1627 1503 1691; x_wconf 90' lang='lat' dir='ltr'>domini</span> <span class='ocrx_word' id='word_1_126' title='bbox 1531 1625 1666 1709; x_wconf 77' lang='lat' dir='ltr'>hiberti,</span> <span class='ocrx_word' id='word_1_127' title='bbox 1684 1633 1715 1691; x_wconf 90' lang='lat' dir='ltr'>et</span> <span class='ocrx_word' id='word_1_128' title='bbox 1740 1627 1852 1692; x_wconf 90' lang='lat' dir='ltr'>domus</span> <span class='ocrx_word' id='word_1_129' title='bbox 1881 1650 1961 1713; x_wconf 90' lang='lat' dir='ltr'>quas</span> <span class='ocrx_word' id='word_1_130' title='bbox 1986 1629 2082 1693; x_wconf 88' lang='lat' dir='ltr'>habet</span> <span class='ocrx_word' id='word_1_131' title='bbox 2107 1629 2174 1715; x_wconf 90' lang='lat' dir='ltr'>ipse</span> <span class='ocrx_word' id='word_1_132' title='bbox 2198 1629 2345 1696; x_wconf 88' lang='lat' dir='ltr'>dominus</span> <span class='ocrx_word' id='word_1_133' title='bbox 2366 1633 2422 1696; x_wconf 86' lang='lat' dir='ltr'>Al·</span> 
     </span>
     <span class='ocr_line' id='line_1_11' title="bbox 605 1732 2421 1817; baseline 0.004 -22"><span class='ocrx_word' id='word_1_134' title='bbox 605 1732 715 1796; x_wconf 91' lang='lat' dir='ltr'>bertus</span> <span class='ocrx_word' id='word_1_135' title='bbox 736 1735 831 1816; x_wconf 84' lang='lat' dir='ltr'>juxta</span> <span class='ocrx_word' id='word_1_136' title='bbox 856 1733 977 1796; x_wconf 90' lang='lat' dir='ltr'>curiam</span> <span class='ocrx_word' id='word_1_137' title='bbox 1002 1733 1187 1797; x_wconf 86' lang='lat' dir='ltr'>Communis</span> <span class='ocrx_word' id='word_1_138' title='bbox 1211 1733 1356 1798; x_wconf 92' lang='lat' dir='ltr'>Bononie</span> <span class='ocrx_word' id='word_1_139' title='bbox 1380 1753 1399 1796; x_wconf 88' lang='lat' dir='ltr'>a</span> <span class='ocrx_word' id='word_1_140' title='bbox 1423 1733 1524 1797; x_wconf 88' lang='lat' dir='ltr'>latere</span> <span class='ocrx_word' id='word_1_141' title='bbox 1548 1755 1619 1796; x_wconf 94' lang='lat' dir='ltr'>sero</span> <span class='ocrx_word' id='word_1_142' title='bbox 1645 1733 1742 1814; x_wconf 88' lang='lat' dir='ltr'>curie,</span> <span class='ocrx_word' id='word_1_143' title='bbox 1767 1741 1798 1796; x_wconf 91' lang='lat' dir='ltr'>et</span> <span class='ocrx_word' id='word_1_144' title='bbox 1823 1741 1897 1797; x_wconf 91' lang='lat' dir='ltr'>sunt</span> <span class='ocrx_word' id='word_1_145' title='bbox 1921 1734 1966 1798; x_wconf 91' lang='lat' dir='ltr'>ibi</span> <span class='ocrx_word' id='word_1_146' title='bbox 1989 1735 2150 1817; x_wconf 87' lang='lat' dir='ltr'>becharie,</span> <span class='ocrx_word' id='word_1_147' title='bbox 2167 1742 2198 1800; x_wconf 87' lang='lat' dir='ltr'>et</span> <span class='ocrx_word' id='word_1_148' title='bbox 2223 1736 2285 1800; x_wconf 87' lang='lat' dir='ltr'>alie</span> <span class='ocrx_word' id='word_1_149' title='bbox 2309 1737 2421 1802; x_wconf 91' lang='lat' dir='ltr'>domus</span> 
     </span>
     <span class='ocr_line' id='line_1_12' title="bbox 605 1840 2422 1929; baseline 0.003 -27"><span class='ocrx_word' id='word_1_150' title='bbox 605 1859 666 1924; x_wconf 92' lang='lat' dir='ltr'>que</span> <span class='ocrx_word' id='word_1_151' title='bbox 690 1848 764 1904; x_wconf 89' lang='lat' dir='ltr'>aunt</span> <span class='ocrx_word' id='word_1_152' title='bbox 784 1842 879 1924; x_wconf 81' lang='lat' dir='ltr'>juxta</span> <span class='ocrx_word' id='word_1_153' title='bbox 904 1841 1072 1904; x_wconf 82' lang='lat' dir='ltr'>becharios</span> <span class='ocrx_word' id='word_1_154' title='bbox 1096 1861 1138 1903; x_wconf 81' lang='lat' dir='ltr'>ex</span> <span class='ocrx_word' id='word_1_155' title='bbox 1162 1847 1253 1926; x_wconf 89' lang='lat' dir='ltr'>parte</span> <span class='ocrx_word' id='word_1_156' title='bbox 1278 1840 1438 1922; x_wconf 88' lang='lat' dir='ltr'>inferiori,</span> <span class='ocrx_word' id='word_1_157' title='bbox 1463 1861 1524 1925; x_wconf 90' lang='lat' dir='ltr'>que</span> <span class='ocrx_word' id='word_1_158' title='bbox 1548 1847 1623 1904; x_wconf 89' lang='lat' dir='ltr'>sunt</span> <span class='ocrx_word' id='word_1_159' title='bbox 1648 1840 1747 1927; x_wconf 91' lang='lat' dir='ltr'>ipsius</span> <span class='ocrx_word' id='word_1_160' title='bbox 1772 1840 1892 1904; x_wconf 89' lang='lat' dir='ltr'>domiui</span> <span class='ocrx_word' id='word_1_161' title='bbox 1919 1841 2065 1923; x_wconf 79' lang='lat' dir='ltr'>Alberti,</span> <span class='ocrx_word' id='word_1_162' title='bbox 2089 1851 2121 1906; x_wconf 86' lang='lat' dir='ltr'>at</span> <span class='ocrx_word' id='word_1_163' title='bbox 2145 1849 2245 1906; x_wconf 88' lang='lat' dir='ltr'>toturn</span> <span class='ocrx_word' id='word_1_164' title='bbox 2270 1843 2422 1929; x_wconf 76' lang='lat' dir='ltr'>poderem</span> 
     </span>
     <span class='ocr_line' id='line_1_13' title="bbox 605 1947 2422 2039; baseline 0.004 -31"><span class='ocrx_word' id='word_1_165' title='bbox 605 1967 698 2010; x_wconf 89' lang='lat' dir='ltr'>sumn</span> <span class='ocrx_word' id='word_1_166' title='bbox 722 1947 761 2010; x_wconf 94' lang='lat' dir='ltr'>de</span> <span class='ocrx_word' id='word_1_167' title='bbox 786 1949 978 2030; x_wconf 72' lang='lat' dir='ltr'>Casteuaxe,</span> <span class='ocrx_word' id='word_1_168' title='bbox 1004 1948 1124 2011; x_wconf 90' lang='lat' dir='ltr'>seilicet</span> <span class='ocrx_word' id='word_1_169' title='bbox 1148 1956 1269 2012; x_wconf 93' lang='lat' dir='ltr'>motam</span> <span class='ocrx_word' id='word_1_170' title='bbox 1293 1957 1324 2011; x_wconf 91' lang='lat' dir='ltr'>et</span> <span class='ocrx_word' id='word_1_171' title='bbox 1348 1948 1462 2011; x_wconf 91' lang='lat' dir='ltr'>turrim</span> <span class='ocrx_word' id='word_1_172' title='bbox 1490 1956 1522 2011; x_wconf 91' lang='lat' dir='ltr'>et</span> <span class='ocrx_word' id='word_1_173' title='bbox 1546 1947 1608 2012; x_wconf 89' lang='lat' dir='ltr'>alie</span> <span class='ocrx_word' id='word_1_174' title='bbox 1632 1947 1755 2030; x_wconf 91' lang='lat' dir='ltr'>domus,</span> <span class='ocrx_word' id='word_1_175' title='bbox 1781 1954 1813 2012; x_wconf 91' lang='lat' dir='ltr'>et</span> <span class='ocrx_word' id='word_1_176' title='bbox 1841 1969 1951 2012; x_wconf 92' lang='lat' dir='ltr'>omnes</span> <span class='ocrx_word' id='word_1_177' title='bbox 1974 1949 2067 2012; x_wconf 88' lang='lat' dir='ltr'>vinee</span> <span class='ocrx_word' id='word_1_178' title='bbox 2092 1971 2158 2032; x_wconf 77' lang='lat' dir='ltr'>sue,</span> <span class='ocrx_word' id='word_1_179' title='bbox 2180 1956 2211 2014; x_wconf 90' lang='lat' dir='ltr'>et</span> <span class='ocrx_word' id='word_1_180' title='bbox 2235 1952 2342 2014; x_wconf 89' lang='lat' dir='ltr'>omnia</span> <span class='ocrx_word' id='word_1_181' title='bbox 2365 1973 2422 2039; x_wconf 92' lang='lat' dir='ltr'>pu·</span> 
     </span>
     <span class='ocr_line' id='line_1_14' title="bbox 604 2053 2421 2140; baseline 0.003 -22"><span class='ocrx_word' id='word_1_182' title='bbox 604 2055 696 2118; x_wconf 89' lang='lat' dir='ltr'>sticia</span> <span class='ocrx_word' id='word_1_183' title='bbox 721 2055 898 2136; x_wconf 84' lang='lat' dir='ltr'>vinearum,</span> <span class='ocrx_word' id='word_1_184' title='bbox 922 2062 953 2118; x_wconf 89' lang='lat' dir='ltr'>et</span> <span class='ocrx_word' id='word_1_185' title='bbox 977 2055 1075 2118; x_wconf 90' lang='lat' dir='ltr'>etiam</span> <span class='ocrx_word' id='word_1_186' title='bbox 1100 2075 1192 2118; x_wconf 86' lang='lat' dir='ltr'>omne</span> <span class='ocrx_word' id='word_1_187' title='bbox 1217 2055 1249 2117; x_wconf 95' lang='lat' dir='ltr'>id</span> <span class='ocrx_word' id='word_1_188' title='bbox 1273 2053 1358 2140; x_wconf 92' lang='lat' dir='ltr'>quod</span> <span class='ocrx_word' id='word_1_189' title='bbox 1382 2054 1480 2118; x_wconf 91' lang='lat' dir='ltr'>babet</span> <span class='ocrx_word' id='word_1_190' title='bbox 1504 2055 1536 2118; x_wconf 91' lang='lat' dir='ltr'>in</span> <span class='ocrx_word' id='word_1_191' title='bbox 1561 2056 1650 2118; x_wconf 89' lang='lat' dir='ltr'>curia</span> <span class='ocrx_word' id='word_1_192' title='bbox 1675 2055 1891 2136; x_wconf 70' lang='lat' dir='ltr'>(theotmaro,</span> <span class='ocrx_word' id='word_1_193' title='bbox 1916 2055 1983 2118; x_wconf 90' lang='lat' dir='ltr'>sive</span> <span class='ocrx_word' id='word_1_194' title='bbox 2011 2056 2052 2120; x_wconf 88' lang='lat' dir='ltr'>sit</span> <span class='ocrx_word' id='word_1_195' title='bbox 2076 2064 2162 2120; x_wconf 88' lang='lat' dir='ltr'>terra</span> <span class='ocrx_word' id='word_1_196' title='bbox 2186 2059 2337 2140; x_wconf 86' lang='lat' dir='ltr'>aratoria,</span> <span class='ocrx_word' id='word_1_197' title='bbox 2354 2061 2421 2124; x_wconf 82' lang='lat' dir='ltr'>siro</span> 
     </span>
     <span class='ocr_line' id='line_1_15' title="bbox 605 2161 2422 2248; baseline 0.003 -24"><span class='ocrx_word' id='word_1_198' title='bbox 605 2163 751 2248; x_wconf 81' lang='lat' dir='ltr'>pratira,</span> <span class='ocrx_word' id='word_1_199' title='bbox 776 2170 807 2226; x_wconf 94' lang='lat' dir='ltr'>et</span> <span class='ocrx_word' id='word_1_200' title='bbox 832 2163 1005 2248; x_wconf 79' lang='lat' dir='ltr'>pallacium</span> <span class='ocrx_word' id='word_1_201' title='bbox 1038 2184 1110 2225; x_wconf 89' lang='lat' dir='ltr'>cum</span> <span class='ocrx_word' id='word_1_202' title='bbox 1139 2161 1286 2225; x_wconf 88' lang='lat' dir='ltr'>omnibus</span> <span class='ocrx_word' id='word_1_203' title='bbox 1309 2161 1457 2226; x_wconf 92' lang='lat' dir='ltr'>domibus</span> <span class='ocrx_word' id='word_1_204' title='bbox 1489 2183 1569 2246; x_wconf 89' lang='lat' dir='ltr'>quas</span> <span class='ocrx_word' id='word_1_205' title='bbox 1593 2161 1690 2226; x_wconf 90' lang='lat' dir='ltr'>habet</span> <span class='ocrx_word' id='word_1_206' title='bbox 1713 2162 1746 2225; x_wconf 93' lang='lat' dir='ltr'>in</span> <span class='ocrx_word' id='word_1_207' title='bbox 1771 2162 1860 2226; x_wconf 90' lang='lat' dir='ltr'>curia</span> <span class='ocrx_word' id='word_1_208' title='bbox 1883 2161 2089 2247; x_wconf 77' lang='lat' dir='ltr'>l&#39;aregnane,</span> <span class='ocrx_word' id='word_1_209' title='bbox 2114 2164 2181 2228; x_wconf 89' lang='lat' dir='ltr'>sive</span> <span class='ocrx_word' id='word_1_210' title='bbox 2206 2164 2237 2228; x_wconf 83' lang='lat' dir='ltr'>in</span> <span class='ocrx_word' id='word_1_211' title='bbox 2266 2165 2335 2231; x_wconf 93' lang='lat' dir='ltr'>loeo</span> <span class='ocrx_word' id='word_1_212' title='bbox 2366 2167 2422 2230; x_wconf 93' lang='lat' dir='ltr'>ubi</span> 
     </span>
     <span class='ocr_line' id='line_1_16' title="bbox 604 2269 2421 2360; baseline 0.003 -28"><span class='ocrx_word' id='word_1_213' title='bbox 604 2269 721 2334; x_wconf 90' lang='lat' dir='ltr'>dicitur</span> <span class='ocrx_word' id='word_1_214' title='bbox 744 2270 833 2334; x_wconf 75' lang='lat' dir='ltr'>l&#39;illa</span> <span class='ocrx_word' id='word_1_215' title='bbox 858 2270 1017 2352; x_wconf 88' lang='lat' dir='ltr'>Francha,</span> <span class='ocrx_word' id='word_1_216' title='bbox 1042 2271 1109 2333; x_wconf 85' lang='lat' dir='ltr'>sive</span> <span class='ocrx_word' id='word_1_217' title='bbox 1134 2269 1397 2352; x_wconf 83' lang='lat' dir='ltr'>Blanehafarina‚</span> <span class='ocrx_word' id='word_1_218' title='bbox 1423 2271 1490 2333; x_wconf 89' lang='lat' dir='ltr'>sive</span> <span class='ocrx_word' id='word_1_219' title='bbox 1514 2270 1736 2352; x_wconf 83' lang='lat' dir='ltr'>Bellovidero,</span> <span class='ocrx_word' id='word_1_220' title='bbox 1761 2291 1833 2334; x_wconf 92' lang='lat' dir='ltr'>cum</span> <span class='ocrx_word' id='word_1_221' title='bbox 1857 2277 1924 2335; x_wconf 91' lang='lat' dir='ltr'>toto</span> <span class='ocrx_word' id='word_1_222' title='bbox 1949 2277 2076 2336; x_wconf 87' lang='lat' dir='ltr'>terreno</span> <span class='ocrx_word' id='word_1_223' title='bbox 2100 2279 2131 2336; x_wconf 91' lang='lat' dir='ltr'>et</span> <span class='ocrx_word' id='word_1_224' title='bbox 2156 2271 2334 2357; x_wconf 87' lang='lat' dir='ltr'>territorio,</span> <span class='ocrx_word' id='word_1_225' title='bbox 2359 2297 2421 2360; x_wconf 93' lang='lat' dir='ltr'>quo</span> 
     </span>
     <span class='ocr_line' id='line_1_17' title="bbox 604 2377 2421 2468; baseline 0.003 -28"><span class='ocrx_word' id='word_1_226' title='bbox 604 2379 770 2442; x_wconf 84' lang='lat' dir='ltr'>consuevit</span> <span class='ocrx_word' id='word_1_227' title='bbox 795 2379 857 2441; x_wconf 90' lang='lat' dir='ltr'>dici</span> <span class='ocrx_word' id='word_1_228' title='bbox 881 2378 1000 2441; x_wconf 90' lang='lat' dir='ltr'>Lectus</span> <span class='ocrx_word' id='word_1_229' title='bbox 1024 2377 1063 2440; x_wconf 89' lang='lat' dir='ltr'>de</span> <span class='ocrx_word' id='word_1_230' title='bbox 1088 2377 1264 2458; x_wconf 87' lang='lat' dir='ltr'>Quaterna,</span> <span class='ocrx_word' id='word_1_231' title='bbox 1282 2384 1313 2440; x_wconf 91' lang='lat' dir='ltr'>et</span> <span class='ocrx_word' id='word_1_232' title='bbox 1338 2399 1410 2441; x_wconf 91' lang='lat' dir='ltr'>cum</span> <span class='ocrx_word' id='word_1_233' title='bbox 1427 2382 1494 2440; x_wconf 91' lang='lat' dir='ltr'>toto</span> <span class='ocrx_word' id='word_1_234' title='bbox 1512 2377 1575 2442; x_wconf 87' lang='lat' dir='ltr'>alio</span> <span class='ocrx_word' id='word_1_235' title='bbox 1593 2386 1720 2441; x_wconf 92' lang='lat' dir='ltr'>terreno</span> <span class='ocrx_word' id='word_1_236' title='bbox 1738 2399 1810 2442; x_wconf 92' lang='lat' dir='ltr'>cum</span> <span class='ocrx_word' id='word_1_237' title='bbox 1827 2377 1999 2460; x_wconf 90' lang='lat' dir='ltr'>territorio,</span> <span class='ocrx_word' id='word_1_238' title='bbox 2016 2379 2101 2464; x_wconf 92' lang='lat' dir='ltr'>quod</span> <span class='ocrx_word' id='word_1_239' title='bbox 2118 2379 2303 2443; x_wconf 83' lang='lat' dir='ltr'>extenditur</span> <span class='ocrx_word' id='word_1_240' title='bbox 2321 2403 2421 2468; x_wconf 89' lang='lat' dir='ltr'>usquc</span> 
     </span>
     <span class='ocr_line' id='line_1_18' title="bbox 605 2484 2421 2570; baseline 0.003 -23"><span class='ocrx_word' id='word_1_241' title='bbox 605 2484 646 2547; x_wconf 92' lang='lat' dir='ltr'>ad</span> <span class='ocrx_word' id='word_1_242' title='bbox 671 2485 774 2548; x_wconf 84' lang='lat' dir='ltr'>rivum</span> <span class='ocrx_word' id='word_1_243' title='bbox 798 2485 947 2566; x_wconf 85' lang='lat' dir='ltr'>Rossolo,</span> <span class='ocrx_word' id='word_1_244' title='bbox 972 2485 1057 2570; x_wconf 89' lang='lat' dir='ltr'>quod</span> <span class='ocrx_word' id='word_1_245' title='bbox 1082 2492 1185 2548; x_wconf 90' lang='lat' dir='ltr'>totum</span> <span class='ocrx_word' id='word_1_246' title='bbox 1208 2492 1372 2548; x_wconf 89' lang='lat' dir='ltr'>terrenum</span> <span class='ocrx_word' id='word_1_247' title='bbox 1396 2492 1444 2548; x_wconf 88' lang='lat' dir='ltr'>est</span> <span class='ocrx_word' id='word_1_248' title='bbox 1468 2485 1500 2547; x_wconf 92' lang='lat' dir='ltr'>in</span> <span class='ocrx_word' id='word_1_249' title='bbox 1526 2485 1614 2549; x_wconf 89' lang='lat' dir='ltr'>curia</span> <span class='ocrx_word' id='word_1_250' title='bbox 1638 2485 1834 2569; x_wconf 79' lang='lat' dir='ltr'>l&#39;areguane</span> <span class='ocrx_word' id='word_1_251' title='bbox 1856 2487 1952 2569; x_wconf 82' lang='lat' dir='ltr'>juxta</span> <span class='ocrx_word' id='word_1_252' title='bbox 1976 2507 2088 2549; x_wconf 89' lang='lat' dir='ltr'>nemus</span> <span class='ocrx_word' id='word_1_253' title='bbox 2111 2486 2297 2550; x_wconf 85' lang='lat' dir='ltr'>Communis</span> <span class='ocrx_word' id='word_1_254' title='bbox 2319 2487 2421 2554; x_wconf 81' lang='lat' dir='ltr'>Vare-</span> 
     </span>
     <span class='ocr_line' id='line_1_19' title="bbox 605 2591 2422 2677; baseline 0.003 -23"><span class='ocrx_word' id='word_1_255' title='bbox 605 2614 730 2677; x_wconf 88' lang='lat' dir='ltr'>guane‚</span> <span class='ocrx_word' id='word_1_256' title='bbox 755 2601 787 2656; x_wconf 92' lang='lat' dir='ltr'>et</span> <span class='ocrx_word' id='word_1_257' title='bbox 808 2595 904 2676; x_wconf 84' lang='lat' dir='ltr'>juxta</span> <span class='ocrx_word' id='word_1_258' title='bbox 929 2593 1035 2656; x_wconf 91' lang='lat' dir='ltr'>locum</span> <span class='ocrx_word' id='word_1_259' title='bbox 1058 2593 1113 2655; x_wconf 93' lang='lat' dir='ltr'>ubi</span> <span class='ocrx_word' id='word_1_260' title='bbox 1138 2592 1254 2655; x_wconf 88' lang='lat' dir='ltr'>dicitur</span> <span class='ocrx_word' id='word_1_261' title='bbox 1277 2591 1437 2674; x_wconf 90' lang='lat' dir='ltr'>Bandita,</span> <span class='ocrx_word' id='word_1_262' title='bbox 1462 2599 1494 2655; x_wconf 89' lang='lat' dir='ltr'>et</span> <span class='ocrx_word' id='word_1_263' title='bbox 1514 2594 1610 2676; x_wconf 80' lang='lat' dir='ltr'>juxta</span> <span class='ocrx_word' id='word_1_264' title='bbox 1635 2597 1799 2655; x_wconf 89' lang='lat' dir='ltr'>terrenum</span> <span class='ocrx_word' id='word_1_265' title='bbox 1822 2593 1877 2655; x_wconf 93' lang='lat' dir='ltr'>ubi</span> <span class='ocrx_word' id='word_1_266' title='bbox 1905 2593 2022 2656; x_wconf 90' lang='lat' dir='ltr'>dicitur</span> <span class='ocrx_word' id='word_1_267' title='bbox 2054 2593 2264 2676; x_wconf 85' lang='lat' dir='ltr'>Sablonaria,</span> <span class='ocrx_word' id='word_1_268' title='bbox 2287 2596 2422 2672; x_wconf 90' lang='lat' dir='ltr'>heredes</span> 
     </span>
     <span class='ocr_line' id='line_1_20' title="bbox 605 2699 2420 2784; baseline 0.002 -22"><span class='ocrx_word' id='word_1_269' title='bbox 605 2699 742 2784; x_wconf 81' lang='lat' dir='ltr'>predicti</span> <span class='ocrx_word' id='word_1_270' title='bbox 765 2699 885 2764; x_wconf 90' lang='lat' dir='ltr'>domini</span> <span class='ocrx_word' id='word_1_271' title='bbox 910 2699 1038 2764; x_wconf 81' lang='lat' dir='ltr'>Alberti</span> <span class='ocrx_word' id='word_1_272' title='bbox 1062 2721 1126 2762; x_wconf 88' lang='lat' dir='ltr'>non</span> <span class='ocrx_word' id='word_1_273' title='bbox 1149 2700 1273 2784; x_wconf 81' lang='lat' dir='ltr'>possint</span> <span class='ocrx_word' id='word_1_274' title='bbox 1296 2699 1446 2780; x_wconf 82' lang='lat' dir='ltr'>rendere,</span> <span class='ocrx_word' id='word_1_275' title='bbox 1471 2699 1614 2763; x_wconf 88' lang='lat' dir='ltr'>alienare</span> <span class='ocrx_word' id='word_1_276' title='bbox 1639 2699 1733 2762; x_wconf 93' lang='lat' dir='ltr'>modo</span> <span class='ocrx_word' id='word_1_277' title='bbox 1758 2700 1866 2784; x_wconf 89' lang='lat' dir='ltr'>aliquo</span> <span class='ocrx_word' id='word_1_278' title='bbox 1891 2700 1942 2762; x_wconf 84' lang='lat' dir='ltr'>vel</span> <span class='ocrx_word' id='word_1_279' title='bbox 1966 2700 2107 2784; x_wconf 89' lang='lat' dir='ltr'>ingenio,</span> <span class='ocrx_word' id='word_1_280' title='bbox 2132 2701 2164 2764; x_wconf 91' lang='lat' dir='ltr'>in</span> <span class='ocrx_word' id='word_1_281' title='bbox 2189 2708 2291 2765; x_wconf 91' lang='lat' dir='ltr'>totum</span> <span class='ocrx_word' id='word_1_282' title='bbox 2314 2703 2366 2766; x_wconf 90' lang='lat' dir='ltr'>vel</span> <span class='ocrx_word' id='word_1_283' title='bbox 2389 2704 2420 2766; x_wconf 90' lang='lat' dir='ltr'>iu</span> 
     </span>
     <span class='ocr_line' id='line_1_21' title="bbox 604 2806 2422 2892; baseline 0.002 -23"><span class='ocrx_word' id='word_1_284' title='bbox 604 2815 714 2892; x_wconf 89' lang='lat' dir='ltr'>parte,</span> <span class='ocrx_word' id='word_1_285' title='bbox 739 2807 771 2869; x_wconf 94' lang='lat' dir='ltr'>in</span> <span class='ocrx_word' id='word_1_286' title='bbox 804 2814 976 2869; x_wconf 81' lang='lat' dir='ltr'>extraneas</span> <span class='ocrx_word' id='word_1_287' title='bbox 1010 2827 1182 2892; x_wconf 89' lang='lat' dir='ltr'>personas,</span> <span class='ocrx_word' id='word_1_288' title='bbox 1207 2806 1278 2869; x_wconf 89' lang='lat' dir='ltr'>ideo</span> <span class='ocrx_word' id='word_1_289' title='bbox 1314 2807 1389 2891; x_wconf 91' lang='lat' dir='ltr'>quia</span> <span class='ocrx_word' id='word_1_290' title='bbox 1425 2806 1528 2870; x_wconf 91' lang='lat' dir='ltr'>dietus</span> <span class='ocrx_word' id='word_1_291' title='bbox 1564 2813 1699 2869; x_wconf 90' lang='lat' dir='ltr'>testator</span> <span class='ocrx_word' id='word_1_292' title='bbox 1730 2807 1831 2870; x_wconf 84' lang='lat' dir='ltr'>voluit</span> <span class='ocrx_word' id='word_1_293' title='bbox 1863 2806 1949 2892; x_wconf 91' lang='lat' dir='ltr'>quod</span> <span class='ocrx_word' id='word_1_294' title='bbox 1983 2806 2067 2870; x_wconf 90' lang='lat' dir='ltr'>dicte</span> <span class='ocrx_word' id='word_1_295' title='bbox 2098 2807 2228 2889; x_wconf 84' lang='lat' dir='ltr'>dantus,</span> <span class='ocrx_word' id='word_1_296' title='bbox 2261 2809 2328 2872; x_wconf 86' lang='lat' dir='ltr'>sive</span> <span class='ocrx_word' id='word_1_297' title='bbox 2359 2810 2422 2873; x_wconf 88' lang='lat' dir='ltr'>siut</span> 
     </span>
     <span class='ocr_line' id='line_1_22' title="bbox 604 2913 2423 3003; baseline 0.002 -25"><span class='ocrx_word' id='word_1_298' title='bbox 604 2915 636 2978; x_wconf 93' lang='lat' dir='ltr'>io</span> <span class='ocrx_word' id='word_1_299' title='bbox 660 2916 789 2979; x_wconf 77' lang='lat' dir='ltr'>civitate</span> <span class='ocrx_word' id='word_1_300' title='bbox 812 2915 879 2978; x_wconf 85' lang='lat' dir='ltr'>sire</span> <span class='ocrx_word' id='word_1_301' title='bbox 904 2915 937 2976; x_wconf 92' lang='lat' dir='ltr'>in</span> <span class='ocrx_word' id='word_1_302' title='bbox 960 2936 1052 2996; x_wconf 90' lang='lat' dir='ltr'>rure,</span> <span class='ocrx_word' id='word_1_303' title='bbox 1076 2921 1108 2977; x_wconf 93' lang='lat' dir='ltr'>et</span> <span class='ocrx_word' id='word_1_304' title='bbox 1132 2913 1215 2977; x_wconf 91' lang='lat' dir='ltr'>dicte</span> <span class='ocrx_word' id='word_1_305' title='bbox 1247 2914 1341 2978; x_wconf 88' lang='lat' dir='ltr'>vinee</span> <span class='ocrx_word' id='word_1_306' title='bbox 1365 2921 1396 2976; x_wconf 91' lang='lat' dir='ltr'>et</span> <span class='ocrx_word' id='word_1_307' title='bbox 1421 2920 1505 2977; x_wconf 92' lang='lat' dir='ltr'>terre</span> <span class='ocrx_word' id='word_1_308' title='bbox 1537 2914 1676 2977; x_wconf 83' lang='lat' dir='ltr'>oratorie</span> <span class='ocrx_word' id='word_1_309' title='bbox 1701 2921 1733 2978; x_wconf 90' lang='lat' dir='ltr'>et</span> <span class='ocrx_word' id='word_1_310' title='bbox 1756 2914 1881 3000; x_wconf 80' lang='lat' dir='ltr'>pratirc</span> <span class='ocrx_word' id='word_1_311' title='bbox 1905 2913 2044 2978; x_wconf 91' lang='lat' dir='ltr'>debeant</span> <span class='ocrx_word' id='word_1_312' title='bbox 2067 2935 2194 3000; x_wconf 77' lang='lat' dir='ltr'>semper</span> <span class='ocrx_word' id='word_1_313' title='bbox 2216 2923 2247 2978; x_wconf 93' lang='lat' dir='ltr'>et</span> <span class='ocrx_word' id='word_1_314' title='bbox 2268 2925 2423 3003; x_wconf 92' lang='lat' dir='ltr'>perpetuo</span> 
     </span>
     <span class='ocr_line' id='line_1_23' title="bbox 604 3021 2422 3107; baseline 0.002 -23"><span class='ocrx_word' id='word_1_315' title='bbox 604 3021 673 3085; x_wconf 86' lang='lat' dir='ltr'>sine</span> <span class='ocrx_word' id='word_1_316' title='bbox 697 3023 850 3107; x_wconf 87' lang='lat' dir='ltr'>temporis</span> <span class='ocrx_word' id='word_1_317' title='bbox 875 3022 1077 3107; x_wconf 88' lang='lat' dir='ltr'>pretinitioue</span> <span class='ocrx_word' id='word_1_318' title='bbox 1101 3022 1184 3085; x_wconf 92' lang='lat' dir='ltr'>inter</span> <span class='ocrx_word' id='word_1_319' title='bbox 1207 3043 1281 3084; x_wconf 91' lang='lat' dir='ltr'>suos</span> <span class='ocrx_word' id='word_1_320' title='bbox 1305 3021 1387 3084; x_wconf 90' lang='lat' dir='ltr'>filios</span> <span class='ocrx_word' id='word_1_321' title='bbox 1411 3021 1570 3084; x_wconf 90' lang='lat' dir='ltr'>masculos</span> <span class='ocrx_word' id='word_1_322' title='bbox 1599 3021 1666 3084; x_wconf 84' lang='lat' dir='ltr'>sire</span> <span class='ocrx_word' id='word_1_323' title='bbox 1691 3021 1810 3086; x_wconf 88' lang='lat' dir='ltr'>liberos</span> <span class='ocrx_word' id='word_1_324' title='bbox 1835 3022 1994 3086; x_wconf 89' lang='lat' dir='ltr'>masculos</span> <span class='ocrx_word' id='word_1_325' title='bbox 2017 3043 2224 3106; x_wconf 87' lang='lat' dir='ltr'>permanere;</span> <span class='ocrx_word' id='word_1_326' title='bbox 2242 3044 2300 3087; x_wconf 87' lang='lat' dir='ltr'>neo</span> <span class='ocrx_word' id='word_1_327' title='bbox 2321 3026 2422 3089; x_wconf 91' lang='lat' dir='ltr'>voluit</span> 
     </span>
     <span class='ocr_line' id='line_1_24' title="bbox 605 3127 2421 3214; baseline 0.001 -21"><span class='ocrx_word' id='word_1_328' title='bbox 605 3129 691 3214; x_wconf 90' lang='lat' dir='ltr'>quod</span> <span class='ocrx_word' id='word_1_329' title='bbox 715 3129 754 3192; x_wconf 93' lang='lat' dir='ltr'>de</span> <span class='ocrx_word' id='word_1_330' title='bbox 778 3130 843 3192; x_wconf 92' lang='lat' dir='ltr'>suis</span> <span class='ocrx_word' id='word_1_331' title='bbox 868 3129 1136 3192; x_wconf 75' lang='lat' dir='ltr'>descendentibus</span> <span class='ocrx_word' id='word_1_332' title='bbox 1160 3129 1311 3192; x_wconf 88' lang='lat' dir='ltr'>masculis</span> <span class='ocrx_word' id='word_1_333' title='bbox 1335 3127 1478 3214; x_wconf 88' lang='lat' dir='ltr'>predicte</span> <span class='ocrx_word' id='word_1_334' title='bbox 1502 3149 1553 3191; x_wconf 91' lang='lat' dir='ltr'>res</span> <span class='ocrx_word' id='word_1_335' title='bbox 1577 3127 1717 3192; x_wconf 88' lang='lat' dir='ltr'>debeant</span> <span class='ocrx_word' id='word_1_336' title='bbox 1741 3128 1840 3210; x_wconf 87' lang='lat' dir='ltr'>exire,</span> <span class='ocrx_word' id='word_1_337' title='bbox 1866 3129 1947 3191; x_wconf 90' lang='lat' dir='ltr'>etsi</span> <span class='ocrx_word' id='word_1_338' title='bbox 1972 3129 2088 3213; x_wconf 91' lang='lat' dir='ltr'>aliquis</span> <span class='ocrx_word' id='word_1_339' title='bbox 2111 3129 2250 3193; x_wconf 90' lang='lat' dir='ltr'>filiorum</span> <span class='ocrx_word' id='word_1_340' title='bbox 2273 3152 2421 3214; x_wconf 90' lang='lat' dir='ltr'>suorum,</span> 
     </span>
     <span class='ocr_line' id='line_1_25' title="bbox 604 3235 2422 3322; baseline 0.002 -23"><span class='ocrx_word' id='word_1_341' title='bbox 604 3237 655 3300; x_wconf 85' lang='lat' dir='ltr'>rel</span> <span class='ocrx_word' id='word_1_342' title='bbox 679 3237 855 3300; x_wconf 89' lang='lat' dir='ltr'>liberorum</span> <span class='ocrx_word' id='word_1_343' title='bbox 880 3237 930 3298; x_wconf 87' lang='lat' dir='ltr'>vel</span> <span class='ocrx_word' id='word_1_344' title='bbox 955 3235 1228 3318; x_wconf 88' lang='lat' dir='ltr'>descendentium,</span> <span class='ocrx_word' id='word_1_345' title='bbox 1246 3243 1371 3322; x_wconf 88' lang='lat' dir='ltr'>partem</span> <span class='ocrx_word' id='word_1_346' title='bbox 1395 3257 1486 3298; x_wconf 91' lang='lat' dir='ltr'>suam</span> <span class='ocrx_word' id='word_1_347' title='bbox 1511 3235 1550 3298; x_wconf 95' lang='lat' dir='ltr'>de</span> <span class='ocrx_word' id='word_1_348' title='bbox 1574 3235 1668 3298; x_wconf 91' lang='lat' dir='ltr'>dictis</span> <span class='ocrx_word' id='word_1_349' title='bbox 1693 3235 1788 3298; x_wconf 89' lang='lat' dir='ltr'>rebus</span> <span class='ocrx_word' id='word_1_350' title='bbox 1810 3235 1976 3318; x_wconf 83' lang='lat' dir='ltr'>alienaret,</span> <span class='ocrx_word' id='word_1_351' title='bbox 1994 3236 2046 3298; x_wconf 87' lang='lat' dir='ltr'>vel</span> <span class='ocrx_word' id='word_1_352' title='bbox 2061 3237 2130 3299; x_wconf 88' lang='lat' dir='ltr'>sine</span> <span class='ocrx_word' id='word_1_353' title='bbox 2147 3238 2297 3300; x_wconf 90' lang='lat' dir='ltr'>masculis</span> <span class='ocrx_word' id='word_1_354' title='bbox 2313 3238 2422 3302; x_wconf 91' lang='lat' dir='ltr'>liberis</span> 
     </span>
     <span class='ocr_line' id='line_1_26' title="bbox 605 3342 2422 3430; baseline 0.001 -22"><span class='ocrx_word' id='word_1_355' title='bbox 605 3344 784 3426; x_wconf 88' lang='lat' dir='ltr'>decederet,</span> <span class='ocrx_word' id='word_1_356' title='bbox 811 3343 942 3406; x_wconf 87' lang='lat' dir='ltr'>mandat</span> <span class='ocrx_word' id='word_1_357' title='bbox 966 3349 997 3406; x_wconf 93' lang='lat' dir='ltr'>et</span> <span class='ocrx_word' id='word_1_358' title='bbox 1021 3343 1123 3408; x_wconf 87' lang='lat' dir='ltr'>voluit</span> <span class='ocrx_word' id='word_1_359' title='bbox 1146 3351 1270 3430; x_wconf 91' lang='lat' dir='ltr'>partem</span> <span class='ocrx_word' id='word_1_360' title='bbox 1296 3343 1380 3405; x_wconf 89' lang='lat' dir='ltr'>illius</span> <span class='ocrx_word' id='word_1_361' title='bbox 1405 3343 1586 3424; x_wconf 86' lang='lat' dir='ltr'>alienantis,</span> <span class='ocrx_word' id='word_1_362' title='bbox 1613 3343 1663 3406; x_wconf 85' lang='lat' dir='ltr'>vel</span> <span class='ocrx_word' id='word_1_363' title='bbox 1688 3342 1756 3406; x_wconf 91' lang='lat' dir='ltr'>sine</span> <span class='ocrx_word' id='word_1_364' title='bbox 1780 3342 1890 3406; x_wconf 91' lang='lat' dir='ltr'>liberis</span> <span class='ocrx_word' id='word_1_365' title='bbox 1914 3343 2064 3406; x_wconf 90' lang='lat' dir='ltr'>masculis</span> <span class='ocrx_word' id='word_1_366' title='bbox 2088 3342 2282 3426; x_wconf 88' lang='lat' dir='ltr'>decedentis,</span> <span class='ocrx_word' id='word_1_367' title='bbox 2307 3345 2422 3409; x_wconf 87' lang='lat' dir='ltr'>debeat</span> 
     </span>
     <span class='ocr_line' id='line_1_27' title="bbox 603 3451 1244 3536; baseline -0.002 -22"><span class='ocrx_word' id='word_1_368' title='bbox 603 3451 644 3514; x_wconf 94' lang='lat' dir='ltr'>ad</span> <span class='ocrx_word' id='word_1_369' title='bbox 669 3451 749 3514; x_wconf 88' lang='lat' dir='ltr'>alios</span> <span class='ocrx_word' id='word_1_370' title='bbox 773 3473 836 3514; x_wconf 91' lang='lat' dir='ltr'>non</span> <span class='ocrx_word' id='word_1_371' title='bbox 861 3451 1040 3514; x_wconf 87' lang='lat' dir='ltr'>alienantes</span> <span class='ocrx_word' id='word_1_372' title='bbox 1065 3451 1244 3536; x_wconf 89' lang='lat' dir='ltr'>pervenire.</span> 
     </span>
    </p>

    <p class='ocr_par' dir='ltr' id='par_1_4' title="bbox 602 3557 2425 5040">
     <span class='ocr_line' id='line_1_28' title="bbox 693 3557 2423 3641; baseline 0.001 -18"><span class='ocrx_word' id='word_1_373' title='bbox 693 3558 937 3623; x_wconf 82' lang='lat' dir='ltr'>Commissarios</span> <span class='ocrx_word' id='word_1_374' title='bbox 962 3565 1069 3621; x_wconf 87' lang='lat' dir='ltr'>autem</span> <span class='ocrx_word' id='word_1_375' title='bbox 1094 3579 1179 3638; x_wconf 88' lang='lat' dir='ltr'>suos,</span> <span class='ocrx_word' id='word_1_376' title='bbox 1197 3565 1228 3621; x_wconf 89' lang='lat' dir='ltr'>et</span> <span class='ocrx_word' id='word_1_377' title='bbox 1252 3557 1348 3641; x_wconf 91' lang='lat' dir='ltr'>hujus</span> <span class='ocrx_word' id='word_1_378' title='bbox 1373 3557 1557 3620; x_wconf 87' lang='lat' dir='ltr'>testamenti</span> <span class='ocrx_word' id='word_1_379' title='bbox 1580 3563 1770 3620; x_wconf 80' lang='lat' dir='ltr'>executores</span> <span class='ocrx_word' id='word_1_380' title='bbox 1795 3578 1864 3622; x_wconf 87' lang='lat' dir='ltr'>essa</span> <span class='ocrx_word' id='word_1_381' title='bbox 1888 3557 1990 3620; x_wconf 89' lang='lat' dir='ltr'>voluit</span> <span class='ocrx_word' id='word_1_382' title='bbox 2014 3557 2176 3620; x_wconf 88' lang='lat' dir='ltr'>dominam</span> <span class='ocrx_word' id='word_1_383' title='bbox 2199 3557 2329 3622; x_wconf 86' lang='lat' dir='ltr'>Claram</span> <span class='ocrx_word' id='word_1_384' title='bbox 2345 3581 2423 3624; x_wconf 90' lang='lat' dir='ltr'>uxo·</span> 
     </span>
     <span class='ocr_line' id='line_1_29' title="bbox 603 3663 2422 3748; baseline 0.001 -19"><span class='ocrx_word' id='word_1_385' title='bbox 603 3687 671 3730; x_wconf 91' lang='lat' dir='ltr'>rem</span> <span class='ocrx_word' id='word_1_386' title='bbox 702 3687 812 3748; x_wconf 90' lang='lat' dir='ltr'>suam,</span> <span class='ocrx_word' id='word_1_387' title='bbox 836 3674 868 3730; x_wconf 91' lang='lat' dir='ltr'>et</span> <span class='ocrx_word' id='word_1_388' title='bbox 892 3665 1038 3729; x_wconf 85' lang='lat' dir='ltr'>Priorem</span> <span class='ocrx_word' id='word_1_389' title='bbox 1072 3666 1207 3728; x_wconf 89' lang='lat' dir='ltr'>fratrum</span> <span class='ocrx_word' id='word_1_390' title='bbox 1231 3665 1476 3728; x_wconf 88' lang='lat' dir='ltr'>Predieatorum</span> <span class='ocrx_word' id='word_1_391' title='bbox 1499 3665 1538 3727; x_wconf 93' lang='lat' dir='ltr'>de</span> <span class='ocrx_word' id='word_1_392' title='bbox 1563 3664 1711 3728; x_wconf 87' lang='lat' dir='ltr'>Bononia</span> <span class='ocrx_word' id='word_1_393' title='bbox 1735 3673 1767 3728; x_wconf 90' lang='lat' dir='ltr'>et</span> <span class='ocrx_word' id='word_1_394' title='bbox 1791 3663 2014 3728; x_wconf 87' lang='lat' dir='ltr'>Guardianum</span> <span class='ocrx_word' id='word_1_395' title='bbox 2038 3664 2174 3730; x_wconf 83' lang='lat' dir='ltr'>fratrum</span> <span class='ocrx_word' id='word_1_396' title='bbox 2197 3665 2360 3730; x_wconf 84' lang='lat' dir='ltr'>Minorum</span> <span class='ocrx_word' id='word_1_397' title='bbox 2382 3668 2422 3731; x_wconf 86' lang='lat' dir='ltr'>de</span> 
     </span>
     <span class='ocr_line' id='line_1_30' title="bbox 603 3770 2422 3858; baseline 0.001 -21"><span class='ocrx_word' id='word_1_398' title='bbox 603 3773 768 3855; x_wconf 88' lang='lat' dir='ltr'>Bononia,</span> <span class='ocrx_word' id='word_1_399' title='bbox 792 3774 847 3858; x_wconf 89' lang='lat' dir='ltr'>qui</span> <span class='ocrx_word' id='word_1_400' title='bbox 872 3781 946 3837; x_wconf 91' lang='lat' dir='ltr'>sunt</span> <span class='ocrx_word' id='word_1_401' title='bbox 977 3774 1028 3836; x_wconf 82' lang='lat' dir='ltr'>vel</span> <span class='ocrx_word' id='word_1_402' title='bbox 1052 3795 1110 3858; x_wconf 94' lang='lat' dir='ltr'>pro</span> <span class='ocrx_word' id='word_1_403' title='bbox 1135 3778 1278 3858; x_wconf 89' lang='lat' dir='ltr'>tempore</span> <span class='ocrx_word' id='word_1_404' title='bbox 1302 3779 1406 3854; x_wconf 87' lang='lat' dir='ltr'>erunt,</span> <span class='ocrx_word' id='word_1_405' title='bbox 1431 3780 1464 3836; x_wconf 91' lang='lat' dir='ltr'>et</span> <span class='ocrx_word' id='word_1_406' title='bbox 1487 3771 1752 3836; x_wconf 83' lang='lat' dir='ltr'>Bonaveuturam</span> <span class='ocrx_word' id='word_1_407' title='bbox 1776 3771 1815 3834; x_wconf 90' lang='lat' dir='ltr'>de</span> <span class='ocrx_word' id='word_1_408' title='bbox 1838 3771 2026 3856; x_wconf 86' lang='lat' dir='ltr'>Paganellis</span> <span class='ocrx_word' id='word_1_409' title='bbox 2050 3770 2089 3834; x_wconf 89' lang='lat' dir='ltr'>de</span> <span class='ocrx_word' id='word_1_410' title='bbox 2113 3772 2294 3857; x_wconf 81' lang='lat' dir='ltr'>Argellata,</span> <span class='ocrx_word' id='word_1_411' title='bbox 2317 3781 2348 3837; x_wconf 91' lang='lat' dir='ltr'>et</span> <span class='ocrx_word' id='word_1_412' title='bbox 2372 3795 2422 3838; x_wconf 91' lang='lat' dir='ltr'>me</span> 
     </span>
     <span class='ocr_line' id='line_1_31' title="bbox 602 3877 2423 3964; baseline 0 -19"><span class='ocrx_word' id='word_1_413' title='bbox 602 3881 770 3945; x_wconf 81' lang='lat' dir='ltr'>Andrearn</span> <span class='ocrx_word' id='word_1_414' title='bbox 785 3881 937 3945; x_wconf 87' lang='lat' dir='ltr'>Petrizoli</span> <span class='ocrx_word' id='word_1_415' title='bbox 955 3879 1116 3944; x_wconf 78' lang='lat' dir='ltr'>Albertini</span> <span class='ocrx_word' id='word_1_416' title='bbox 1133 3880 1173 3942; x_wconf 92' lang='lat' dir='ltr'>dc</span> <span class='ocrx_word' id='word_1_417' title='bbox 1189 3878 1325 3960; x_wconf 85' lang='lat' dir='ltr'>Radalo,</span> <span class='ocrx_word' id='word_1_418' title='bbox 1342 3880 1503 3942; x_wconf 90' lang='lat' dir='ltr'>notarium</span> <span class='ocrx_word' id='word_1_419' title='bbox 1522 3879 1780 3964; x_wconf 63' lang='lat' dir='ltr'>infrascriptum</span> <span class='ocrx_word' id='word_1_420' title='bbox 1798 3877 1878 3941; x_wconf 90' lang='lat' dir='ltr'>dans</span> <span class='ocrx_word' id='word_1_421' title='bbox 1895 3885 1926 3941; x_wconf 88' lang='lat' dir='ltr'>et</span> <span class='ocrx_word' id='word_1_422' title='bbox 1943 3878 2121 3942; x_wconf 89' lang='lat' dir='ltr'>concedens</span> <span class='ocrx_word' id='word_1_423' title='bbox 2138 3879 2230 3943; x_wconf 86' lang='lat' dir='ltr'>dietis</span> <span class='ocrx_word' id='word_1_424' title='bbox 2247 3881 2313 3944; x_wconf 89' lang='lat' dir='ltr'>suis</span> <span class='ocrx_word' id='word_1_425' title='bbox 2330 3879 2423 3945; x_wconf 84' lang='lat' dir='ltr'>Corn·</span> 
     </span>
     <span class='ocr_line' id='line_1_32' title="bbox 603 3984 2424 4072; baseline -0.001 -21"><span class='ocrx_word' id='word_1_426' title='bbox 603 3987 758 4051; x_wconf 88' lang='lat' dir='ltr'>missariis</span> <span class='ocrx_word' id='word_1_427' title='bbox 775 3988 904 4072; x_wconf 88' lang='lat' dir='ltr'>plenam</span> <span class='ocrx_word' id='word_1_428' title='bbox 920 3994 1124 4072; x_wconf 88' lang='lat' dir='ltr'>potestatem,</span> <span class='ocrx_word' id='word_1_429' title='bbox 1138 4007 1210 4049; x_wconf 93' lang='lat' dir='ltr'>cum</span> <span class='ocrx_word' id='word_1_430' title='bbox 1228 3986 1330 4050; x_wconf 88' lang='lat' dir='ltr'>libera</span> <span class='ocrx_word' id='word_1_431' title='bbox 1347 3984 1645 4065; x_wconf 86' lang='lat' dir='ltr'>annuinistratione‚</span> <span class='ocrx_word' id='word_1_432' title='bbox 1664 3992 1696 4048; x_wconf 89' lang='lat' dir='ltr'>et</span> <span class='ocrx_word' id='word_1_433' title='bbox 1713 3984 1852 4069; x_wconf 87' lang='lat' dir='ltr'>speciale</span> <span class='ocrx_word' id='word_1_434' title='bbox 1870 3984 2056 4052; x_wconf 85' lang='lat' dir='ltr'>mandatum</span> <span class='ocrx_word' id='word_1_435' title='bbox 2072 3984 2243 4067; x_wconf 88' lang='lat' dir='ltr'>vendendi,</span> <span class='ocrx_word' id='word_1_436' title='bbox 2261 3985 2424 4050; x_wconf 88' lang='lat' dir='ltr'>alienandi</span> 
     </span>
     <span class='ocr_line' id='line_1_33' title="bbox 604 4091 2422 4181; baseline -0.002 -22"><span class='ocrx_word' id='word_1_437' title='bbox 604 4095 643 4160; x_wconf 92' lang='lat' dir='ltr'>de</span> <span class='ocrx_word' id='word_1_438' title='bbox 667 4096 760 4159; x_wconf 91' lang='lat' dir='ltr'>bonis</span> <span class='ocrx_word' id='word_1_439' title='bbox 784 4095 884 4181; x_wconf 87' lang='lat' dir='ltr'>ipsius</span> <span class='ocrx_word' id='word_1_440' title='bbox 904 4094 1082 4176; x_wconf 88' lang='lat' dir='ltr'>testatoris,</span> <span class='ocrx_word' id='word_1_441' title='bbox 1099 4093 1243 4179; x_wconf 84' lang='lat' dir='ltr'>exceptis</span> <span class='ocrx_word' id='word_1_442' title='bbox 1267 4093 1363 4156; x_wconf 86' lang='lat' dir='ltr'>rebus</span> <span class='ocrx_word' id='word_1_443' title='bbox 1381 4115 1461 4178; x_wconf 89' lang='lat' dir='ltr'>quas</span> <span class='ocrx_word' id='word_1_444' title='bbox 1485 4113 1583 4178; x_wconf 88' lang='lat' dir='ltr'>supra</span> <span class='ocrx_word' id='word_1_445' title='bbox 1600 4092 1765 4178; x_wconf 83' lang='lat' dir='ltr'>prohibuit</span> <span class='ocrx_word' id='word_1_446' title='bbox 1781 4092 1927 4174; x_wconf 90' lang='lat' dir='ltr'>alienari,</span> <span class='ocrx_word' id='word_1_447' title='bbox 1944 4091 1983 4154; x_wconf 91' lang='lat' dir='ltr'>de</span> <span class='ocrx_word' id='word_1_448' title='bbox 2001 4091 2117 4176; x_wconf 91' lang='lat' dir='ltr'>quibus</span> <span class='ocrx_word' id='word_1_449' title='bbox 2134 4092 2304 4176; x_wconf 87' lang='lat' dir='ltr'>voluerint,</span> <span class='ocrx_word' id='word_1_450' title='bbox 2321 4115 2422 4179; x_wconf 78' lang='lat' dir='ltr'>usque</span> 
     </span>
     <span class='ocr_line' id='line_1_34' title="bbox 603 4198 2423 4287; baseline -0.002 -21"><span class='ocrx_word' id='word_1_451' title='bbox 603 4203 644 4266; x_wconf 91' lang='lat' dir='ltr'>ad</span> <span class='ocrx_word' id='word_1_452' title='bbox 668 4204 829 4287; x_wconf 88' lang='lat' dir='ltr'>integram</span> <span class='ocrx_word' id='word_1_453' title='bbox 857 4201 1111 4265; x_wconf 81' lang='lat' dir='ltr'>satisfactionem</span> <span class='ocrx_word' id='word_1_454' title='bbox 1143 4202 1284 4264; x_wconf 91' lang='lat' dir='ltr'>omnium</span> <span class='ocrx_word' id='word_1_455' title='bbox 1308 4207 1340 4264; x_wconf 90' lang='lat' dir='ltr'>et</span> <span class='ocrx_word' id='word_1_456' title='bbox 1363 4201 1565 4286; x_wconf 90' lang='lat' dir='ltr'>singulorum</span> <span class='ocrx_word' id='word_1_457' title='bbox 1593 4221 1654 4284; x_wconf 90' lang='lat' dir='ltr'>quc</span> <span class='ocrx_word' id='word_1_458' title='bbox 1679 4199 1883 4263; x_wconf 87' lang='lat' dir='ltr'>continentur</span> <span class='ocrx_word' id='word_1_459' title='bbox 1906 4199 1938 4261; x_wconf 90' lang='lat' dir='ltr'>iu</span> <span class='ocrx_word' id='word_1_460' title='bbox 1963 4205 2154 4262; x_wconf 87' lang='lat' dir='ltr'>testamento</span> <span class='ocrx_word' id='word_1_461' title='bbox 2179 4199 2278 4285; x_wconf 89' lang='lat' dir='ltr'>ipsius</span> <span class='ocrx_word' id='word_1_462' title='bbox 2303 4198 2423 4263; x_wconf 91' lang='lat' dir='ltr'>domini</span> 
     </span>
     <span class='ocr_line' id='line_1_35' title="bbox 603 4305 2424 4394; baseline -0.002 -20"><span class='ocrx_word' id='word_1_463' title='bbox 603 4309 731 4374; x_wconf 86' lang='lat' dir='ltr'>Alberti</span> <span class='ocrx_word' id='word_1_464' title='bbox 754 4311 823 4373; x_wconf 87' lang='lat' dir='ltr'>siue</span> <span class='ocrx_word' id='word_1_465' title='bbox 847 4310 956 4394; x_wconf 89' lang='lat' dir='ltr'>aliqua</span> <span class='ocrx_word' id='word_1_466' title='bbox 980 4308 1213 4372; x_wconf 86' lang='lat' dir='ltr'>contraditione</span> <span class='ocrx_word' id='word_1_467' title='bbox 1238 4307 1393 4370; x_wconf 88' lang='lat' dir='ltr'>heredum</span> <span class='ocrx_word' id='word_1_468' title='bbox 1417 4328 1549 4371; x_wconf 89' lang='lat' dir='ltr'>suorum</span> <span class='ocrx_word' id='word_1_469' title='bbox 1576 4307 1629 4370; x_wconf 91' lang='lat' dir='ltr'>vel</span> <span class='ocrx_word' id='word_1_470' title='bbox 1653 4308 1883 4391; x_wconf 89' lang='lat' dir='ltr'>cujuscumque</span> <span class='ocrx_word' id='word_1_471' title='bbox 1908 4305 2041 4371; x_wconf 89' lang='lat' dir='ltr'>alterins</span> <span class='ocrx_word' id='word_1_472' title='bbox 2065 4327 2211 4392; x_wconf 89' lang='lat' dir='ltr'>persone.</span> <span class='ocrx_word' id='word_1_473' title='bbox 2236 4305 2328 4370; x_wconf 86' lang='lat' dir='ltr'>Etsi</span> <span class='ocrx_word' id='word_1_474' title='bbox 2352 4329 2424 4392; x_wconf 93' lang='lat' dir='ltr'>pre·</span> 
     </span>
     <span class='ocr_line' id='line_1_36' title="bbox 603 4413 2423 4500; baseline -0.002 -19"><span class='ocrx_word' id='word_1_475' title='bbox 603 4418 697 4482; x_wconf 87' lang='lat' dir='ltr'>dictis</span> <span class='ocrx_word' id='word_1_476' title='bbox 721 4417 955 4481; x_wconf 86' lang='lat' dir='ltr'>Cormnissariis</span> <span class='ocrx_word' id='word_1_477' title='bbox 980 4415 1254 4478; x_wconf 90' lang='lat' dir='ltr'>contradiceretur</span> <span class='ocrx_word' id='word_1_478' title='bbox 1277 4435 1335 4500; x_wconf 94' lang='lat' dir='ltr'>per</span> <span class='ocrx_word' id='word_1_479' title='bbox 1358 4413 1510 4478; x_wconf 92' lang='lat' dir='ltr'>heredem</span> <span class='ocrx_word' id='word_1_480' title='bbox 1532 4415 1583 4477; x_wconf 86' lang='lat' dir='ltr'>vel</span> <span class='ocrx_word' id='word_1_481' title='bbox 1609 4414 1744 4477; x_wconf 90' lang='lat' dir='ltr'>heredes</span> <span class='ocrx_word' id='word_1_482' title='bbox 1769 4433 1843 4476; x_wconf 90' lang='lat' dir='ltr'>suos</span> <span class='ocrx_word' id='word_1_483' title='bbox 1868 4413 2038 4498; x_wconf 89' lang='lat' dir='ltr'>quominus</span> <span class='ocrx_word' id='word_1_484' title='bbox 2055 4413 2199 4499; x_wconf 86' lang='lat' dir='ltr'>predicta</span> <span class='ocrx_word' id='word_1_485' title='bbox 2222 4414 2423 4499; x_wconf 81' lang='lat' dir='ltr'>explicaren-</span> 
     </span>
     <span class='ocr_line' id='line_1_37' title="bbox 603 4520 2422 4605; baseline -0.003 -15"><span class='ocrx_word' id='word_1_486' title='bbox 603 4533 656 4590; x_wconf 90' lang='lat' dir='ltr'>tur</span> <span class='ocrx_word' id='word_1_487' title='bbox 683 4533 714 4588; x_wconf 91' lang='lat' dir='ltr'>et</span> <span class='ocrx_word' id='word_1_488' title='bbox 738 4524 867 4588; x_wconf 83' lang='lat' dir='ltr'>effectui</span> <span class='ocrx_word' id='word_1_489' title='bbox 892 4523 1133 4605; x_wconf 85' lang='lat' dir='ltr'>mandarentur,</span> <span class='ocrx_word' id='word_1_490' title='bbox 1150 4531 1226 4586; x_wconf 91' lang='lat' dir='ltr'>tunc</span> <span class='ocrx_word' id='word_1_491' title='bbox 1250 4529 1282 4586; x_wconf 92' lang='lat' dir='ltr'>et</span> <span class='ocrx_word' id='word_1_492' title='bbox 1305 4544 1343 4586; x_wconf 90' lang='lat' dir='ltr'>eo</span> <span class='ocrx_word' id='word_1_493' title='bbox 1368 4542 1443 4585; x_wconf 87' lang='lat' dir='ltr'>casn</span> <span class='ocrx_word' id='word_1_494' title='bbox 1469 4521 1766 4585; x_wconf 83' lang='lat' dir='ltr'>contravenientem</span> <span class='ocrx_word' id='word_1_495' title='bbox 1789 4521 1858 4586; x_wconf 85' lang='lat' dir='ltr'>sive</span> <span class='ocrx_word' id='word_1_496' title='bbox 1882 4520 2058 4602; x_wconf 75' lang='lat' dir='ltr'>venientes,</span> <span class='ocrx_word' id='word_1_497' title='bbox 2076 4520 2182 4605; x_wconf 89' lang='lat' dir='ltr'>privat</span> <span class='ocrx_word' id='word_1_498' title='bbox 2198 4541 2272 4586; x_wconf 90' lang='lat' dir='ltr'>eum</span> <span class='ocrx_word' id='word_1_499' title='bbox 2288 4521 2341 4584; x_wconf 85' lang='lat' dir='ltr'>vel</span> <span class='ocrx_word' id='word_1_500' title='bbox 2357 4542 2422 4604; x_wconf 90' lang='lat' dir='ltr'>eos,</span> 
     </span>
     <span class='ocr_line' id='line_1_38' title="bbox 603 4627 2424 4718; baseline -0.004 -20"><span class='ocrx_word' id='word_1_501' title='bbox 603 4641 635 4698; x_wconf 89' lang='lat' dir='ltr'>et</span> <span class='ocrx_word' id='word_1_502' title='bbox 660 4633 835 4718; x_wconf 89' lang='lat' dir='ltr'>quemlibet</span> <span class='ocrx_word' id='word_1_503' title='bbox 858 4653 971 4696; x_wconf 89' lang='lat' dir='ltr'>eorum</span> <span class='ocrx_word' id='word_1_504' title='bbox 995 4653 1014 4694; x_wconf 96' lang='lat' dir='ltr'>a</span> <span class='ocrx_word' id='word_1_505' title='bbox 1038 4653 1096 4694; x_wconf 89' lang='lat' dir='ltr'>sua</span> <span class='ocrx_word' id='word_1_506' title='bbox 1119 4631 1266 4716; x_wconf 87' lang='lat' dir='ltr'>portione</span> <span class='ocrx_word' id='word_1_507' title='bbox 1290 4628 1479 4692; x_wconf 87' lang='lat' dir='ltr'>hereditatis</span> <span class='ocrx_word' id='word_1_508' title='bbox 1503 4627 1656 4714; x_wconf 88' lang='lat' dir='ltr'>predicte,</span> <span class='ocrx_word' id='word_1_509' title='bbox 1674 4627 1761 4692; x_wconf 90' lang='lat' dir='ltr'>etde</span> <span class='ocrx_word' id='word_1_510' title='bbox 1785 4627 1877 4692; x_wconf 85' lang='lat' dir='ltr'>bonis</span> <span class='ocrx_word' id='word_1_511' title='bbox 1902 4627 2002 4713; x_wconf 88' lang='lat' dir='ltr'>ipsius</span> <span class='ocrx_word' id='word_1_512' title='bbox 2026 4627 2188 4690; x_wconf 88' lang='lat' dir='ltr'>testatoris</span> <span class='ocrx_word' id='word_1_513' title='bbox 2213 4647 2276 4690; x_wconf 91' lang='lat' dir='ltr'>non</span> <span class='ocrx_word' id='word_1_514' title='bbox 2300 4628 2424 4713; x_wconf 88' lang='lat' dir='ltr'>possint</span> 
     </span>
     <span class='ocr_line' id='line_1_39' title="bbox 603 4732 2425 4820; baseline -0.004 -17"><span class='ocrx_word' id='word_1_515' title='bbox 603 4741 724 4804; x_wconf 87' lang='lat' dir='ltr'>habere</span> <span class='ocrx_word' id='word_1_516' title='bbox 748 4761 790 4802; x_wconf 83' lang='lat' dir='ltr'>ex</span> <span class='ocrx_word' id='word_1_517' title='bbox 813 4745 1006 4803; x_wconf 88' lang='lat' dir='ltr'>testamento</span> <span class='ocrx_word' id='word_1_518' title='bbox 1031 4738 1083 4801; x_wconf 85' lang='lat' dir='ltr'>rel</span> <span class='ocrx_word' id='word_1_519' title='bbox 1107 4738 1148 4800; x_wconf 93' lang='lat' dir='ltr'>ab</span> <span class='ocrx_word' id='word_1_520' title='bbox 1172 4737 1336 4817; x_wconf 88' lang='lat' dir='ltr'>intestato,</span> <span class='ocrx_word' id='word_1_521' title='bbox 1352 4736 1404 4799; x_wconf 91' lang='lat' dir='ltr'>vel</span> <span class='ocrx_word' id='word_1_522' title='bbox 1430 4735 1494 4799; x_wconf 94' lang='lat' dir='ltr'>alio</span> <span class='ocrx_word' id='word_1_523' title='bbox 1519 4755 1721 4820; x_wconf 92' lang='lat' dir='ltr'>quecumque</span> <span class='ocrx_word' id='word_1_524' title='bbox 1736 4734 1831 4800; x_wconf 91' lang='lat' dir='ltr'>modo</span> <span class='ocrx_word' id='word_1_525' title='bbox 1849 4735 1899 4797; x_wconf 91' lang='lat' dir='ltr'>vel</span> <span class='ocrx_word' id='word_1_526' title='bbox 1918 4754 2026 4798; x_wconf 88' lang='lat' dir='ltr'>causa.</span> <span class='ocrx_word' id='word_1_527' title='bbox 2044 4732 2086 4797; x_wconf 86' lang='lat' dir='ltr'>Et</span> <span class='ocrx_word' id='word_1_528' title='bbox 2103 4733 2207 4819; x_wconf 83' lang='lat' dir='ltr'>portio</span> <span class='ocrx_word' id='word_1_529' title='bbox 2224 4755 2301 4797; x_wconf 85' lang='lat' dir='ltr'>vero</span> <span class='ocrx_word' id='word_1_530' title='bbox 2317 4735 2425 4819; x_wconf 93' lang='lat' dir='ltr'>prohi-</span> 
     </span>
     <span class='ocr_line' id='line_1_40' title="bbox 602 4841 2423 4933; baseline -0.003 -21"><span class='ocrx_word' id='word_1_531' title='bbox 602 4848 707 4912; x_wconf 89' lang='lat' dir='ltr'>bentis</span> <span class='ocrx_word' id='word_1_532' title='bbox 733 4848 900 4933; x_wconf 90' lang='lat' dir='ltr'>perveniat</span> <span class='ocrx_word' id='word_1_533' title='bbox 924 4847 1019 4932; x_wconf 92' lang='lat' dir='ltr'>pleno</span> <span class='ocrx_word' id='word_1_534' title='bbox 1044 4847 1112 4910; x_wconf 92' lang='lat' dir='ltr'>iure</span> <span class='ocrx_word' id='word_1_535' title='bbox 1136 4844 1175 4908; x_wconf 88' lang='lat' dir='ltr'>ad</span> <span class='ocrx_word' id='word_1_536' title='bbox 1201 4866 1265 4908; x_wconf 90' lang='lat' dir='ltr'>non</span> <span class='ocrx_word' id='word_1_537' title='bbox 1289 4844 1524 4929; x_wconf 91' lang='lat' dir='ltr'>prohibentem.</span> <span class='ocrx_word' id='word_1_538' title='bbox 1550 4843 1592 4906; x_wconf 84' lang='lat' dir='ltr'>Et</span> <span class='ocrx_word' id='word_1_539' title='bbox 1614 4843 1642 4905; x_wconf 90' lang='lat' dir='ltr'>si</span> <span class='ocrx_word' id='word_1_540' title='bbox 1664 4861 1774 4905; x_wconf 90' lang='lat' dir='ltr'>omnes</span> <span class='ocrx_word' id='word_1_541' title='bbox 1799 4842 2017 4928; x_wconf 90' lang='lat' dir='ltr'>prohiberent,</span> <span class='ocrx_word' id='word_1_542' title='bbox 2034 4847 2110 4905; x_wconf 90' lang='lat' dir='ltr'>tuno</span> <span class='ocrx_word' id='word_1_543' title='bbox 2133 4841 2235 4905; x_wconf 88' lang='lat' dir='ltr'>voluit</span> <span class='ocrx_word' id='word_1_544' title='bbox 2259 4841 2345 4926; x_wconf 93' lang='lat' dir='ltr'>quod</span> <span class='ocrx_word' id='word_1_545' title='bbox 2369 4842 2423 4906; x_wconf 90' lang='lat' dir='ltr'>de·</span> 
     </span>
     <span class='ocr_line' id='line_1_41' title="bbox 602 4949 2284 5040; baseline -0.004 -21"><span class='ocrx_word' id='word_1_546' title='bbox 602 4955 713 5020; x_wconf 83' lang='lat' dir='ltr'>veniat</span> <span class='ocrx_word' id='word_1_547' title='bbox 737 4955 778 5018; x_wconf 88' lang='lat' dir='ltr'>ad</span> <span class='ocrx_word' id='word_1_548' title='bbox 801 4955 961 5040; x_wconf 91' lang='lat' dir='ltr'>hospitale</span> <span class='ocrx_word' id='word_1_549' title='bbox 985 4954 1089 5017; x_wconf 91' lang='lat' dir='ltr'>saneti</span> <span class='ocrx_word' id='word_1_550' title='bbox 1112 4953 1272 5016; x_wconf 74' lang='lat' dir='ltr'>iohannis</span> <span class='ocrx_word' id='word_1_551' title='bbox 1297 4950 1566 5014; x_wconf 89' lang='lat' dir='ltr'>Zerosolomitani</span> <span class='ocrx_word' id='word_1_552' title='bbox 1589 4962 1622 5013; x_wconf 87' lang='lat' dir='ltr'>et</span> <span class='ocrx_word' id='word_1_553' title='bbox 1645 4950 1687 5014; x_wconf 89' lang='lat' dir='ltr'>ad</span> <span class='ocrx_word' id='word_1_554' title='bbox 1710 4950 1829 5014; x_wconf 91' lang='lat' dir='ltr'>dietam</span> <span class='ocrx_word' id='word_1_555' title='bbox 1852 4949 1993 5014; x_wconf 90' lang='lat' dir='ltr'>Domum</span> <span class='ocrx_word' id='word_1_556' title='bbox 2016 4949 2284 5034; x_wconf 84' lang='lat' dir='ltr'>Templariorum.</span> 
     </span>
    </p>

    <p class='ocr_par' dir='ltr' id='par_1_5' title="bbox 602 5055 2425 5998">
     <span class='ocr_line' id='line_1_42' title="bbox 693 5055 2425 5148; baseline -0.004 -22"><span class='ocrx_word' id='word_1_557' title='bbox 693 5062 898 5148; x_wconf 87' lang='lat' dir='ltr'>Sepulturam</span> <span class='ocrx_word' id='word_1_558' title='bbox 936 5082 1013 5125; x_wconf 86' lang='lat' dir='ltr'>vero</span> <span class='ocrx_word' id='word_1_559' title='bbox 1052 5082 1143 5124; x_wconf 91' lang='lat' dir='ltr'>suam</span> <span class='ocrx_word' id='word_1_560' title='bbox 1175 5060 1236 5123; x_wconf 88' lang='lat' dir='ltr'>sibi</span> <span class='ocrx_word' id='word_1_561' title='bbox 1268 5058 1367 5144; x_wconf 90' lang='lat' dir='ltr'>elegit</span> <span class='ocrx_word' id='word_1_562' title='bbox 1398 5057 1485 5144; x_wconf 90' lang='lat' dir='ltr'>apud</span> <span class='ocrx_word' id='word_1_563' title='bbox 1517 5057 1687 5120; x_wconf 88' lang='lat' dir='ltr'>eeclesiam</span> <span class='ocrx_word' id='word_1_564' title='bbox 1718 5057 1856 5120; x_wconf 86' lang='lat' dir='ltr'>fratrom</span> <span class='ocrx_word' id='word_1_565' title='bbox 1886 5055 2048 5119; x_wconf 80' lang='lat' dir='ltr'>Miserum</span> <span class='ocrx_word' id='word_1_566' title='bbox 2080 5055 2120 5119; x_wconf 89' lang='lat' dir='ltr'>de</span> <span class='ocrx_word' id='word_1_567' title='bbox 2151 5055 2298 5120; x_wconf 89' lang='lat' dir='ltr'>Bononia</span> <span class='ocrx_word' id='word_1_568' title='bbox 2329 5062 2361 5119; x_wconf 89' lang='lat' dir='ltr'>et</span> <span class='ocrx_word' id='word_1_569' title='bbox 2392 5056 2425 5119; x_wconf 90' lang='lat' dir='ltr'>in</span> 
     </span>
     <span class='ocr_line' id='line_1_43' title="bbox 603 5161 2423 5255; baseline -0.004 -22"><span class='ocrx_word' id='word_1_570' title='bbox 603 5169 738 5252; x_wconf 89' lang='lat' dir='ltr'>tumulo,</span> <span class='ocrx_word' id='word_1_571' title='bbox 756 5191 813 5232; x_wconf 89' lang='lat' dir='ltr'>scu</span> <span class='ocrx_word' id='word_1_572' title='bbox 829 5169 997 5255; x_wconf 90' lang='lat' dir='ltr'>sepultura</span> <span class='ocrx_word' id='word_1_573' title='bbox 1014 5167 1176 5254; x_wconf 91' lang='lat' dir='ltr'>quondam</span> <span class='ocrx_word' id='word_1_574' title='bbox 1193 5166 1293 5253; x_wconf 89' lang='lat' dir='ltr'>patris</span> <span class='ocrx_word' id='word_1_575' title='bbox 1310 5165 1361 5230; x_wconf 91' lang='lat' dir='ltr'>sui</span> <span class='ocrx_word' id='word_1_576' title='bbox 1384 5164 1505 5229; x_wconf 91' lang='lat' dir='ltr'>domini</span> <span class='ocrx_word' id='word_1_577' title='bbox 1529 5163 1717 5229; x_wconf 87' lang='lat' dir='ltr'>Oddoffredi</span> <span class='ocrx_word' id='word_1_578' title='bbox 1741 5163 1885 5249; x_wconf 87' lang='lat' dir='ltr'>sepelliri</span> <span class='ocrx_word' id='word_1_579' title='bbox 1906 5163 2008 5228; x_wconf 87' lang='lat' dir='ltr'>voluit</span> <span class='ocrx_word' id='word_1_580' title='bbox 2032 5169 2064 5226; x_wconf 89' lang='lat' dir='ltr'>et</span> <span class='ocrx_word' id='word_1_581' title='bbox 2087 5162 2263 5226; x_wconf 88' lang='lat' dir='ltr'>mandavit.</span> <span class='ocrx_word' id='word_1_582' title='bbox 2286 5161 2423 5226; x_wconf 84' lang='lat' dir='ltr'>Tutores</span> 
     </span>
     <span class='ocr_line' id='line_1_44' title="bbox 603 5269 2424 5362; baseline -0.004 -22"><span class='ocrx_word' id='word_1_583' title='bbox 603 5283 712 5340; x_wconf 89' lang='lat' dir='ltr'>autem</span> <span class='ocrx_word' id='word_1_584' title='bbox 735 5277 895 5362; x_wconf 86' lang='lat' dir='ltr'>Nicholay</span> <span class='ocrx_word' id='word_1_585' title='bbox 919 5276 977 5339; x_wconf 90' lang='lat' dir='ltr'>filii</span> <span class='ocrx_word' id='word_1_586' title='bbox 1000 5275 1060 5358; x_wconf 87' lang='lat' dir='ltr'>sui,</span> <span class='ocrx_word' id='word_1_587' title='bbox 1085 5282 1117 5339; x_wconf 89' lang='lat' dir='ltr'>et</span> <span class='ocrx_word' id='word_1_588' title='bbox 1141 5275 1291 5338; x_wconf 86' lang='lat' dir='ltr'>Johanne</span> <span class='ocrx_word' id='word_1_589' title='bbox 1316 5273 1381 5336; x_wconf 90' lang='lat' dir='ltr'>filie</span> <span class='ocrx_word' id='word_1_590' title='bbox 1405 5294 1473 5354; x_wconf 90' lang='lat' dir='ltr'>sue,</span> <span class='ocrx_word' id='word_1_591' title='bbox 1491 5278 1523 5335; x_wconf 92' lang='lat' dir='ltr'>et</span> <span class='ocrx_word' id='word_1_592' title='bbox 1546 5271 1683 5335; x_wconf 90' lang='lat' dir='ltr'>aliorum</span> <span class='ocrx_word' id='word_1_593' title='bbox 1707 5270 1846 5334; x_wconf 90' lang='lat' dir='ltr'>filiorum</span> <span class='ocrx_word' id='word_1_594' title='bbox 1870 5269 1920 5333; x_wconf 86' lang='lat' dir='ltr'>vel</span> <span class='ocrx_word' id='word_1_595' title='bbox 1945 5270 2096 5352; x_wconf 89' lang='lat' dir='ltr'>filiarum,</span> <span class='ocrx_word' id='word_1_596' title='bbox 2112 5269 2140 5332; x_wconf 92' lang='lat' dir='ltr'>si</span> <span class='ocrx_word' id='word_1_597' title='bbox 2163 5269 2225 5332; x_wconf 93' lang='lat' dir='ltr'>sibi</span> <span class='ocrx_word' id='word_1_598' title='bbox 2241 5276 2424 5351; x_wconf 81' lang='lat' dir='ltr'>nascentur,</span> 
     </span>
     <span class='ocr_line' id='line_1_45' title="bbox 603 5377 2425 5463; baseline -0.004 -15"><span class='ocrx_word' id='word_1_599' title='bbox 603 5405 673 5448; x_wconf 90' lang='lat' dir='ltr'>esse</span> <span class='ocrx_word' id='word_1_600' title='bbox 698 5384 801 5448; x_wconf 89' lang='lat' dir='ltr'>voluit</span> <span class='ocrx_word' id='word_1_601' title='bbox 824 5383 987 5448; x_wconf 87' lang='lat' dir='ltr'>dominam</span> <span class='ocrx_word' id='word_1_602' title='bbox 1012 5381 1141 5448; x_wconf 85' lang='lat' dir='ltr'>Claram</span> <span class='ocrx_word' id='word_1_603' title='bbox 1165 5402 1300 5445; x_wconf 82' lang='lat' dir='ltr'>uxorem</span> <span class='ocrx_word' id='word_1_604' title='bbox 1324 5401 1427 5463; x_wconf 87' lang='lat' dir='ltr'>suam,</span> <span class='ocrx_word' id='word_1_605' title='bbox 1445 5380 1472 5442; x_wconf 77' lang='lat' dir='ltr'>si</span> <span class='ocrx_word' id='word_1_606' title='bbox 1496 5380 1556 5442; x_wconf 91' lang='lat' dir='ltr'>erit</span> <span class='ocrx_word' id='word_1_607' title='bbox 1580 5378 1737 5462; x_wconf 89' lang='lat' dir='ltr'>legittime</span> <span class='ocrx_word' id='word_1_608' title='bbox 1762 5377 1857 5441; x_wconf 88' lang='lat' dir='ltr'>etatis</span> <span class='ocrx_word' id='word_1_609' title='bbox 1880 5377 2139 5462; x_wconf 82' lang='lat' dir='ltr'>vigintiquinque</span> <span class='ocrx_word' id='word_1_610' title='bbox 2163 5397 2322 5440; x_wconf 90' lang='lat' dir='ltr'>annorum</span> <span class='ocrx_word' id='word_1_611' title='bbox 2345 5383 2425 5440; x_wconf 81' lang='lat' dir='ltr'>tenr-</span> 
     </span>
     <span class='ocr_line' id='line_1_46' title="bbox 602 5483 2425 5577; baseline -0.003 -23"><span class='ocrx_word' id='word_1_612' title='bbox 602 5512 680 5577; x_wconf 91' lang='lat' dir='ltr'>pore</span> <span class='ocrx_word' id='word_1_613' title='bbox 704 5491 816 5554; x_wconf 90' lang='lat' dir='ltr'>mortis</span> <span class='ocrx_word' id='word_1_614' title='bbox 841 5491 941 5576; x_wconf 89' lang='lat' dir='ltr'>ipsius</span> <span class='ocrx_word' id='word_1_615' title='bbox 965 5489 1088 5554; x_wconf 91' lang='lat' dir='ltr'>domini</span> <span class='ocrx_word' id='word_1_616' title='bbox 1110 5489 1248 5571; x_wconf 77' lang='lat' dir='ltr'>Alberti,</span> <span class='ocrx_word' id='word_1_617' title='bbox 1268 5487 1321 5552; x_wconf 90' lang='lat' dir='ltr'>vel</span> <span class='ocrx_word' id='word_1_618' title='bbox 1344 5488 1372 5550; x_wconf 87' lang='lat' dir='ltr'>ai</span> <span class='ocrx_word' id='word_1_619' title='bbox 1395 5508 1459 5550; x_wconf 91' lang='lat' dir='ltr'>non</span> <span class='ocrx_word' id='word_1_620' title='bbox 1483 5493 1568 5550; x_wconf 87' lang='lat' dir='ltr'>esset</span> <span class='ocrx_word' id='word_1_621' title='bbox 1592 5485 1749 5570; x_wconf 85' lang='lat' dir='ltr'>legittime</span> <span class='ocrx_word' id='word_1_622' title='bbox 1773 5485 1868 5548; x_wconf 88' lang='lat' dir='ltr'>etatis</span> <span class='ocrx_word' id='word_1_623' title='bbox 1892 5506 1930 5548; x_wconf 88' lang='lat' dir='ltr'>eo</span> <span class='ocrx_word' id='word_1_624' title='bbox 1954 5491 2108 5570; x_wconf 87' lang='lat' dir='ltr'>ternpore,</span> <span class='ocrx_word' id='word_1_625' title='bbox 2126 5483 2229 5547; x_wconf 91' lang='lat' dir='ltr'>voluit</span> <span class='ocrx_word' id='word_1_626' title='bbox 2253 5483 2338 5568; x_wconf 91' lang='lat' dir='ltr'>quod</span> <span class='ocrx_word' id='word_1_627' title='bbox 2353 5484 2425 5571; x_wconf 88' lang='lat' dir='ltr'>ipsa</span> 
     </span>
     <span class='ocr_line' id='line_1_47' title="bbox 603 5592 2424 5682; baseline -0.003 -22"><span class='ocrx_word' id='word_1_628' title='bbox 603 5598 645 5661; x_wconf 87' lang='lat' dir='ltr'>sit</span> <span class='ocrx_word' id='word_1_629' title='bbox 668 5597 770 5661; x_wconf 85' lang='lat' dir='ltr'>tutrix</span> <span class='ocrx_word' id='word_1_630' title='bbox 794 5619 867 5662; x_wconf 93' lang='lat' dir='ltr'>eum</span> <span class='ocrx_word' id='word_1_631' title='bbox 890 5597 1075 5682; x_wconf 88' lang='lat' dir='ltr'>pervenerit</span> <span class='ocrx_word' id='word_1_632' title='bbox 1099 5596 1140 5659; x_wconf 90' lang='lat' dir='ltr'>ad</span> <span class='ocrx_word' id='word_1_633' title='bbox 1163 5596 1342 5681; x_wconf 85' lang='lat' dir='ltr'>legitimam</span> <span class='ocrx_word' id='word_1_634' title='bbox 1366 5601 1486 5658; x_wconf 90' lang='lat' dir='ltr'>etatem</span> <span class='ocrx_word' id='word_1_635' title='bbox 1509 5592 1768 5678; x_wconf 81' lang='lat' dir='ltr'>vigintiquinque</span> <span class='ocrx_word' id='word_1_636' title='bbox 1793 5612 1961 5674; x_wconf 89' lang='lat' dir='ltr'>annorum,</span> <span class='ocrx_word' id='word_1_637' title='bbox 1983 5592 2009 5654; x_wconf 86' lang='lat' dir='ltr'>si</span> <span class='ocrx_word' id='word_1_638' title='bbox 2033 5611 2071 5655; x_wconf 85' lang='lat' dir='ltr'>eo</span> <span class='ocrx_word' id='word_1_639' title='bbox 2094 5597 2238 5676; x_wconf 87' lang='lat' dir='ltr'>tempore</span> <span class='ocrx_word' id='word_1_640' title='bbox 2261 5611 2326 5654; x_wconf 91' lang='lat' dir='ltr'>non</span> <span class='ocrx_word' id='word_1_641' title='bbox 2349 5612 2424 5656; x_wconf 92' lang='lat' dir='ltr'>con·</span> 
     </span>
     <span class='ocr_line' id='line_1_48' title="bbox 603 5697 2425 5790; baseline -0.003 -22"><span class='ocrx_word' id='word_1_642' title='bbox 603 5705 745 5770; x_wconf 76' lang='lat' dir='ltr'>volasset</span> <span class='ocrx_word' id='word_1_643' title='bbox 769 5704 810 5769; x_wconf 94' lang='lat' dir='ltr'>ad</span> <span class='ocrx_word' id='word_1_644' title='bbox 834 5702 993 5768; x_wconf 87' lang='lat' dir='ltr'>secundas</span> <span class='ocrx_word' id='word_1_645' title='bbox 1017 5704 1157 5790; x_wconf 87' lang='lat' dir='ltr'>nuptias.</span> <span class='ocrx_word' id='word_1_646' title='bbox 1182 5703 1266 5767; x_wconf 92' lang='lat' dir='ltr'>Item</span> <span class='ocrx_word' id='word_1_647' title='bbox 1289 5703 1374 5766; x_wconf 90' lang='lat' dir='ltr'>dieto</span> <span class='ocrx_word' id='word_1_648' title='bbox 1397 5701 1556 5766; x_wconf 86' lang='lat' dir='ltr'>Nicholao</span> <span class='ocrx_word' id='word_1_649' title='bbox 1580 5706 1612 5763; x_wconf 94' lang='lat' dir='ltr'>et</span> <span class='ocrx_word' id='word_1_650' title='bbox 1636 5699 1720 5763; x_wconf 87' lang='lat' dir='ltr'>dicto</span> <span class='ocrx_word' id='word_1_651' title='bbox 1743 5698 1909 5780; x_wconf 82' lang='lat' dir='ltr'>Johanne,</span> <span class='ocrx_word' id='word_1_652' title='bbox 1934 5705 1966 5763; x_wconf 86' lang='lat' dir='ltr'>et</span> <span class='ocrx_word' id='word_1_653' title='bbox 1990 5698 2061 5762; x_wconf 86' lang='lat' dir='ltr'>aliis</span> <span class='ocrx_word' id='word_1_654' title='bbox 2092 5697 2181 5780; x_wconf 77' lang='lat' dir='ltr'>liliis,</span> <span class='ocrx_word' id='word_1_655' title='bbox 2206 5697 2274 5760; x_wconf 88' lang='lat' dir='ltr'>sive</span> <span class='ocrx_word' id='word_1_656' title='bbox 2297 5697 2425 5762; x_wconf 86' lang='lat' dir='ltr'>filiabus</span> 
     </span>
     <span class='ocr_line' id='line_1_49' title="bbox 603 5802 2425 5893; baseline -0.004 -17"><span class='ocrx_word' id='word_1_657' title='bbox 603 5812 665 5876; x_wconf 89' lang='lat' dir='ltr'>sibi</span> <span class='ocrx_word' id='word_1_658' title='bbox 688 5812 877 5893; x_wconf 90' lang='lat' dir='ltr'>nascituris,</span> <span class='ocrx_word' id='word_1_659' title='bbox 902 5833 977 5875; x_wconf 84' lang='lat' dir='ltr'>suos</span> <span class='ocrx_word' id='word_1_660' title='bbox 1001 5831 1071 5875; x_wconf 86' lang='lat' dir='ltr'>esse</span> <span class='ocrx_word' id='word_1_661' title='bbox 1095 5810 1198 5876; x_wconf 90' lang='lat' dir='ltr'>voluit</span> <span class='ocrx_word' id='word_1_662' title='bbox 1220 5817 1343 5873; x_wconf 89' lang='lat' dir='ltr'>tutores</span> <span class='ocrx_word' id='word_1_663' title='bbox 1374 5807 1539 5872; x_wconf 91' lang='lat' dir='ltr'>dominnm</span> <span class='ocrx_word' id='word_1_664' title='bbox 1562 5807 1826 5872; x_wconf 82' lang='lat' dir='ltr'>Beneventuram</span> <span class='ocrx_word' id='word_1_665' title='bbox 1849 5805 1889 5868; x_wconf 91' lang='lat' dir='ltr'>de</span> <span class='ocrx_word' id='word_1_666' title='bbox 1913 5804 2101 5890; x_wconf 89' lang='lat' dir='ltr'>Paganellis</span> <span class='ocrx_word' id='word_1_667' title='bbox 2124 5802 2164 5867; x_wconf 89' lang='lat' dir='ltr'>de</span> <span class='ocrx_word' id='word_1_668' title='bbox 2188 5803 2369 5888; x_wconf 85' lang='lat' dir='ltr'>Argallata,</span> <span class='ocrx_word' id='word_1_669' title='bbox 2392 5811 2425 5868; x_wconf 91' lang='lat' dir='ltr'>et</span> 
     </span>
     <span class='ocr_line' id='line_1_50' title="bbox 603 5913 1892 5998; baseline -0.005 -16"><span class='ocrx_word' id='word_1_670' title='bbox 603 5941 654 5984; x_wconf 89' lang='lat' dir='ltr'>me</span> <span class='ocrx_word' id='word_1_671' title='bbox 677 5919 844 5984; x_wconf 88' lang='lat' dir='ltr'>Andream</span> <span class='ocrx_word' id='word_1_672' title='bbox 867 5919 1021 5984; x_wconf 85' lang='lat' dir='ltr'>Petrizoli</span> <span class='ocrx_word' id='word_1_673' title='bbox 1044 5917 1208 5982; x_wconf 86' lang='lat' dir='ltr'>Albertini</span> <span class='ocrx_word' id='word_1_674' title='bbox 1231 5916 1270 5980; x_wconf 90' lang='lat' dir='ltr'>de</span> <span class='ocrx_word' id='word_1_675' title='bbox 1294 5915 1430 5996; x_wconf 90' lang='lat' dir='ltr'>Badalo,</span> <span class='ocrx_word' id='word_1_676' title='bbox 1456 5914 1617 5979; x_wconf 86' lang='lat' dir='ltr'>notarium</span> <span class='ocrx_word' id='word_1_677' title='bbox 1641 5913 1892 5998; x_wconf 86' lang='lat' dir='ltr'>infrascriptum.</span> 
     </span>
    </p>

    <p class='ocr_par' dir='ltr' id='par_1_6' title="bbox 602 6017 2425 6425">
     <span class='ocr_line' id='line_1_51' title="bbox 692 6017 2425 6112; baseline -0.004 -20"><span class='ocrx_word' id='word_1_678' title='bbox 692 6027 775 6092; x_wconf 90' lang='lat' dir='ltr'>Item</span> <span class='ocrx_word' id='word_1_679' title='bbox 799 6026 912 6111; x_wconf 89' lang='lat' dir='ltr'>voluit,</span> <span class='ocrx_word' id='word_1_680' title='bbox 933 6027 1031 6112; x_wconf 86' lang='lat' dir='ltr'>jussit</span> <span class='ocrx_word' id='word_1_681' title='bbox 1054 6033 1087 6090; x_wconf 90' lang='lat' dir='ltr'>et</span> <span class='ocrx_word' id='word_1_682' title='bbox 1110 6024 1276 6088; x_wconf 89' lang='lat' dir='ltr'>mandavit</span> <span class='ocrx_word' id='word_1_683' title='bbox 1299 6023 1385 6108; x_wconf 91' lang='lat' dir='ltr'>quod</span> <span class='ocrx_word' id='word_1_684' title='bbox 1408 6022 1585 6087; x_wconf 86' lang='lat' dir='ltr'>Nioholaus</span> <span class='ocrx_word' id='word_1_685' title='bbox 1609 6021 1693 6085; x_wconf 89' lang='lat' dir='ltr'>filius</span> <span class='ocrx_word' id='word_1_686' title='bbox 1718 6043 1794 6084; x_wconf 88' lang='lat' dir='ltr'>suus</span> <span class='ocrx_word' id='word_1_687' title='bbox 1815 6027 1847 6083; x_wconf 92' lang='lat' dir='ltr'>et</span> <span class='ocrx_word' id='word_1_688' title='bbox 1870 6019 2022 6083; x_wconf 84' lang='lat' dir='ltr'>Johanna</span> <span class='ocrx_word' id='word_1_689' title='bbox 2045 6018 2112 6081; x_wconf 92' lang='lat' dir='ltr'>filia</span> <span class='ocrx_word' id='word_1_690' title='bbox 2135 6041 2205 6100; x_wconf 90' lang='lat' dir='ltr'>sua,</span> <span class='ocrx_word' id='word_1_691' title='bbox 2229 6025 2261 6082; x_wconf 91' lang='lat' dir='ltr'>et</span> <span class='ocrx_word' id='word_1_692' title='bbox 2289 6018 2344 6081; x_wconf 90' lang='lat' dir='ltr'>alii</span> <span class='ocrx_word' id='word_1_693' title='bbox 2367 6017 2425 6085; x_wconf 89' lang='lat' dir='ltr'>filii</span> 
     </span>
     <span class='ocr_line' id='line_1_52' title="bbox 603 6124 2424 6222; baseline -0.007 -22"><span class='ocrx_word' id='word_1_694' title='bbox 603 6135 658 6222; x_wconf 87' lang='lat' dir='ltr'>qui</span> <span class='ocrx_word' id='word_1_695' title='bbox 681 6136 712 6200; x_wconf 92' lang='lat' dir='ltr'>ei</span> <span class='ocrx_word' id='word_1_696' title='bbox 735 6141 910 6199; x_wconf 89' lang='lat' dir='ltr'>nascentur</span> <span class='ocrx_word' id='word_1_697' title='bbox 934 6155 976 6198; x_wconf 81' lang='lat' dir='ltr'>ex</span> <span class='ocrx_word' id='word_1_698' title='bbox 999 6133 1129 6198; x_wconf 89' lang='lat' dir='ltr'>domina</span> <span class='ocrx_word' id='word_1_699' title='bbox 1153 6131 1260 6213; x_wconf 84' lang='lat' dir='ltr'>Clara,</span> <span class='ocrx_word' id='word_1_700' title='bbox 1284 6130 1424 6195; x_wconf 91' lang='lat' dir='ltr'>debeant</span> <span class='ocrx_word' id='word_1_701' title='bbox 1447 6129 1577 6211; x_wconf 91' lang='lat' dir='ltr'>morari,</span> <span class='ocrx_word' id='word_1_702' title='bbox 1594 6128 1636 6192; x_wconf 90' lang='lat' dir='ltr'>ali</span> <span class='ocrx_word' id='word_1_703' title='bbox 1665 6134 1698 6192; x_wconf 89' lang='lat' dir='ltr'>et</span> <span class='ocrx_word' id='word_1_704' title='bbox 1721 6127 1835 6191; x_wconf 91' lang='lat' dir='ltr'>nutriri</span> <span class='ocrx_word' id='word_1_705' title='bbox 1861 6147 1959 6212; x_wconf 90' lang='lat' dir='ltr'>penes</span> <span class='ocrx_word' id='word_1_706' title='bbox 1983 6124 2146 6188; x_wconf 88' lang='lat' dir='ltr'>dominam</span> <span class='ocrx_word' id='word_1_707' title='bbox 2170 6125 2300 6190; x_wconf 85' lang='lat' dir='ltr'>Claram</span> <span class='ocrx_word' id='word_1_708' title='bbox 2323 6124 2424 6189; x_wconf 89' lang='lat' dir='ltr'>donec</span> 
     </span>
     <span class='ocr_line' id='line_1_53' title="bbox 602 6230 2425 6330; baseline -0.008 -22"><span class='ocrx_word' id='word_1_709' title='bbox 602 6242 786 6330; x_wconf 87' lang='lat' dir='ltr'>pervenerit</span> <span class='ocrx_word' id='word_1_710' title='bbox 817 6242 886 6306; x_wconf 86' lang='lat' dir='ltr'>sive</span> <span class='ocrx_word' id='word_1_711' title='bbox 917 6240 1125 6328; x_wconf 81' lang='lat' dir='ltr'>pervenerint</span> <span class='ocrx_word' id='word_1_712' title='bbox 1155 6238 1196 6302; x_wconf 92' lang='lat' dir='ltr'>ad</span> <span class='ocrx_word' id='word_1_713' title='bbox 1226 6238 1449 6324; x_wconf 88' lang='lat' dir='ltr'>pubertatem,</span> <span class='ocrx_word' id='word_1_714' title='bbox 1475 6242 1508 6300; x_wconf 91' lang='lat' dir='ltr'>et</span> <span class='ocrx_word' id='word_1_715' title='bbox 1530 6235 1593 6300; x_wconf 90' lang='lat' dir='ltr'>sint</span> <span class='ocrx_word' id='word_1_716' title='bbox 1625 6235 1693 6298; x_wconf 88' lang='lat' dir='ltr'>sive</span> <span class='ocrx_word' id='word_1_717' title='bbox 1726 6233 1846 6298; x_wconf 89' lang='lat' dir='ltr'>fuerint</span> <span class='ocrx_word' id='word_1_718' title='bbox 1874 6235 1908 6297; x_wconf 91' lang='lat' dir='ltr'>in</span> <span class='ocrx_word' id='word_1_719' title='bbox 1938 6232 2092 6319; x_wconf 89' lang='lat' dir='ltr'>pupillari</span> <span class='ocrx_word' id='word_1_720' title='bbox 2123 6238 2218 6296; x_wconf 89' lang='lat' dir='ltr'>etate.</span> <span class='ocrx_word' id='word_1_721' title='bbox 2243 6230 2286 6296; x_wconf 88' lang='lat' dir='ltr'>Et</span> <span class='ocrx_word' id='word_1_722' title='bbox 2312 6231 2374 6296; x_wconf 91' lang='lat' dir='ltr'>hoo</span> <span class='ocrx_word' id='word_1_723' title='bbox 2397 6231 2425 6294; x_wconf 78' lang='lat' dir='ltr'>ri</span> 
     </span>
     <span class='ocr_line' id='line_1_54' title="bbox 603 6338 2424 6425; baseline -0.008 -10"><span class='ocrx_word' id='word_1_724' title='bbox 603 6350 690 6415; x_wconf 90' lang='lat' dir='ltr'>dicta</span> <span class='ocrx_word' id='word_1_725' title='bbox 713 6349 844 6414; x_wconf 87' lang='lat' dir='ltr'>domina</span> <span class='ocrx_word' id='word_1_726' title='bbox 868 6348 965 6416; x_wconf 85' lang='lat' dir='ltr'>Clara</span> <span class='ocrx_word' id='word_1_727' title='bbox 997 6369 1061 6412; x_wconf 91' lang='lat' dir='ltr'>non</span> <span class='ocrx_word' id='word_1_728' title='bbox 1094 6345 1315 6412; x_wconf 84' lang='lat' dir='ltr'>convolaverit</span> <span class='ocrx_word' id='word_1_729' title='bbox 1345 6344 1387 6409; x_wconf 88' lang='lat' dir='ltr'>ad</span> <span class='ocrx_word' id='word_1_730' title='bbox 1417 6341 1559 6408; x_wconf 84' lang='lat' dir='ltr'>secunda</span> <span class='ocrx_word' id='word_1_731' title='bbox 1588 6349 1682 6425; x_wconf 89' lang='lat' dir='ltr'>vota,</span> <span class='ocrx_word' id='word_1_732' title='bbox 1706 6349 1781 6405; x_wconf 90' lang='lat' dir='ltr'>tunc</span> <span class='ocrx_word' id='word_1_733' title='bbox 1812 6348 1845 6405; x_wconf 93' lang='lat' dir='ltr'>et</span> <span class='ocrx_word' id='word_1_734' title='bbox 1872 6362 1910 6405; x_wconf 96' lang='lat' dir='ltr'>eo</span> <span class='ocrx_word' id='word_1_735' title='bbox 1934 6361 2010 6404; x_wconf 88' lang='lat' dir='ltr'>casu</span> <span class='ocrx_word' id='word_1_736' title='bbox 2035 6339 2151 6403; x_wconf 87' lang='lat' dir='ltr'>debeat</span> <span class='ocrx_word' id='word_1_737' title='bbox 2190 6339 2257 6402; x_wconf 80' lang='lat' dir='ltr'>rive</span> <span class='ocrx_word' id='word_1_738' title='bbox 2285 6338 2424 6403; x_wconf 89' lang='lat' dir='ltr'>debeant</span> 
     </span>
    </p>
   </div>
   <div class='ocr_carea' id='block_1_3' title="bbox 0 0 2750 7748">
    <p class='ocr_par' dir='ltr' id='par_1_7' title="bbox 0 0 2750 7748">
     <span class='ocr_line' id='line_1_55' title="bbox 0 0 2750 7748; baseline 0 0"><span class='ocrx_word' id='word_1_739' title='bbox 0 0 2750 7748; x_wconf 95' lang='lat' dir='ltr'> </span> 
     </span>
    </p>
   </div>
  </div>
 </body>
</html>
