5492 7750
1402 657 1641 706 MONUMENTA

1497 1005 1542 1070 II.

1381 1185 1477 1268 1217,
1500 1186 1544 1248 26
1567 1185 1658 1250 iunii.

1252 1361 1304 1426 Ex
1328 1361 1441 1426 eodem
1464 1369 1562 1444 tomo,
1589 1383 1673 1426 num.
1698 1361 1790 1426 xlv.

751 1558 920 1644 [lnjnnpit
944 1558 1149 1642 Scholunbns,
1173 1580 1210 1625 ne
1231 1559 1461 1625 bononiensium
1485 1559 1608 1624 Statura
1630 1567 1736 1624 cernuo
1758 1581 1863 1625 corum
1886 1561 2051 1626 libertatern
2070 1563 2280 1646 promulgato,

1239 1667 1303 1732 nlo
1322 1675 1411 1753 pecto
1434 1689 1556 1732 cercuro
1574 1666 1793 1752 promittuutJ.

697 1864 863 1929 Honorius
896 1864 1006 1929 nlo)
1032 1863 1240 1929 Scholaribus
1264 1864 1423 1928 universis
1448 1863 1487 1927 de
1511 1863 1615 1945 Urbe,
1639 1863 1679 1928 de
1702 1864 1881 1951 Campania
1904 1875 1936 1929 et
1959 1865 1998 1930 de
2023 1865 2140 1929 Tuscia
2164 1865 2309 1931 Bononia
2335 1889 2420 1932 coru-

607 1972 819 2037 morantibus.

696 2079 769 2145 Etsi
790 2079 926 2146 multam
948 2080 1161 2162 honestatem,
1186 2079 1249 2144 imo
1274 2080 1498 2144 necessitatem
1522 2079 1604 2143 sicut
1628 2079 1780 2163 asseritis,
1804 2101 1903 2144 causa
1923 2081 2095 2162 contineat,
2113 2102 2175 2167 que
2198 2103 2256 2146 vos
2280 2081 2321 2146 ad
2346 2105 2421 2147 eon·

607 2185 800 2251 trahendam
824 2187 1010 2251 societatem
1034 2187 1180 2270 induxit,
1205 2187 1280 2273 quia
1303 2193 1411 2251 tamen
1435 2186 1613 2268 interdum,
1638 2208 1677 2250 ca
1700 2208 1761 2272 que
1784 2187 1869 2252 bono
1897 2187 2089 2252 inchoantur
2111 2188 2269 2274 principio
2293 2189 2323 2253 in
2349 2211 2421 2276 pra·

606 2316 683 2358 vum
706 2294 910 2359 deducuntur
939 2295 1063 2358 exitum
1093 2315 1151 2380 per
1182 2295 1328 2376 abusum,
1353 2293 1500 2379 diligenti
1524 2315 1580 2358 vos
1604 2293 1695 2357 decet
1719 2294 1933 2359 sollieitudine
1957 2316 2147 2380 precavere,
2171 2317 2230 2379 ne,
2254 2297 2421 2362 occasione

606 2402 770 2466 societatis
793 2402 938 2489 ipsinaa
969 2402 1060 2466 vobis
1092 2402 1201 2487 aliqua
1231 2409 1475 2486 presumuntur,
1500 2423 1562 2486 que
1587 2401 1811 2466 scholasticam
1834 2401 1865 2465 in
1891 2402 1999 2489 aliquo
2028 2401 2205 2467 dedeceant
2236 2404 2419 2490 puritatem.

607 2508 813 2596 Quapropter
836 2509 1089 2574 Universitatem
1113 2516 1254 2573 vestram
1287 2530 1453 2573 monemus
1483 2516 1515 2572 et
1547 2508 1757 2573 exhortamur
1787 2509 1818 2573 in
1850 2510 2006 2592 Domino,
2030 2531 2089 2596 per
2119 2510 2296 2596 apostolica
2327 2511 2419 2574 vebis

606 2619 727 2705 scripta
746 2618 948 2702 mandantes,
966 2625 1124 2704 qnatenus
1141 2618 1174 2680 in
1190 2616 1313 2680 artibus
1337 2616 1452 2680 vestris
1476 2638 1548 2680 eam
1572 2617 1611 2681 de
1636 2624 1742 2682 cetero
1765 2617 1953 2682 modestiam
1971 2617 2158 2702 observetis,
2175 2625 2210 2682 ut
2234 2625 2265 2683 et
2289 2618 2421 2683 infamia

525 2721 533 2730 “
606 2731 716 2790 notam
747 2735 780 2790 et
811 2747 919 2790 rerum
950 2724 1153 2812 dispendium
1181 2724 1311 2788 omnino
1334 2723 1456 2804 vitetis3
1482 2723 1521 2787 de
1545 2723 1675 2788 civitate
1698 2724 1805 2806 exire,
1830 2745 1926 2811 qnam
1950 2724 2084 2810 perjurii
2108 2731 2233 2788 reatum
2258 2725 2420 2790 incurrere

605 2833 713 2920 potius
736 2833 903 2919 eligentes,
929 2835 956 2897 si
979 2833 1021 2896 ad
1044 2833 1183 2897 alterum
1205 2831 1422 2918 predictorum
1445 2852 1503 2916 per
1527 2837 1719 2916 potestatem
1743 2831 1913 2917 eontigerit
1936 2853 1992 2896 vos
2017 2831 2150 2896 arctari:
2176 2853 2233 2896 vos
2260 2833 2346 2896 enim
2369 2854 2420 2896 so·

606 2941 757 3006 cietatem
780 2941 972 3024 dissolvere,
996 2949 1052 3005 ant
1076 2946 1232 3004 statutum
1256 2939 1335 3002 illud
1360 2943 1471 3003 contra
1493 2937 1677 3003 libertatem
1700 2938 1894 3004 scholarium
1914 2939 2029 3003 vestris
2047 2938 2183 3004 Statntis
2199 2939 2340 3003 inserere
2357 2961 2420 3004 non

606 3049 751 3135 potestis,
769 3049 825 3136 qui
840 3056 1011 3133 utrumque
1028 3068 1158 3112 servare
1175 3052 1207 3109 et
1231 3067 1327 3131 quam
1351 3046 1485 3132 potestis
1508 3045 1693 3131 diligentius
1716 3067 1898 3131 procurare,
1919 3044 1981 3110 fide
2003 3045 2202 3132 interposita,
2218 3045 2420 3133 promisistis.

694 3157 817 3222 Datum
838 3156 989 3242 Anagnia
1013 3162 1106 3219 sexto
1129 3153 1286 3218 kalendas
1307 3155 1402 3238 junii,
1427 3153 1637 3217 Pontificatus
1662 3153 1762 3217 nostri
1786 3173 1869 3217 anno
1895 3153 2007 3238 primo.

1484 3437 1547 3502 ΙΙΙ.

1376 3619 1472 3700 1219,
1496 3619 1539 3680 27
1563 3619 1652 3681 iunii.

1246 3796 1298 3860 Ex
1322 3796 1435 3861 eodem
1458 3802 1555 3877 tonte,
1579 3816 1666 3858 num.
1690 3793 1781 3858 XVI.

657 4000 680 4083 [
686 3999 864 4064 Potentem
887 3995 1110 4060 Archidiocono
1131 3993 1237 4058 bonon.
1262 3994 1397 4079 largitur
1419 3993 1552 4057 soluendi
1574 4013 1594 4056 a
1617 3994 1753 4057 censionis
1778 3994 1979 4058 eccleamsticis
2002 3995 2152 4060 sclsolures
2175 4017 2211 4058 uc
2233 3995 2367 4058 doctores

1006 4103 1214 4185 bononienses,
1238 4105 1292 4187 qui
1315 4103 1459 4166 uiolentus
1481 4123 1592 4164 munna
1614 4103 1646 4164 in
1670 4102 1790 4165 clericos
1815 4102 1984 4178 injecissent
1989 4100 2022 4183 ].

691 4303 858 4368 Honorius
880 4300 945 4365 Ill.
960 4299 998 4364 (2)
1022 4297 1261 4364 Archidiacono
1284 4297 1488 4362 bononiensi.

694 4409 912 4475 Consideratis
929 4405 1178 4490 circumstantija
1194 4411 1375 4491 ternporum
1391 4412 1423 4468 et
1442 4405 1596 4486 locorum,
1609 4404 1696 4490 rigor
1715 4405 1839 4488 justitie
1864 4403 1959 4468 debet
1974 4404 2149 4491 aliqnando
2165 4406 2414 4472 mansuetudine

603 4517 794 4605 temperari,
819 4522 855 4581 nt
877 4515 944 4579 vini
967 4514 1170 4600 compunctio
1192 4513 1325 4576 lenitate
1349 4512 1410 4576 olei
1436 4511 1601 4596 mitigetur
1623 4519 1655 4576 et
1685 4518 1835 4598 peccator
1865 4511 1898 4576 in
1929 4510 2125 4598 profundum
2155 4533 2220 4577 non
2248 4514 2358 4577 veniat
2387 4520 2420 4577 et

607 4631 808 4708 contemnat,
833 4623 1002 4710 presertim
1026 4643 1099 4685 aum
1122 4620 1191 4684 sine
1216 4619 1382 4706 dispendio
1407 4618 1615 4684 ecelesiarum
1638 4640 1868 4705 usquequaque
1892 4619 2014 4682 servari
2039 4640 2103 4684 non
2128 4619 2229 4706 possit
2252 4620 2345 4706 vigor
2369 4643 2420 4684 ec·

605 4733 784 4799 clesiastice
808 4731 986 4817 discipline.
1012 4729 1098 4792 Sane
1126 4748 1199 4792 cum
1223 4749 1299 4813 sepe
1323 4727 1489 4810 contingat
1512 4725 1596 4811 quod
1624 4726 1656 4790 iu
1688 4726 1816 4790 civitate
1848 4726 2038 4791 bononiensi
2068 4726 2177 4812 plnres
2208 4726 2355 4791 doctores
2387 4736 2419 4792 et

606 4840 769 4906 scholares
797 4844 928 4925 propter
952 4836 1110 4901 violentas
1133 4833 1321 4898 iniectiones
1352 4853 1505 4896 manuum
1529 4832 1560 4895 in
1585 4833 1717 4896 clericos
1745 4833 2013 4897 excommunicati
2038 4833 2205 4916 decedant,
2228 4854 2265 4897 ac
2289 4833 2345 4918 alij
2370 4854 2420 4897 re-

605 4949 741 5013 duentes
765 4945 806 5010 ad
829 4943 961 5032 propria
983 4947 1236 5030 promoveantur
1262 4939 1304 5004 ad
1332 4940 1459 5004 ordines
1490 4939 1699 5004 absolutionis
1731 4939 1886 5004 beneficio
1919 4961 1982 5004 non
2010 4940 2159 5021 obtento,
2184 4940 2287 5022 unde,
2312 4947 2420 5026 preter

604 5055 879 5141 irregularitatem
903 5073 1001 5138 qnam
1023 5052 1201 5132 incurrunt,
1222 5048 1400 5135 improvide
1424 5049 1456 5111 in
1479 5046 1665 5132 hujusmodi
1689 5046 1780 5111 multi
1802 5047 1946 5111 nolentes
1971 5069 2063 5111 sunm
2088 5047 2231 5111 confiteri
2255 5046 2419 5130 delictum,

604 5169 797 5252 paupertate
820 5161 873 5225 vel
896 5158 1081 5224 infirmitate
1104 5157 1242 5243 gravati,
1260 5156 1309 5220 vel
1336 5155 1416 5220 alias
1439 5155 1658 5219 imbecillitate
1683 5155 1781 5218 animi
1797 5155 2001 5236 dormientes,
2019 5176 2058 5218 ne
2076 5154 2215 5219 confessi
2235 5155 2276 5218 ad
2301 5153 2420 5218 Sedem

605 5271 815 5360 apostolicam
841 5267 1111 5346 transmittantur,
1137 5263 1332 5350 inpeccatis
1356 5263 1422 5326 suis
1446 5262 1671 5327 miserabiliter
1694 5263 1882 5344 moriuntur,
1899 5261 1966 5326 Nos
1992 5263 2091 5347 igitur
2115 5284 2212 5348 super
2233 5261 2419 5346 hujusmodi

603 5379 755 5468 periculis
776 5377 921 5442 volentes
938 5374 1060 5439 eisdem
1075 5371 1259 5437 doctoribus
1276 5379 1308 5435 et
1324 5370 1523 5436 scholaribus
1540 5377 1674 5456 paterne
1690 5370 1904 5434 sollicitudine
1921 5368 2100 5456 providere,
2117 5391 2254 5456 qnorum
2270 5370 2419 5434 nolumus

603 5489 686 5554 sicut
718 5508 777 5551 nee
812 5483 961 5570 expedit,
988 5480 1137 5546 Studium
1159 5501 1217 5566 per
1240 5479 1419 5543 absentiam
1443 5478 1608 5564 impediri,
1634 5479 1824 5542 auctoritate
1848 5477 1905 5542 tibi
1930 5477 2127 5564 presentium
2155 5476 2360 5562 indulgemus
2384 5483 2420 5540 ut

603 5595 681 5681 ipsis
698 5593 753 5679 qui
770 5592 811 5655 ad
828 5591 965 5654 invicem
990 5588 1022 5651 in
1047 5606 1091 5668 se,
1109 5592 1165 5649 aut
1180 5585 1213 5648 in
1230 5585 1311 5648 alias
1326 5607 1481 5670 personas
1504 5585 1737 5649 ecclesiasticas
1754 5606 1867 5648 manus
1892 5583 2058 5648 iniecerint
2082 5582 2251 5666 violentas,
2269 5583 2331 5647 nisi
2351 5589 2419 5646 tam

603 5701 712 5789 gravis
737 5699 844 5782 luerit,
862 5705 918 5761 aut
942 5696 1081 5760 enormis
1106 5714 1257 5757 excessus
1274 5700 1309 5756 ut
1330 5693 1443 5757 merito
1460 5693 1523 5756 sint
1540 5692 1580 5756 ad
1598 5692 1714 5756 Sedem
1731 5692 1940 5777 apostolicam
1957 5690 2151 5772 destinandi,
2166 5691 2262 5773 juxta
2283 5689 2419 5755 formam

601 5809 747 5876 Ecclesic
779 5806 971 5872 beneficium
1003 5800 1214 5866 absolutionis
1246 5799 1422 5886 impendas.
1445 5799 1535 5864 Nulli
1566 5821 1643 5885 crgo
1676 5799 1804 5864 omnino
1827 5799 1994 5863 homiuum
2025 5797 2121 5862 liceat
2150 5797 2234 5861 hanc
2266 5797 2419 5883 paginam

603 5924 711 5983 nostre
742 5911 957 5980 concessionis
988 5909 1182 5994 infringere,
1207 5907 1260 5971 vel
1291 5909 1320 5971 ei
1353 5929 1434 5971 ausu
1461 5908 1630 5971 temerario
1662 5907 1838 5988 contraire;
1870 5906 1992 5991 siquis
2024 5914 2132 5969 autem
2164 5905 2225 5968 hoc
2257 5910 2418 5968 attentare

602 6021 844 6113 presumpserit,
870 6018 1126 6104 indignationem
1151 6014 1378 6101 omnipotentis
1401 6014 1463 6079 Dei
1487 6036 1524 6078 ae
1548 6013 1716 6078 beatorum
1743 6014 1829 6077 Petri
1853 6020 1885 6077 et
1908 6013 2003 6077 Pauli
2028 6012 2247 6099 apostolorum
2271 6013 2359 6096 ejus,
2385 6033 2419 6075 se

602 6133 728 6199 noverit
751 6131 965 6194 incursurum.

692 6239 815 6303 Datum
837 6236 941 6300 Reate
966 6234 1077 6320 quinto
1100 6231 1257 6296 kalendas
1278 6229 1362 6315 julii,
1386 6229 1596 6295 Pontificatus
1622 6229 1723 6294 nostri
1747 6250 1831 6293 anno
1856 6229 1960 6292 tertio.

681 6524 720 6589 (1)
735 6522 775 6572 Ex
789 6521 857 6589 Reg.
871 6519 893 6572 l.
908 6518 1022 6570 Honorii
1036 6515 1332 6585 111.,ep.4ea,t110.
1621 6514 1660 6579 (2)
1679 6512 1720 6563 Ex
1740 6512 1807 6581 Reg.
1821 6511 1857 6564 ll.
1869 6512 1982 6564 Honorii
2003 6511 2070 6576 111,
2090 6529 2133 6580 ep.
2147 6514 2208 6576 509,
2225 6509 2244 6562 f.
2261 6513 2319 6562 107.
