5490 7750
654 621 728 692 164
1438 641 1679 692 nouunnunu

649 795 809 860 missionis
834 796 867 860 in
890 796 991 860 alium
1014 816 1033 860 a
1059 795 1203 882 quolibet
1227 794 1312 860 saeta
1330 795 1362 860 id
1379 795 1582 882 aliquatenus
1604 797 1755 883 impediri
1771 797 1957 884 permittas3
1974 796 2031 862 sed
2047 799 2093 861 ita
2108 803 2235 862 nostras
2251 798 2284 862 in
2300 798 2362 863 hae
2376 807 2464 885 parte

649 923 762 989 preoes
786 903 953 986 exaudias,
977 903 1060 968 siout
1083 908 1156 966 tuas
1180 924 1200 965 a
1224 901 1326 986 nobis,
1352 923 1424 966 oum
1448 902 1671 988 opportunitas
1696 924 1730 968 se
1755 901 1907 968 obtulerit
1931 908 1981 986 et,
2007 911 2163 989 quantum
2187 925 2260 968 oum
2282 903 2354 969 Deo
2378 911 2463 991 pote-

648 1011 758 1095 rimus,
781 1010 922 1076 volueris
946 1010 1104 1075 exaudiri.
1122 1010 1161 1074 In
1185 1010 1246 1076 hoo
1270 1011 1356 1076 enim
1379 1010 1462 1074 siout
1485 1010 1645 1075 oredimus
1669 1009 1802 1096 dignam
1825 1031 1845 1075 a
1865 1011 1936 1076 Deo
1952 1011 2132 1075 mercedem
2149 1011 2294 1098 recipies,
2312 1020 2344 1077 et
2360 1034 2464 1078 eoram

650 1118 834 1184 hominibus
857 1119 986 1183 laudem
1009 1118 1219 1204 multiplicem
1243 1139 1308 1184 non
1332 1118 1491 1183 immerito
1516 1118 1696 1205 reportabis
1721 1167 1962 1184 ........

1519 1439 1596 1504 VII.

1451 1655 1546 1718 Antio
1572 1655 1667 1718 1163.

1224 1868 1277 1933 Ex
1302 1869 1415 1934 eodem
1438 1875 1536 1952 tomo,
1561 1868 1631 1933 doe.
1654 1868 1733 1950 VL,
1756 1889 1783 1933 o.
1809 1871 1850 1932 23
1875 1889 1901 1932 r.

736 2084 927 2150 Alexander
950 2106 1036 2172 papa
1059 2084 1122 2149 III.
1138 2085 1176 2149 (1)
1200 2085 1318 2148 illustri
1340 2084 1523 2169 Anglorum
1546 2085 1626 2170 regi.

737 2192 924 2278 Antequam
948 2192 1081 2256 secundi
1105 2193 1208 2256 nuntii
1233 2193 1279 2256 tui
1304 2192 1345 2256 ad
1369 2203 1513 2256 nostram
1536 2193 1733 2278 presentiam
1764 2192 1988 2275 secessissent,
2012 2192 2120 2257 dileoti
2145 2192 2203 2256 filii
2227 2193 2329 2257 nostri
2351 2191 2393 2256 R.
2418 2213 2465 2255 ar-

651 2300 858 2365 ohidiaoouus
883 2300 1127 2364 saresberiensis
1153 2307 1184 2364 et
1207 2299 1366 2364 Ricardus
1390 2300 1457 2363 Bar
1480 2306 1512 2364 et
1537 2300 1692 2386 magister
1716 2299 1757 2364 D.
1782 2305 1891 2365 nostro
1916 2321 1949 2364 se
1974 2299 2159 2387 conspectui
2182 2306 2419 2386 presentarunt,
2436 2308 2466 2364 et

650 2407 793 2472 iniuncto
818 2407 879 2472 sibi
902 2407 1048 2491 negooio,
1065 2428 1193 2471 omnem
1210 2427 1306 2492 quam
1330 2406 1438 2470 deouit
1455 2426 1566 2470 euram
1590 2413 1622 2470 et
1645 2406 1895 2471 sollicitudinem
1919 2405 2145 2490 adhibuerunt,
2162 2413 2194 2470 et
2219 2406 2306 2493 apud
2322 2427 2381 2471 nos
2396 2406 2466 2493 plus

648 2514 733 2579 iusto
758 2515 857 2578 etiam
879 2514 1075 2579 institerunt.
1099 2513 1194 2578 Unde
1219 2535 1291 2578 oum
1317 2514 1391 2598 olijs
1415 2513 1716 2599 supervenientibus
1741 2520 1774 2578 et
1797 2514 1873 2600 quia
1896 2513 1930 2578 in
1952 2513 2080 2578 labores
2105 2513 2234 2578 illorum
2265 2513 2467 2595 intrantibus,

648 2643 698 2704 ea,
716 2643 777 2707 que
795 2621 887 2686 nobis
909 2627 1145 2709 proposuerant
1168 2621 1275 2684 looum
1300 2641 1504 2706 nequaquam
1524 2620 1699 2704 habebant,
1717 2621 1835 2706 prefati
1858 2619 1920 2685 viri
1943 2641 2009 2684 una
2033 2641 2107 2685 oum
2130 2620 2214 2705 alijs,
2232 2620 2288 2706 qui
2308 2627 2467 2707 postremo

648 2737 815 2814 venerant,
840 2729 1012 2814 diligentes
1036 2735 1068 2792 et
1092 2729 1228 2792 studiosi
1250 2728 1396 2811 fuerunt,
1421 2735 1453 2792 et
1477 2729 1618 2792 maxime
1643 2727 1788 2814 prefatus
1812 2727 2059 2793 archidiaconus
2083 2735 2115 2793 et
2139 2728 2294 2813 magister
2316 2727 2359 2792 D.
2383 2735 2467 2814 post·

650 2860 747 2924 quam
770 2838 811 2903 R.
836 2838 941 2903 socius
965 2838 1095 2901 illorum
1118 2859 1138 2900 a
1162 2844 1273 2901 nostra
1297 2837 1395 2901 Curia
1418 2844 1613 2920 rooesserat,
1638 2858 1702 2901 nou
1734 2838 1839 2902 solum
1870 2836 1953 2901 siout
1985 2843 2017 2900 et
2048 2837 2146 2901 ceteri
2169 2837 2211 2900 ad
2234 2837 2468 2924 promotionem

648 2945 770 3031 negotii
794 2945 841 3009 tui
865 2967 937 3010 oum
962 2945 1054 3029 alijs,
1080 2944 1135 3008 sed
1160 2945 1258 3008 etiam
1282 2945 1350 3008 sine
1374 2945 1438 3007 illis
1461 2943 1579 3008 diserte
1611 2966 1649 3009 ao
1680 2945 1816 3009 sollicite
1843 2944 2043 3009 laborarunt.
2066 2944 2208 3028 Verum,
2233 2945 2261 3008 si
2285 2944 2324 3008 de
2348 2945 2466 3008 illisio

648 3055 722 3138 alijs
746 3054 848 3118 literis
873 3054 990 3118 nostris
1015 3055 1210 3118 mentionem
1234 3075 1296 3117 non
1321 3053 1465 3135 fecimus,
1483 3053 1595 3116 mirari
1618 3075 1682 3118 non
1702 3053 1810 3136 debes,
1828 3074 1887 3118 neo
1903 3053 1935 3117 id
1953 3053 2018 3118 alia
2034 3052 2147 3118 eredas
2163 3053 2288 3118 ratione
2305 3054 2466 3135 omissum,

647 3162 709 3225 nisi
733 3163 809 3249 quia
833 3161 965 3226 secundi
989 3161 1093 3225 nuntii
1116 3162 1163 3225 tui
1187 3182 1245 3247 pro
1270 3182 1308 3225 eo
1333 3161 1418 3246 quod
1442 3182 1514 3224 oum
1538 3161 1601 3224 illis
1627 3183 1691 3224 non
1715 3167 1885 3244 venerant,
1910 3161 1997 3248 ipsos
2028 3161 2060 3224 in
2091 3159 2194 3225 literis
2223 3161 2289 3224 suis
2314 3160 2467 3226 nolebant

648 3270 777 3356 apponi,
803 3269 860 3333 sed
883 3269 966 3333 siout
990 3269 1126 3333 verbum
1150 3269 1273 3353 gratius
1298 3275 1330 3331 et
1353 3269 1457 3353 magis
1482 3275 1650 3355 acceptum
1674 3268 1859 3350 attulerant,
1884 3269 1929 3333 sio
1952 3289 2142 3354 responsum
2165 3269 2255 3354 regie
2279 3268 2467 3332 sublimitati

647 3376 708 3441 soli
731 3383 896 3462 reportare
920 3376 1084 3458 solebant,
1108 3376 1182 3440 lieet
1206 3382 1391 3439 constanter
1413 3383 1630 3462 proponerent
1654 3375 1739 3461 quod
1763 3397 1817 3440 eos
1841 3382 1913 3461 post
1937 3375 2112 3440 adventum
2134 3397 2228 3438 suum
2251 3375 2291 3440 de
2315 3375 2466 3439 mandato

647 3483 737 3569 regio
762 3483 959 3548 detinebant.
986 3483 1094 3557 Quare
1118 3504 1176 3547 nos
1200 3482 1274 3546 fidoi
1298 3489 1329 3546 et
1353 3482 1561 3566 solioitudini,
1586 3504 1683 3568 quom
1707 3484 1794 3548 eirea
1817 3483 1995 3548 iniunctum
2018 3482 2080 3547 sibi
2103 3490 2135 3547 et
2157 3483 2253 3548 sooiis
2277 3503 2389 3547 eorum
2414 3505 2467 3547 ne·

648 3591 778 3677 gooium
801 3590 1003 3673 habueruut,
1028 3589 1262 3675 significatione
1286 3590 1485 3675 presentium
1509 3591 1728 3654 testimonium
1751 3591 1902 3655 duximus
1925 3589 2179 3677 perhibendum,
2203 3590 2374 3677 presertim
2398 3612 2469 3654 oum

647 3697 815 3782 indignum
840 3705 935 3780 esset,
960 3703 996 3762 ut
1020 3697 1129 3783 quiin
1153 3696 1203 3760 his
1228 3718 1292 3760 non
1316 3697 1421 3760 minus
1445 3697 1617 3762 efficaciter
1641 3698 1715 3782 alijs
1739 3697 1942 3780 laborarunt,
1968 3697 2024 3760 sed
2048 3719 2121 3762 euni
2144 3697 2190 3760 eis
2214 3697 2320 3783 potius
2345 3697 2379 3760 in
2403 3703 2468 3762 toto

650 3805 784 3891 negocio
808 3826 909 3890 usque
934 3804 975 3868 ad
1000 3803 1274 3868 consumationem
1301 3809 1468 3887 steterunt,
1493 3804 1650 3869 minorem
1674 3826 1693 3868 a
1717 3805 1807 3890 regia
1831 3804 2049 3870 munificentia
2073 3805 2213 3890 gratiam
2244 3804 2391 3869 obtinere
2416 3804 2467 3868 de·

644 3913 760 3978 berent
784 3960 1027 3977 ........

1512 4234 1608 4299 VIII.

1452 4449 1546 4513 Anao
1572 4449 1668 4513 1163.

1207 4662 1260 4727 Ex
1285 4662 1398 4727 eodem
1422 4669 1519 4746 tomo,
1545 4662 1614 4726 doc.
1639 4663 1734 4745 vll,
1759 4685 1785 4728 o.
1811 4665 1853 4727 25
1878 4685 1903 4727 r.

735 4877 926 4943 Alexander
950 4899 1035 4964 papa
1059 4878 1122 4942 III.
1138 4879 1176 4942 (2)
1201 4877 1352 4964 episeopo
1374 4876 1587 4942 londoniensi.

734 4987 778 5050 Et
803 4986 955 5072 quoniam
979 4985 1115 5050 dilectus
1139 4985 1224 5048 filius
1249 4992 1357 5049 noster
1381 4985 1536 5069 magister
1565 4985 1625 5068 D.,
1650 4983 1794 5048 Ecclesia
1818 4989 1872 5047 tue
1897 4984 2079 5066 canonieus,
2100 4983 2150 5047 uir
2172 4984 2283 5070 utique
2305 4983 2464 5062 literatus,

645 5094 800 5182 providus
825 5100 857 5157 et
881 5094 1038 5158 discretus
1063 5100 1095 5157 et
1119 5093 1177 5157 tibi
1201 5093 1300 5156 etiam
1322 5092 1538 5174 fidelissimus,
1556 5091 1642 5177 apud
1666 5113 1724 5156 nos
1747 5112 1805 5177 pro
1829 5091 1964 5176 negocio
1987 5098 2043 5156 tuo
2067 5097 2133 5154 tam
2153 5099 2276 5156 secreto
2293 5113 2392 5177 quam
2408 5112 2465 5177 pu-

644 5204 728 5268 blioe
753 5225 862 5268 eoram
886 5202 978 5266 nobis
1002 5210 1035 5266 et
1057 5200 1212 5266 fratribus
1236 5202 1354 5266 nostris
1379 5201 1515 5265 sollicite
1540 5200 1665 5282 institit,
1683 5207 1715 5264 et
1738 5200 1808 5284 ejus
1832 5199 2015 5264 executioni
2039 5221 2166 5264 omnem
2189 5219 2286 5284 quam
2301 5199 2418 5284 potuit,
2435 5205 2466 5261 et

645 5312 744 5376 etiam
768 5311 853 5374 ultra
878 5331 976 5396 quam
999 5309 1120 5393 debuit,
1144 5310 1286 5373 studium
1309 5317 1341 5373 et
1365 5309 1567 5394 diligentiam
1591 5307 1744 5372 adhibere
1769 5307 1904 5390 curauit,
1921 5307 2121 5393 diligentiam
2145 5313 2236 5370 tuam
2257 5328 2316 5394 per
2339 5313 2466 5394 aposto-

645 5418 710 5483 liea
733 5418 853 5503 scripta
877 5439 1030 5502 rogamus
1062 5417 1216 5480 attentius
1248 5423 1279 5480 et
1311 5437 1496 5498 monemus,
1522 5421 1679 5500 quatenus
1713 5414 1862 5478 eumdem
1892 5435 1951 5501 pro
1983 5414 2163 5478 reverentia
2193 5413 2281 5477 beati
2312 5413 2404 5478 Petri
2434 5421 2464 5476 et

644 5531 766 5608 nostra,
783 5531 815 5588 et
838 5525 973 5588 obtentu
997 5524 1047 5588 sui
1072 5524 1182 5611 ipsius,
1201 5524 1255 5609 qui
1278 5524 1338 5588 tibi
1362 5523 1443 5588 adeo
1466 5523 1569 5586 fidelis
1594 5529 1626 5587 et
1649 5522 1785 5586 devotus
1809 5522 1926 5605 extitit,
1942 5521 2065 5586 habeas
2088 5521 2280 5609 propensius
2303 5542 2464 5586 oommen·

644 5632 766 5716 datum,
790 5653 849 5696 nee
882 5631 1037 5696 adversus
1071 5653 1144 5694 eum
1175 5632 1284 5717 pravis
1308 5631 1489 5716 aliquorum
1513 5630 1752 5715 sugestionibus
1777 5630 1906 5712 eredas,
1931 5629 1985 5694 vel
2008 5629 2047 5693 de
2071 5629 2173 5716 ipsius
2196 5629 2230 5693 in
2254 5628 2363 5714 aliquo
2388 5629 2465 5691 fido-

642 5741 735 5805 litate
759 5740 902 5824 diffidas3
927 5741 985 5804 sad
1009 5741 1078 5804 aius
1103 5740 1292 5825 obsequium
1315 5740 1360 5804 ita
1385 5760 1580 5820 remuneres,
1603 5738 1689 5823 quod
1712 5739 1780 5825 ipse
1804 5738 1864 5802 tibi
1894 5745 1926 5802 et
1958 5739 2021 5803 tuis
2053 5739 2170 5803 debeat
2201 5737 2289 5802 omni
2320 5743 2464 5824 tempore

643 5848 747 5912 fidelis
771 5855 803 5912 et
827 5848 964 5913 devotus
987 5849 1137 5930 existere,
1155 5855 1187 5912 et
1210 5870 1268 5912 nos
1292 5848 1324 5911 id
1348 5854 1478 5933 gratum
1502 5854 1735 5932 acceptumque
1758 5852 1915 5926 tenentes,
1938 5845 2100 5911 affectioni
2123 5852 2177 5910 tua
2201 5844 2397 5931 multiplices
2417 5846 2463 5907 in·

642 5957 737 6021 terim
761 5957 884 6041 gratias
908 5963 1076 6020 teneamur
1099 5956 1220 6020 referre
1246 6003 1553 6020 ..........

722 6509 761 6576 (l)
781 6508 823 6560 Ex
842 6510 901 6562 eod.
922 6511 1002 6562 ratio.
1023 6528 1049 6562 n.
1070 6512 1148 6574 6024,
1168 6508 1216 6560 fol.
1238 6510 1296 6560 152.
1661 6507 1699 6571 (2)
1719 6503 1761 6555 Ex
1780 6503 1838 6557 eod.
1858 6505 1938 6557 ratio.
1959 6521 1984 6556 n.
2005 6507 2083 6572 6024,
2103 6503 2150 6557 fol.
2171 6505 2230 6557 152.
