5490 7750
615 585 690 656 160
1404 606 1647 658 uouuunurn

613 760 800 846 quendistll
820 760 966 825 fortassis
997 767 1164 825 auctorum
1195 767 1319 825 mentes
1350 761 1524 845 excedam,
1549 783 1612 826 non
1637 769 1745 826 tamen
1769 762 1810 827 ob
1835 761 1896 826 hoc
1919 762 2016 827 velox
2038 761 2091 826 vel
2104 761 2142 828 (2)
2162 761 2287 826 emulus
2312 763 2433 828 calum·

613 867 741 953 pniator
765 868 932 953 arguattssl
951 889 1002 932 mc
1026 867 1204 955 perniciose
1229 869 1413 954 scripsisse,
1438 869 1514 954 quia
1545 868 1623 933 dicit
1646 869 1850 953 Augustinus
1879 869 1911 932 in
1938 868 2021 933 libro
2052 867 2078 934 I.
2103 867 2153 934 De
2175 867 2327 934 Doctrina
2353 871 2433 935 chri·

612 978 732 1039 atiena:
753 999 767 1032 s
786 974 821 1039 Si
844 977 911 1062 quis
933 977 968 1040 in
991 975 1162 1060 Scripturia
1184 976 1273 1041 atiud
1295 977 1394 1058 serait,
1412 997 1505 1060 quam
1527 978 1579 1040 itte
1602 977 1656 1060 qui
1678 978 1878 1060 scriptitare
1897 978 2065 1061 perniciose
2085 976 2223 1060 fallitur,
2242 999 2296 1043 nec
2310 980 2434 1042 manino

614 1085 759 1146 mentitur
766 1107 778 1166 ‚·
800 1085 827 1147 si
849 1091 950 1148 tamen
970 1083 1114 1168 fallitur,
1138 1105 1173 1148 ea
1203 1085 1368 1165 sententia,
1393 1105 1450 1168 quc
1480 1083 1593 1166 edificet
1608 1083 1651 1148 (4)γ
1669 1083 1886 1166 caritateml5l,
1911 1083 2034 1170 patr)
2058 1105 2163 1149 errare
2192 1085 2303 1150 deserit
2334 1089 2431 1171 nam,

612 1190 665 1254 aed
687 1211 719 1254 eo
736 1211 797 1275 per
819 1211 932 1276 aprum
949 1193 1068 1277 pergit,
1091 1213 1150 1276 quo
1173 1193 1222 1255 aia
1245 1192 1302 1254 itta
1321 1191 1484 1274 perducit5
1505 1192 1532 1254 ai
1555 1193 1717 1275 napata,
1741 1191 2031 1276 commanducant,
2054 1194 2081 1256 ai
2104 1193 2154 1256 aia
2175 1193 2257 1276 latet,
2280 1193 2432 1258 docendus

612 1304 654 1361 est
675 1299 756 1360 ciam
778 1319 840 1362 nori
864 1297 1011 1381 deserere,
1026 1319 1065 1363 ne
1079 1297 1297 1363 emundandinc
1312 1297 1456 1361 deviandi
1471 1305 1597 1383 cogatur
1613 1299 1644 1360 in
1662 1305 1870 1362 transuersum
1888 1299 1932 1362 oet
1941 1320 2123 1383 perversum
2143 1302 2189 1364 irc
2206 1323 2236 1364 ».
2255 1299 2336 1366 Oum
2352 1321 2430 1387 ergo

612 1411 779 1469 auctorum
803 1405 898 1470 officii
922 1405 1125 1470 consiliarius
1148 1426 1213 1470 non
1236 1405 1408 1488 erudierim,
1426 1426 1485 1470 nec
1503 1426 1614 1468 eorum
1630 1411 1753 1468 mentes
1770 1404 1908 1469 liberum
1924 1411 1973 1470 est
1988 1406 2121 1471 alterius
2134 1406 2173 1472 (7)
2190 1406 2339 1493 indagari
2354 1408 2431 1474 licat

611 1511 778 1596 excedere,
803 1513 882 1576 libet
906 1513 938 1577 in
962 1513 1012 1576 his
1035 1513 1132 1576 etiam
1163 1513 1332 1598 peragrari
1345 1513 1394 1595 (8),
1412 1511 1487 1576 dum
1511 1519 1620 1575 tamen
1651 1533 1807 1576 excursus
1837 1511 2015 1577 edificando
2044 1513 2085 1578 sit
2112 1515 2201 1580 utilis
2224 1515 2367 1580 caritatis
2379 1516 2429 1581 (9).

704 1619 813 1684 Totum
835 1642 911 1706 opas·
934 1620 1084 1684 dividitur
1106 1622 1139 1686 ia
1163 1641 1267 1684 aaran
1290 1619 1391 1684 tidros.
1417 1619 1545 1683 Primus
1567 1621 1630 1704 cpit
1653 1617 1703 1682 De
1727 1619 1817 1702 loeis,
1841 1641 1966 1704 raupa:

610 1725 660 1790 De
684 1727 883 1794 institutione
907 1727 1052 1794 ecclesie.
1546 1726 1596 1791 ΒΘ
1621 1727 1805 1791 nominibus
1828 1727 1984 1812 ejusdcm.

609 1833 660 1899 ΒΘ
684 1835 872 1900 fundatione
896 1834 1052 1920 ejusdem.
1294 1879 1298 1886 -
1548 1833 1599 1899 ΒΘ
1624 1834 1864 1898 consecratione
1889 1835 2045 1920 ejusdem.

609 1940 660 2006 ΒΘ
684 1943 790 2007 altari.
1546 1940 1596 2005 ΒΘ
1621 1941 1890 2007 reconciliatione.

610 2049 661 2114 De
682 2051 829 2138 partibus
854 2051 997 2115 ecclesie.
1547 2047 1597 2112 ΒΘ
1622 2056 1738 2113 ornatu
1762 2057 1794 2113 et
1818 2050 2008 2114 utensilibus
2032 2049 2188 2135 ejusdem.

701 2157 795 2223 Liber
816 2158 968 2222 secundus
990 2165 1032 2222 est
1054 2156 1105 2221 De
1128 2157 1293 2244 personis,
1316 2158 1468 2220 nimirum

492 2319 496 2326 .
610 2264 660 2330 ΒΘ
684 2264 849 2329 ordinibus
873 2286 1048 2351 eorumque
1072 2265 1265 2330 moralitate.
1547 2261 1597 2327 Dc
1622 2263 1765 2328 vestibus
1789 2264 1889 2328 sacris
1912 2272 1944 2328 et
1968 2264 2132 2351 regalibus
2156 2265 2346 2351 insignibus.

609 2373 659 2436 ΒΘ
683 2372 905 2458 dignitatibus.
1545 2370 1595 2436 De
1620 2371 1789 2436 induendis
1814 2373 1978 2438 ministris.

702 2479 792 2544 Iader
814 2483 921 2545 tertius
944 2483 1075 2544 continet
1098 2502 1176 2567 quae
1198 2481 1240 2544 ad
1263 2479 1377 2544 Missae
1400 2479 1585 2562 sacrificium
1606 2481 1771 2563 pertinent.
1796 2481 1841 2544 Ac
1858 2482 1964 2564 primo
1986 2478 2036 2544 ΒΘ
2060 2481 2199 2564 nomine,
2223 2487 2293 2546 tum
2315 2481 2355 2546 de
2379 2481 2427 2546 in·

607 2587 773 2652 stitutione
796 2594 828 2650 et
850 2587 997 2674 partibus
1022 2586 1178 2672 ejusdem.

698 2695 819 2759 Dividit
842 2703 943 2760 autem
967 2695 1097 2760 Missam
1119 2696 1153 2758 in
1179 2694 1254 2758 VII.
1264 2702 1382 2779 partes,
1398 2715 1433 2758 ac
1458 2694 1495 2758 de
1517 2695 1647 2778 singulis
1670 2693 1820 2758 distinctis
1843 2694 1991 2778 capitibus
2006 2715 2068 2780 pro
2084 2695 2230 2781 dignitate
2246 2703 2427 2780 pertractat.

697 2802 845 2888 Sequitur·
867 2803 944 2867 liber
967 2810 1107 2888 quartae,
1132 2803 1186 2886 qui
1208 2801 1258 2865 De
1283 2801 1394 2866 officiis
1417 2800 1564 2864 Ecclesia
1587 2799 1783 2864 inscribitur.
1807 2803 1880 2886 Apu
1903 2808 2025 2866 autem:

607 2909 659 2975 ΒΘ
683 2910 850 2974 ferialibus
874 2911 1049 2976 nocturnis.
1547 2906 1597 2972 De
1621 2907 1735 2972 iisdem
1759 2909 1792 2973 in
1816 2909 1950 2974 festivis.

608 3018 658 3084 ΒΘ
682 3018 816 3082 festivis.
1544 3017 1593 3081 De
1616 3019 1801 3103 vespertina
1825 3019 1962 3104 synassi.

606 3125 658 3190 ΒΘ
680 3125 758 3190 VII.
783 3125 945 3191 canonicis
969 3125 1068 3190 horis.
1544 3123 1594 3188 ΒΘ
1619 3125 1845 3189 collationibus
1869 3132 1902 3190 ct
1925 3125 2145 3212 completorio.

606 3232 657 3298 ΒΘ
682 3233 848 3297 matutinis
872 3232 1022 3297 laudibus
1047 3232 1081 3295 in
1104 3231 1271 3297 ferialibus
1294 3232 1419 3296 diebus.
1545 3231 1596 3296 ΒΘ
1621 3232 1724 3296 officio
1748 3233 1935 3297 monastico.

695 3339 791 3405 Liber
829 3339 865 3404 V.
889 3340 1088 3404 inscribitur:
1115 3341 1166 3406 ΒΘ
1196 3340 1434 3427 multiplicitate
1457 3338 1613 3403 librorum
1644 3346 1676 3404 et
1706 3341 1864 3403 varietate
1891 3346 2081 3426 temporum.
2106 3339 2214 3424 Refert
2242 3348 2345 3406 autem
2373 3341 2428 3406 hoc

605 3447 682 3512 tidro
706 3470 783 3533 pirae
800 3451 958 3532 pertinent
981 3449 1024 3512 ad
1046 3448 1183 3532 officium
1205 3447 1375 3512 Adventus
1393 3468 1455 3532 pro
1479 3447 1613 3532 qualibet
1636 3447 1789 3511 dominica
1812 3448 1955 3531 ejumem.

699 3554 776 3620 Tum
802 3578 879 3642 quae
900 3556 943 3620 ad
965 3557 1100 3641 uigiliam
1125 3553 1250 3620 Natalis
1272 3555 1403 3619 Domini
1428 3563 1454 3620 et
1476 3556 1519 3618 ad
1543 3556 1674 3640 reliquos
1697 3556 1842 3618 solemnes
1865 3555 1929 3618 dies
1945 3553 2078 3639 Natalia,
2095 3554 2274 3640 prrhania
2295 3563 2346 3620 etc.
2361 3577 2425 3641 ape·

604 3670 697 3746 ctant,
720 3685 816 3750 usquc
839 3663 882 3728 ad
905 3659 1176 3748 Septuapesimam.

694 3769 894 3856 sequentibus
915 3769 1032 3834 duobus
1056 3769 1144 3834 tibris
1174 3768 1230 3834 VI.
1248 3777 1275 3834 et
1302 3768 1378 3834 VII.
1395 3771 1591 3834 continentur
1611 3767 1735 3850 Officia,
1760 3791 1838 3854 qicae
1859 3791 1879 3832 a
1903 3768 2131 3854 Septuaqesima
2156 3770 2314 3855 usquead
2338 3768 2425 3834 Octa·

606 3899 674 3941 cam
699 3876 842 3942 Paacliae.

693 3984 789 4050 Libro
819 3984 912 4050 VIII.
939 3985 1072 4069 Officia,
1098 4007 1176 4072 quae
1197 3984 1235 4050 ad
1261 3983 1374 4050 Octava
1399 3983 1535 4048 Paschae
1559 4005 1655 4069 usquc
1685 3983 1728 4048 ad
1757 3981 1890 4048 XXIV.
1915 3983 2100 4048 dominicam
2124 3992 2195 4069 post
2225 3985 2426 4050 Pentecostcm

605 4101 782 4158 occurrunt.

604 4205 606 4212 ⁴
694 4199 789 4265 Libro
809 4209 957 4286 postremo
983 4199 1094 4284 Officia
1118 4198 1302 4264 Sanctorum
1326 4197 1487 4263 hademar.
1515 4197 1595 4262 Sunt
1617 4206 1720 4262 autem
1744 4197 1782 4262 ab
1805 4198 1949 4263 Adventu
1972 4199 2015 4262 ad
2039 4197 2235 4264 Nativitatem
2257 4197 2396 4264 Domini.

604 4306 655 4372 De
681 4314 792 4372 sancto
816 4307 985 4372 Nicholao.
1544 4304 1594 4369 ΒΘ
1619 4313 1731 4369 sancto
1756 4303 1890 4370 Thema.

604 4415 655 4479 De
681 4423 793 4480 saneta
816 4415 930 4480 Lucia.

699 4523 778 4587 Tum
800 4531 973 4610 sequuntur
996 4525 1122 4587 nornine
1144 4529 1320 4586 sanctorum
1344 4542 1477 4608 quorum
1500 4520 1580 4604 festa
1603 4528 1769 4584 occurrunt
1792 4543 1812 4584 a
1836 4519 2002 4585 Natiuitate
2024 4520 2155 4585 Domini
2176 4541 2272 4606 usque
2291 4521 2334 4585 ad
2350 4519 2424 4606 Sep·

604 4633 825 4716 tuayeaimam:

604 4738 655 4804 ΒΘ
679 4737 761 4803 festo
786 4739 888 4802 saneti
913 4737 1080 4824 Stephani.
1542 4735 1594 4800 ΒΘ
1617 4733 1699 4799 festo
1724 4734 1830 4816 Marii,
1854 4734 1969 4818 Marte,
1993 4734 2162 4800 Audifacis
2186 4741 2219 4799 at
2242 4735 2389 4801 aliomm.

603 4845 654 4911 ΒΘ
678 4846 773 4911 beato
797 4827 947 4910 iohanne
971 4845 1185 4931 evangelista.
1543 4842 1593 4907 ΒΘ
1617 4842 1736 4906 sanctis
1760 4840 1906 4906 Fabiano
1931 4849 1963 4907 at
1988 4843 2190 4908 Sebastiano.

603 4952 654 5018 ΒΘ
678 4954 760 5018 festo
785 4954 1021 5018 Innocentium.
1542 4950 1592 5014 ΒΘ
1616 4951 1698 5015 festo
1723 4958 1832 5016 sancte
1856 4951 2004 5036 Agnetis.

603 5060 654 5126 ΒΘ
678 5061 760 5127 festo
784 5061 903 5127 Felicis
928 5063 961 5126 in
983 5061 1103 5125 Pincis.

692 5171 722 5234 A
748 5169 976 5255 Septuapcsima
998 5167 1160 5254 usquead
1182 5165 1468 5232 Resurrectionem:

602 5275 653 5341 De
676 5276 758 5341 festo
783 5278 886 5340 sancti
909 5276 1022 5340 Blasii.
1540 5272 1592 5339 ΒΘ
1616 5274 1698 5338 festo
1723 5273 1824 5337 sancti
1848 5271 1972 5337 Mattio.

601 5383 653 5449 De
677 5393 789 5449 sancta
812 5384 956 5470 Agatha.
1541 5379 1591 5445 De
1617 5380 1865 5445 annunciatione
1888 5379 2044 5466 Virginis.

602 5490 653 5556 ΒΘ
678 5492 760 5556 festo
786 5491 947 5556 Cathedre
972 5490 1075 5554 sancti
1096 5489 1196 5554 Petri.

692 5599 741 5664 De
762 5600 849 5682 festia
871 5621 891 5663 a
915 5598 1148 5663 Reaamcctionc
1170 5597 1331 5683 usquead
1356 5595 1500 5661 Octavam
1528 5596 1730 5661 Pentecostes:

602 5705 653 5771 ΒΘ
678 5714 788 5771 sancto
812 5705 957 5770 Marcho.
1539 5704 1589 5768 De
1614 5704 1696 5768 festo
1720 5703 1823 5767 sancti
1843 5702 2002 5767 iohannis
2027 5709 2101 5766 ante
2120 5702 2254 5767 Portam
2277 5705 2422 5770 latinam.

602 5815 746 5901 Philippi
770 5821 802 5879 et
825 5814 952 5880 Jacobi.
1540 5812 1591 5875 ΒΘ
1615 5811 1697 5876 festo
1722 5817 1832 5876 sancte
1856 5811 1958 5875 Marie
1982 5809 2025 5873 ad
2048 5809 2219 5897 Martyres.

602 5921 653 5988 ΒΘ
677 5922 867 5987 Inventione
893 5921 1015 5987 Crucis.
1539 5920 1589 5984 ΒΘ
1613 5921 1748 5985 victoria
1771 5920 1875 5984 saneti
1898 5919 2076 5984 Michaelis.

683 6228 721 6292 (1)
741 6226 846 6295 Migna:
862 6223 1064 6292 prosequendis.
1621 6224 1662 6288 (6)
1681 6221 1731 6274 Mu
1750 6222 1805 6287 qui.

683 6319 722 6384 (2)
741 6316 791 6370 llf.:
812 6322 849 6368 nt.
1622 6313 1661 6378 (l)
1680 6312 1729 6364 AL:
1749 6313 1871 6364 ulterius.

682 6409 721 6473 (3)
741 6407 791 6459 IL:
812 6411 916 6472 armaret.
1622 6405 1661 6470 (8)
1681 6403 1730 6455 Mu
1746 6418 1907 6470 peragrare.

682 6501 721 6566 (4)
741 6498 791 6550 Mu
812 6499 925 6563 edificat.
1618 6497 1657 6561 (9)
1677 6495 1727 6546 IL:
1747 6493 1898 6545 charitatis.

683 6592 722 6656 (5)
741 6588 792 6642 Ma
811 6590 851 6640 ita
869 6589 982 6654 fallitur
1001 6592 1037 6640 ut.
