5492 7750
783 659 1014 710 SPEOTANTIA
1043 659 1093 708 AD
1121 657 1375 707 Pnornssonns
1404 654 1509 706 JUBIS
1537 654 1670 704 olvlnls

1180 1023 1278 1088 XIII.

1067 1275 1164 1358 1213,
1188 1274 1232 1336 23
1254 1272 1390 1336 octobri&

819 1525 872 1589 Ex
895 1524 1009 1589 codem
1032 1523 1172 1609 Beqistro
1198 1523 1319 1606 Groseo,
1344 1521 1399 1585 lib.
1424 1521 1451 1604 I,
1476 1544 1502 1586 c.
1527 1523 1591 1585 203
1616 1543 1640 1584 r.

410 1777 449 1841 In
474 1777 602 1841 nomine
627 1775 759 1840 Domini
781 1776 952 1840 millesimo
977 1774 1030 1840 00
1053 1774 1142 1857 xiij.,
1166 1773 1338 1838 indictione
1361 1773 1408 1855 L,
1433 1772 1484 1836 die
1512 1773 1591 1857 viiij.
1616 1780 1755 1836 exeunte
1783 1773 1924 1855 octobri,
1948 1794 2057 1837 coram
2079 1773 2136 1836 do·

321 1884 408 1948 mino
431 1884 599 1949 Armanno
620 1883 729 1969 judice
752 1890 785 1948 et
808 1883 936 1949 domino
959 1882 1095 1947 Viberto
1117 1881 1233 1946 Rubeo
1254 1881 1381 1964 judice,
1406 1885 1438 1944 et
1460 1879 1585 1944 Blanco
1608 1882 1734 1944 notario
1758 1887 1791 1943 et
1814 1879 1967 1946 Orabono
1994 1879 2135 1962 notario,

320 1999 353 2056 et
376 1991 561 2056 Martinello
585 1993 712 2056 notario
736 1999 769 2056 et
792 1991 881 2074 aliis,
906 1991 1054 2055 dominus
1084 1989 1190 2053 Guido
1221 1988 1413 2071 Boncambij
1445 1994 1477 2052 et
1509 1987 1656 2052 dominus
1684 1986 1827 2052 Jacobus
1856 1986 2025 2070 Balduini,
2050 1987 2136 2052 cives

321 2099 545 2181 bononienses,
562 2105 595 2163 et
617 2099 765 2164 dominus
789 2098 883 2164 Oddo
906 2099 945 2162 de
969 2097 1155 2162 Landriano
1178 2095 1437 2178 mediolanensis,
1455 2116 1565 2161 omnes
1580 2095 1690 2180 legum
1705 2094 1862 2178 doctores,
1880 2101 1954 2158 ante
1971 2094 2135 2159 dominum

320 2205 525 2289 Guazonem,
548 2206 692 2291 judicem
716 2206 837 2272 domini
867 2205 991 2270 Mathai
1013 2204 1066 2287 [da
1090 2201 1250 2288 Corrigia]
1272 2202 1419 2266 Bononio
1442 2202 1635 2284 Potestatis,
1657 2203 1850 2286 juraverunt
1873 2201 1915 2265 ad
1938 2209 2050 2266 sancta
2072 2201 2136 2268 Dei

322 2313 510 2398 evangelia,
536 2313 622 2398 quod
645 2312 685 2376 de
710 2321 817 2377 cetero
841 2313 874 2377 in
898 2312 1008 2397 aliqua
1030 2319 1116 2374 terra
1139 2331 1204 2374 non
1228 2311 1373 2394 legerent
1397 2309 1575 2373 scolaribus
1598 2309 1766 2374 scientiam
1789 2309 1913 2394 legum,
1937 2310 2000 2374 nisi
2023 2310 2057 2373 in
2079 2310 2135 2375 bo·

320 2421 482 2504 noniensi,
507 2427 540 2485 et
562 2421 648 2507 quod
671 2441 735 2486 non
759 2420 881 2484 dabunt
910 2441 1042 2506 operam
1064 2425 1101 2482 ut
1131 2418 1272 2482 scolares
1295 2419 1328 2481 in
1360 2418 1425 2481 alia
1455 2417 1586 2481 civitate
1617 2417 1758 2482 debeant
1787 2419 1995 2502 commorari,
2020 2419 2135 2483 necin

320 2528 381 2594 hoc
405 2529 574 2593 consilium
597 2528 650 2592 vel
673 2528 870 2613 adjutorium
893 2527 1100 2613 prestabunt3
1117 2526 1214 2590 immo
1232 2525 1392 2590 curabunt
1411 2525 1497 2589 bona
1520 2524 1582 2589 fide
1607 2525 1692 2611 quod
1713 2525 1863 2589 Studium
1879 2525 1912 2589 in
1927 2525 1989 2589 hac
2005 2526 2135 2591 civitate

321 2642 490 2722 augeatur,
507 2642 540 2698 ct
564 2635 649 2720 quod
673 2635 734 2722 ipsi
757 2635 881 2699 dabunt
903 2633 1072 2698 consilium
1093 2633 1253 2697 Potestati
1276 2639 1309 2696 et
1331 2632 1351 2698 J
1355 2631 1501 2696 udicibus
1524 2631 1564 2695 dc
1588 2631 1768 2714 Communi,
1785 2638 1817 2696 ct
1832 2631 2010 2696 rectoribus
2034 2633 2135 2697 bono-

320 2741 485 2805 niensibus
508 2741 563 2826 qui
586 2762 644 2827 pro
668 2749 813 2826 tempore
836 2741 965 2824 fuerint,
990 2739 1170 2821 bonafide,
1195 2740 1222 2804 si
1245 2741 1286 2804 ab
1310 2740 1356 2803 eis
1379 2739 1540 2826 petierint.

411 2847 531 2912 Actum
555 2848 588 2912 in
612 2848 747 2933 pallatio
771 2848 956 2913 Communia
979 2847 1136 2912 Bononio.

409 2953 494 3018 Item
518 2961 633 3040 quarto
658 2955 709 3020 die
733 2962 871 3019 exeunte
895 2954 1037 3037 octobri,
1063 2955 1095 3018 in
1118 2954 1253 3041 pallatio
1277 2953 1463 3019 Communis
1486 2953 1649 3037 Bononio,
1674 2973 1783 3018 coram
1813 2954 1943 3018 domino
1969 2954 2137 3019 Armanno

317 3061 427 3146 judice
449 3069 481 3125 et
505 3061 635 3126 domino
657 3062 837 3127 Ambroxio
859 3061 979 3147 judice,
995 3067 1028 3126 ct
1048 3062 1208 3126 Coradino
1222 3062 1342 3146 judice,
1359 3068 1391 3125 et
1413 3061 1583 3148 Arpinello
1607 3068 1639 3125 et
1661 3061 1841 3147 Bulgarino
1864 3061 2136 3148 procuratoribus,
2214 3065 2218 3073 '

320 3168 468 3233 dominus
491 3168 708 3234 Beneintendi
731 3169 841 3254 legum
864 3170 985 3252 doctor,
1009 3169 1088 3233 civis
1111 3169 1268 3252 Bononio,
1292 3175 1367 3234 ante
1390 3169 1553 3255 prefatum
1582 3169 1748 3233 dominum
1774 3153 1972 3251 Goazone'm,
1993 3167 2137 3253 judicem

322 3275 443 3340 domini
465 3275 590 3340 Methei
612 3276 652 3341 de
677 3275 849 3362 Oorr[igia]
872 3276 1019 3341 Bononio
1042 3276 1227 3359 Potestatis,
1248 3277 1372 3362 juravit
1395 3276 1509 3341 eodem
1532 3277 1627 3341 modo
1650 3284 1686 3340 ut
1708 3276 1786 3340 dicti
1808 3275 1939 3340 domini.

409 3381 494 3447 Item
518 3383 551 3446 in
576 3383 710 3468 pallatio
734 3382 919 3448 Communis
942 3383 1089 3449 Bononio
1113 3384 1217 3470 primo
1241 3383 1292 3448 die
1317 3385 1457 3448 intrante
1480 3384 1665 3466 novembri,
1689 3405 1799 3448 coram
1822 3383 1963 3469 Symone
1986 3383 2026 3448 de
2048 3383 2136 3448 Mac-

320 3489 475 3575 eagnanis
498 3497 531 3554 et
555 3489 735 3576 Bulgarino
760 3490 918 3555 Gnidonis
942 3490 1115 3556 Guizzardi
1134 3499 1167 3556 ct
1188 3491 1364 3556 Lamberto
1388 3491 1428 3555 de
1457 3490 1658 3556 Baocellerio
1686 3499 1718 3556 et
1748 3490 1979 3556 Ildebrandino
2010 3491 2136 3557 notario

319 3603 352 3660 et
374 3596 457 3680 aliis,
483 3597 631 3662 dominus
654 3597 790 3662 Pontius
814 3597 1012 3680 Catellanus,
1029 3598 1139 3683 legum
1160 3597 1282 3681 doctor,
1303 3605 1379 3663 ante
1402 3599 1567 3663 dominum
1590 3598 1758 3663 Mathsum
1780 3597 1820 3662 de
1844 3597 2018 3684 Oorr[igia]
2040 3598 2136 3663 Pote-

319 3709 437 3769 statem
460 3703 618 3786 Bononio,
640 3704 764 3788 jurarit
786 3704 900 3768 eodem
922 3704 1018 3769 modo
1040 3711 1077 3768 ut
1098 3705 1236 3790 predicti
1257 3705 1390 3770 domini.

409 3811 460 3892 (L.
477 3810 500 3892 †
518 3810 565 3893 S.)
588 3810 661 3896 Ego
687 3810 809 3897 Symon
832 3812 916 3876 sacri
937 3811 1065 3898 pallatii
1086 3821 1119 3876 et
1141 3834 1226 3877 nnnc
1250 3812 1435 3878 Communis
1458 3813 1605 3878 Bononia
1630 3813 1789 3897 notarius,
1813 3813 1961 3878 omnibus
1984 3813 2136 3899 predictis

316 3918 510 4002 juramentis
534 3917 676 4001 interfui,
694 3924 726 3982 et
749 3919 902 3984 mandato
925 3919 1082 3984 dictorum
1105 3919 1307 3985 dominorum
1331 3921 1494 3985 Guazonis
1518 3927 1551 3985 et
1572 3920 1695 3986 domini
1717 3921 1841 3985 Mathai
1859 3921 2046 4004 Potestatis,
2062 3943 2135 4007 pre·

318 4023 405 4090 dicta
425 4026 611 4110 juramenta
635 4026 759 4112 scripsi.

1180 4456 1273 4521 XIV.

1068 4707 1164 4790 1216,
1189 4708 1232 4770 30
1255 4707 1389 4772 octobrio.

796 4957 849 5022 Ex
874 4958 988 5022 codcrn
1011 4958 1152 5045 Beqietro
1177 4959 1299 5042 Grooso,
1322 4960 1377 5023 lib.
1402 4959 1449 5042 1.‚
1474 4982 1500 5025 o.
1526 4963 1590 5026 219
1615 4957 1655 5026 r.⁰

406 5206 503 5272 Anno
530 5206 662 5270 Domini
692 5206 861 5272 millesimo
893 5208 1111 5275 ducentesimo
1142 5211 1377 5294 sextodecimo,
1400 5212 1574 5277 indictione
1609 5219 1743 5299 quarta,
1767 5214 1862 5290 tertio
1893 5216 1945 5282 die
1975 5219 2134 5285 kalendas

317 5314 511 5379 novembris.
537 5313 576 5377 In
600 5313 740 5398 quadam
763 5313 834 5378 sala
856 5314 971 5400 palatii
995 5316 1148 5382 Comanis
1179 5317 1325 5384 Bononia
1353 5339 1463 5384 coram
1485 5319 1614 5384 domino
1637 5320 1750 5385 Arene
1772 5321 1882 5408 legum
1905 5323 2052 5410 doctore,
2077 5327 2133 5393 do·

317 5420 404 5486 mino
427 5419 545 5484 Rufino
570 5419 763 5502 Sicamilica,
788 5420 964 5487 Corisendo
988 5423 1028 5487 de
1051 5424 1278 5508 Roncoveteri,
1302 5425 1505 5504 (sdominus
1527 5426 1754 5513 Guizardinus,
1774 5430 1912 5497 bononie
1937 5433 2026 5518 civis,
2050 5436 2132 5500 indi·

317 5535 411 5594 cante
435 5529 564 5594 domino
587 5528 786 5593 Vioecomite
808 5527 1054 5614 Vicecomitum,
1070 5531 1216 5597 Bononie
1234 5533 1411 5617 Potestate,
1427 5534 1522 5599 tactis
1537 5536 1750 5601 sacrosanctis
1766 5537 1965 5626 Evangeliis,
1982 5563 2132 5630 corpora·

318 5636 392 5702 liter
413 5637 546 5720 juravit,
564 5635 650 5722 quod
673 5635 713 5700 de
736 5643 845 5702 cetero
868 5637 900 5702 in
925 5638 1068 5724 aliquam
1091 5641 1189 5704 aliam
1211 5647 1331 5705 terram
1355 5662 1420 5706 non
1438 5641 1525 5728 leget
1541 5643 1719 5709 scolaribus
1735 5645 1902 5711 scientiam
1917 5649 2055 5735 Legum,
2070 5653 2133 5719 nisi

317 5743 352 5808 in
374 5743 539 5827 Bononia,
564 5749 597 5808 ct
620 5743 706 5829 quod
730 5764 793 5809 non
817 5744 908 5809 dabit
931 5767 1064 5832 operam
1087 5755 1123 5812 ut
1145 5748 1286 5812 scolares
1309 5748 1342 5812 in
1365 5749 1464 5814 aliam
1494 5749 1659 5815 civitatem
1688 5750 1828 5819 debeant
1858 5758 1991 5840 morari,
2015 5781 2075 5824 neo
2098 5761 2131 5827 in

317 5849 379 5915 hoe
402 5852 571 5915 consilium
593 5850 645 5915 vel
670 5851 867 5935 adjutorium
889 5853 1065 5938 prestabit,
1089 5855 1187 5919 immo
1211 5855 1337 5920 curabit
1358 5856 1445 5921 bona
1473 5857 1535 5921 fide
1567 5859 1653 5944 quod
1684 5859 1833 5925 Studium
1856 5863 1889 5927 in
1912 5863 1974 5930 hac
2001 5867 2131 5934 civitate

318 5964 493 6044 augeatur;
518 5965 550 6023 et
574 5958 658 6044 quod
683 5959 852 6023 consilium
876 5960 966 6024 dabit
989 5962 1178 6045 bonafide,
1203 5970 1235 6028 et
1265 5963 1334 6027 sine
1364 5963 1478 6029 fraude
1502 5964 1661 6031 Potestati
1684 5974 1717 6032 et
1738 5968 1907 6036 dudicibus
1931 5972 1971 6038 de
1994 5972 2131 6040 Oomuni

317 6063 463 6130 Bononio
487 6073 520 6129 et
542 6065 745 6149 Rectoribus,
762 6065 817 6151 qui
841 6088 899 6154 pro
923 6074 1066 6155 tempore
1090 6068 1220 6154 fuerint,
1237 6071 1265 6134 si
1280 6071 1322 6134 ab
1338 6093 1376 6136 eo
1392 6072 1553 6157 petierint.
1572 6073 1625 6138 Sic
1641 6074 1731 6139 Deus
1747 6097 1820 6140 cum
1836 6078 1979 6163 adjuret,
1996 6081 2131 6168 ejusque

317 6181 430 6239 sancta
453 6173 634 6258 evangelia.

317 6386 338 6450 h
405 6281 463 6363 (L.
481 6281 503 6362 †
521 6280 569 6362 S.)
592 6279 664 6366 Ego
687 6281 852 6348 Gerardns
878 6283 1000 6370 Spella,
1024 6286 1169 6350 notarius
1192 6286 1338 6371 ejusdem
1360 6287 1545 6370 Potestetis,
1571 6289 1645 6353 huic
1668 6289 1810 6376 interfui,
1827 6300 1860 6357 et
1883 6294 1953 6378 ejus
1978 6296 2131 6363 mandato

340 6408 377 6452 ec
400 6409 523 6475 semper.
