5544 7750
1402 659 1516 708 VITAE
1545 659 1725 709 INEDITAE

1401 815 1460 888 Ea
1487 816 1582 890 tribu
1613 816 1719 890 Piera

837 941 1084 1016 Bartholutius
1114 941 1157 1014 de
1186 942 1314 1038 Paetis,
1667 943 1843 1038 Ugolinus
1873 946 1916 1017 de
1946 945 2097 1041 Liazari

836 1067 1078 1140 Bliobarisius
1108 1068 1346 1162 Azroguidus,
1407 1051 1414 1062 ⁶
1668 1067 1801 1141 Paulus
1831 1070 1873 1142 de
1902 1069 2103 1166 Bonacatti,

837 1191 968 1264 Fulcus
999 1192 1042 1264 de
1070 1192 1235 1286 Pacibus,
1667 1192 1800 1266 Beutes
1829 1195 1872 1268 16
1901 1193 2115 1291 Bentivogli.

1383 1315 1441 1388 Et
1468 1315 1564 1388 triba
1595 1315 1746 1389 Procula

837 1440 1043 1513 Bonifaoius
1073 1439 1264 1534 Gallutius,
1670 1441 1878 1515 Domiuieus
1908 1443 1951 1516 de
1981 1443 2152 1540 Tolomei,

838 1566 996 1639 Joauues
1025 1566 1205 1660 Andreae,
1668 1566 1811 1662 Negrus
1840 1567 1933 1641 dalla
1962 1569 2178 1658 Queroiel1l.

838 1690 1022 1763 Gerardus
1051 1691 1334 1786 Zambeccarius,

1219 1855 1220 1860 .
1348 1815 1406 1888 Ea
1434 1816 1529 1888 triba
1560 1817 1777 1914 Racepuauo

837 1941 1043 2013 Matthaeus
1073 1941 1115 2013 de
1145 1940 1391 2037 Garrdonibus,
1668 1942 1872 2016 Boniiaciu's
1900 1943 2051 2016 Blauchi
2081 1942 2203 2040 Cossa,

837 2066 965 2138 Petrus
995 2066 1037 2137 dc
1068 2065 1215 2158 Ceruiti,
1666 2067 1778 2140 Cossa
1807 2068 1850 2140 de
1880 2068 1981 2163 Sergi
1997 2066 2047 2140 (²).

757 2191 863 2264 XIV.
894 2189 1157 2284 Modesti,
1179 2190 1246 2263 IV.
1268 2191 1420 2286 augusti.
1451 2191 1690 2265 Bliobarisius
1710 2193 1844 2264 arbiter
1862 2191 1955 2265 inter
1975 2193 2157 2265 Andream
2178 2194 2221 2266 de
2240 2193 2471 2289 Borghixinis

649 2342 696 2390 61(
724 2341 796 2389 666
823 2326 924 2413 parte
954 2324 988 2386 ct
1016 2315 1204 2387 Nicolaum
1234 2325 1268 2386 et
1297 2315 1549 2411 Bcntivoglum
1578 2317 1620 2388 de
1649 2315 1883 2411 Bentivoglis,
1904 2315 2045 2412 fratres,
2067 2342 2112 2389 ex
2139 2316 2263 2413 altera,
2284 2319 2472 2391 arbitrium

650 2443 717 2515 hae
746 2443 802 2515 die
831 2438 1107 2538 6166666161131.

757 2567 842 2640 XV.
873 2564 1131 2638 oruccxvss.
1163 2564 1338 2638 1611111.
1369 2565 1429 2638 lib.
1462 2565 1680 2638 Statatoraru
1710 2566 2196 2663 1616161166661666161,
2226 2591 2271 2640 ue
2300 2567 2378 2663 quis
2406 2591 2472 2640 seu

649 2692 736 2765 civis
765 2717 827 2764 seu
856 2701 1001 2762 exterus
1031 2691 1154 2762 doctor
1174 2689 1291 2784 legere
1320 2690 1459 2786 publice
1479 2692 1758 2788 permitteretur,
1779 2691 1846 2763 uisi
1875 2691 1972 2788 prius
1998 2692 2225 2765 iureiurando
2246 2691 2471 2790 promitteret

648 2818 813 2914 nuspiam
847 2841 883 2888 se
917 2817 984 2888 6161
1012 2815 1194 2888 Bononiae
1222 2815 1416 2888 lecturum:
1447 2823 1555 2912 utque
1585 2816 1750 2888 Potestas
1779 2824 1921 2889 curaret
1949 2817 2193 2889 iusiurandum
2221 2816 2288 2889 hoo
2322 2817 2367 2890 ab
2405 2817 2471 2890 do·

649 2942 753 3014 minis
782 2942 944 3013 omuibus
969 2940 1164 3038 praestari,
1196 2948 1370 3011 statutum
1399 2939 1484 3012 illud
1513 2965 1534 3012 a
1564 2939 1746 3012 Clemente
1772 2940 1818 3013 V.
1845 2940 1962 3013 fuerat
1991 2941 2246 3038 dispensatum.
2266 2940 2406 3014 Rursus
2434 2942 2473 3014 iu

649 3066 804 3140 Consilio
835 3065 954 3163 populi
983 3065 1104 3136 habito
1134 3065 1176 3136 (16
1207 3089 1326 3136 meuse
1356 3066 1540 3137 novembri
1569 3090 1662 3137 anuo
1691 3064 1914 3137 MCCCXII.
1945 3065 2072 3137 scitum
2101 3073 2175 3162 est,
2205 3089 2249 3138 ue
2288 3065 2472 3138 Statutum

648 3192 735 3265 illud
766 3191 920 3286 valeret,
951 3193 1021 3263 imo
1058 3201 1097 3262 ut
1135 3191 1277 3262 omniuo
1306 3191 1564 3286 antiquaretur.
1595 3192 1653 3263 Ab
1683 3190 1787 3262 huius
1825 3191 2079 3287 antiquatiouis
2107 3200 2266 3288 tempore
2295 3190 2473 3264 Rootores

648 3318 904 3391 Universitatis
933 3319 1075 3388 lucrant
1110 3317 1144 3387 11(
1184 3316 1330 3412 pacifica
1359 3317 1579 3413 possessione
1609 3315 1702 3388 illius
1731 3317 1901 3413 pontificii
1935 3316 2113 3414 privilegii
2147 3324 2182 3389 et
2220 3316 2343 3414 populi
2379 3317 2472 3390 soiti.

649 3445 709 3516 Ad
738 3443 837 3515 euius
857 3442 1089 3539 possessionis
1118 3443 1231 3513 maius
1260 3443 1368 3514 robur
1396 3450 1431 3513 61
1459 3441 1675 3538 firmitatem,
1698 3442 1787 3538 petit
1817 3466 1910 3514 nuno
1939 3443 2143 3515 eorumdem
2164 3442 2359 3516 Rectorum
2389 3466 2475 3539 pro·

649 3577 804 3664 curator,
834 3584 873 3638 61
912 3591 1033 3639 161666
1063 3576 1237 3639 61616166
1266 3566 1352 3638 11161
1381 3566 1515 3638 nullum
1545 3575 1580 3639 61
1609 3591 1739 3639 16666
1770 3565 2023 3640 declararetur.
2055 3566 2217 3640 Consulti
2246 3575 2328 3640 suut
2358 3592 2400 3640 66
2429 3567 2476 3640 16

647 3719 686 3767 16
713 3693 955 3766 Bliobarisius
975 3693 1203 3787 Arzoguidus
1232 3703 1266 3764 et
1295 3693 1424 3764 Petrus
1453 3693 1496 3764 de
1527 3691 1700 3789 Cernitis3
1729 3702 1878 3789 uterque
1903 3693 2097 3791 respoudit,
2119 3693 2234 3766 videri
2260 3692 2327 3766 sibi
2355 3717 2475 3789 neque

648 3821 868 3893 Potestatem
892 3844 1004 3914 neque
1025 3817 1198 3890 Doctores
1229 3843 1269 3890 co
1299 3817 1441 3890 Statuto
1462 3817 1613 3914 amplius
1633 3819 1757 3891 teneri.
1779 3818 1874 3891 Itum
1900 3828 1953 3891 est
1980 3820 2016 3890 iu
2046 3844 2168 3892 corum
2189 3819 2403 3891 senteutiam
2419 3815 2475 3890 (4).

756 3945 861 4017 XVI.
891 3942 1191 4037 studemini,
1212 3943 1338 4014 XXII.
1362 3943 1490 4014 martii.
1512 3942 1750 4016 Bliobarisius
1770 3944 2042 4038 instrumentum
2063 3944 2160 4042 pacis
2180 3944 2359 4041 componit
2378 3943 2479 4016 inter

650 4069 809 4143 Comune
838 4069 1053 4141 bononiense
1082 4077 1118 4140 et
1147 4068 1357 4139 mutinense.

757 4195 881 4267 XVII.
913 4193 1213 4288 ttCCOXVIH„
1235 4193 1382 4265 XXXI.
1405 4193 1499 4264 6611.
1529 4191 1781 4288 Bliobarisius,
1807 4219 1877 4266 una
1906 4219 1986 4266 cum
2014 4195 2239 4288 Macagnano
2266 4193 2315 4267 ΙΙ.
2346 4194 2479 4288 fratre,

650 4321 783 4394 electus
812 4321 847 4392 11(
877 4320 1118 4392 remissorium
1149 4319 1455 4391 testamentarium
1485 4343 1505 4390 a
1534 4325 1663 4414 patruo
1691 4319 1915 4414 Macaguano
1946 4317 2028 4392 I.(⁵l

757 4447 902 4518 XVIII.
923 4444 1184 4539 urceum,
1201 4444 1396 4542 penultima
1416 4444 1471 4515 (116
1494 4444 1623 4516 martii.
1642 4443 1796 4516 Consilio
1817 4446 1929 4543 partis
1947 4445 2128 4518 Ecclesiae
2149 4454 2184 4518 et
2199 4443 2485 4519 Jeramiensinm

649 4572 783 4645 additio
807 4572 903 4643 facta
932 4578 1009 4642 erat
1038 4571 1080 4641 de
1110 4594 1229 4642 meuse
1251 4569 1428 4642 decembri
1449 4569 1642 4666 superioris
1661 4569 1762 4642 amri:
1784 4569 1852 4642 hoc
1877 4580 1930 4642 est
1960 4570 2159 4667 complures
2188 4569 2248 4643 alii
2274 4568 2341 4641 1111
2369 4577 2486 4642 erant

645 4696 683 4768 iu
712 4695 749 4768 id
778 4695 972 4768 Consilium
993 4694 1123 4766 adlecti
1142 4718 1206 4792 per
1225 4693 1471 4788 Magistratus.
1493 4692 1593 4764 Inter
1612 4691 1814 4766 huiusmodi
1833 4693 1964 4767 electos
1985 4693 2180 4792 principem
2201 4693 2337 4766 obtinet
2356 4692 2486 4766 locum

648 4846 712 4920 pro
733 4822 877 4917 regione
898 4821 1011 4892 666611
1032 4820 1130 4892 Ρ6111
1152 4818 1390 4890 Bliobarisius
1410 4819 1452 4890 de
1473 4818 1690 4912 Azzoguidi's
1709 4817 1826 4914 legum
1847 4819 1971 4892 doctor
1985 4817 2036 4892 (6).

757 4945 865 5018 XIX.
887 4943 1149 5038 dcccxix,
1164 4942 1250 5014 VII.
1272 4943 1496 5039 septembris.
1518 4940 1605 5013 Tria
1625 4941 1779 5015 Consilio
1799 4943 1927 5041 Populi
1947 4950 2214 5041 proponuntur:
2235 4941 2265 5014 I.
2283 4941 2377 5031 Quid
2397 4941 2489 5040 pla-

648 5079 727 5145 eeat
747 5071 938 5143 decernere
958 5071 1052 5142 circa
1071 5069 1194 5141 literas
1222 5093 1243 5140 a
1270 5067 1456 5140 Communi
1477 5065 1622 5139 Paduae
1643 5077 1819 5165 acceptas.
1850 5068 1899 5142 ΙΙ.
1922 5069 2015 5158 Quid
2044 5068 2138 5141 cirea
2166 5065 2348 5164 postulata
2375 5065 2491 5164 lega·

646 5205 763 5269 torum
793 5195 1044 5268 mutinensium
1075 5203 1110 5266 et
1140 5194 1233 5265 circa
1257 5191 1378 5264 literas
1403 5193 1527 5263 missas
1556 5217 1577 5264 a
1606 5191 1764 5265 Bertouo
1789 5193 1832 5266 de
1852 5193 2016 5291 Tempuli
2035 5193 2220 5266 defensore
2245 5191 2492 5289 montaneae,

645 5331 681 5395 61
710 5330 937 5419 persecutore
956 5319 1195 5391 bauuitorum.
1218 5317 1285 5390 111.
1307 5316 1557 5389 Tractaudaue
1579 5318 1649 5388 siut
1670 5319 1844 5414 quaedam
1871 5318 2030 5415 sollicite,
2049 5317 2202 5390 fideliter
2229 5325 2265 5390 et
2294 5316 2496 5413 sapienter

645 5428 857 5544 pervarias
888 5445 1118 5539 magistratus
1148 5451 1183 5516 et
1213 5444 1391 5540 sapientes
1420 5441 1678 5538 infrascriptos,
1709 5453 1928 5516 nontamen
1957 5443 2025 5515 uisi
2052 5443 2103 5515 eis
2132 5467 2177 5515 61(
2206 5465 2381 5515 consensu
2416 5466 2493 5539 po-

646 5571 721 5670 puli
749 5580 784 5644 et
812 5571 942 5643 iudicio
970 5570 1216 5642 Auziauorum
1247 5580 1313 5642 etc.
1336 5568 1447 5640 libera
1476 5567 1692 5640 coucedatur
1711 5570 1905 5641 auctoritas
1934 5593 1976 5641 ea
2004 5568 2183 5640 tractandi
2212 5575 2247 5640 et
2271 5567 2498 5640 executioni

646 5696 851 5792 mandandi,
874 5721 964 5792 quae
990 5695 1205 5768 crediderint
1234 5696 1277 5767 ad
1306 5696 1437 5766 bouum
1457 5691 1638 5789 publicum
1658 5694 1837 5790 expedire.
1860 5693 2079 5791 Sapientium
2100 5691 2244 5765 uomina
2262 5691 2351 5764 haec
2372 5702 2495 5766 sunt:

753 5821 798 5895 D.
828 5820 1062 5893 Bliobarisius
1092 5821 1135 5892 de
1164 5819 1391 5915 AzzoguidiS,
1693 5819 1737 5892 D.
1768 5819 1921 5892 Boruius
1950 5819 1993 5890 de
2023 5817 2267 5912 Samaritauis,

753 5947 798 6020 D.
828 5944 1005 6041 Ugoliuus
1034 5946 1077 6017 16
1108 5945 1291 6041 1116661116,
1692 5945 1737 6018 D.
1767 5943 1937 6017 Nicolaus
1967 5944 2009 6016 de
2038 5941 2280 6038 Bentevoglis‚

725 6212 764 6277 (1)
784 6210 837 6262 Sic.
1665 6209 1704 6272 (4)
1725 6207 1786 6258 Lib.
1804 6206 1865 6272 Res.
1887 6206 1910 6257 Α
1929 6208 1964 6273 †,
1983 6206 2031 6258 161.
2051 6208 2093 6257 42.

725 6303 764 6366 (2)
785 6298 986 6362 (111161161166,
1000 6299 1065 6349 tom.
1079 6297 1115 6363 1.,
1129 6315 1192 6367 pag.
1207 6301 1267 6350 587.
1288 6297 1328 6348 Ex
1341 6297 1401 6349 Lib.
1418 6297 1476 6362 Ref.
1494 6298 1531 6362 †‚
1667 6298 1706 6361 (5)
1727 6296 1796 6347 Vide
1816 6297 1844 6346 in
1865 6296 2036 6361 blacopuaao
2055 6293 2079 6345 Ι.
2085 6331 2093 6359 ,
2112 6293 2126 6361 §
2145 6293 2182 6346 11.

644 6389 692 6442 161.
711 6395 755 6456 31,
776 6392 818 6454 33,
838 6391 880 6440 33.
1667 6386 1707 6452 (6)
1726 6383 1787 6436 Lib.
1806 6385 1866 6450 Ref.
1886 6385 1911 6436 A
1931 6385 1963 6450 †‚
1983 6384 2030 6436 161.
2050 6387 2092 6435 82.

725 6481 764 6546 (3)
784 6479 826 6530 Ex
845 6478 925 6530 Mem.
940 6477 1083 6529 Marenem·
1101 6477 1234 6543 quondam
1249 6477 1387 6528 Joauuini
1404 6477 1534 6529 Jordani.
