5492 7750
1393 575 1634 626 MONUMENTA

1476 997 1551 1063 XV.

1351 1232 1446 1314 1220,
1470 1231 1491 1292 5
1511 1230 1678 1314 febroarii.

1081 1461 1134 1526 Ex
1157 1461 1271 1526 eodem
1294 1461 1436 1548 chtstro
1461 1463 1735 1546 Grosso,lib.1.,
1760 1484 1787 1528 c.
1812 1465 1873 1528 331
1902 1459 1942 1527 r.⁰

690 1691 863 1758 Millesimo
887 1691 1106 1758 ducentesimo
1130 1692 1304 1778 vigesimo,
1328 1693 1380 1758 die
1405 1694 1517 1780 quinto
1548 1693 1689 1759 intrante
1719 1693 1901 1776 februario,
1922 1695 2100 1780 judictione
2127 1703 2260 1776 octava,
2282 1696 2319 1780 ju
2347 1696 2417 1760 sala

601 1800 715 1886 palatii
739 1799 935 1884 Communis,
959 1801 993 1865 in
1016 1821 1080 1888 qna
1102 1800 1252 1866 Potestas
1276 1803 1444 1867 consuerit
1466 1823 1539 1866 cum
1563 1801 1661 1868 Curia
1683 1803 1866 1885 convenire,
1882 1802 2086 1889 presentibus
2109 1802 2238 1868 domino
2261 1803 2415 1886 Baccara,

600 1915 634 1974 ot
656 1907 786 1974 domino
808 1907 1043 1976 Jldrebaudino
1066 1908 1291 1995 Prendipartis
1311 1915 1343 1974 et
1367 1909 1440 1974 aliis
1462 1909 1624 1996 pluribus,
1648 1910 1796 1976 domiuus
1819 1910 2047 1975 Lambertinus
2069 1911 2191 1976 Azouis
2215 1910 2352 1976 Gardini
2374 1912 2416 1976 ad

600 2021 713 2081 sancta
735 2015 799 2082 Dei
821 2016 994 2102 evangelia
1014 2016 1149 2102 jurarit,
1174 2016 1350 2082 secundum
1374 2016 1512 2082 sormam
1537 2017 1672 2100 Statnti,
1697 2018 1784 2106 qnod
1807 2039 1871 2083 non
1894 2018 1981 2104 legat
2004 2017 2043 2082 de
2065 2017 2209 2103 Legibus
2232 2027 2326 2084 extra
2348 2019 2413 2086 Bo·

601 2123 729 2188 noniam
761 2123 813 2187 vel
843 2125 914 2208 ejus
944 2123 1153 2206 Districtum,
1178 2131 1210 2188 et
1240 2122 1327 2210 quod
1358 2145 1421 2188 non
1445 2125 1507 2189 erit
1529 2125 1563 2189 in
1585 2125 1737 2190 conscilio
1761 2125 1812 2189 vel
1836 2124 1998 2210 adjutorio
2027 2132 2063 2189 ut
2097 2124 2247 2190 Studium
2268 2125 2414 2192 Bononia

600 2229 768 2296 auferatur
788 2231 841 2296 val
865 2231 1073 2296 diminuatur.

689 2337 748 2420 (L.
765 2338 787 2420 †
804 2337 852 2420 S.)
874 2337 946 2424 Ego
970 2337 1145 2404 Zacharias
1169 2339 1209 2403 de
1235 2338 1345 2403 Strata
1367 2338 1496 2423 Majori,
1514 2339 1689 2424 imperialis
1713 2339 1797 2404 Aule
1821 2348 1854 2403 et
1876 2361 1961 2404 nunc
1985 2339 2137 2405 Comanis
2160 2340 2242 2406 Bon.
2260 2341 2414 2424 notarius,

599 2445 744 2531 predicta
767 2445 896 2530 publice
918 2446 1043 2532 scripsi.
2008 2465 2012 2472 ·

1460 2711 1554 2776 XVI.

1320 2945 1417 3027 1220,
1440 2943 1485 3007 23
1505 2943 1691 3028 septembris.

1151 3177 1204 3243 Ex
1229 3177 1369 3264 Rectam
1395 3178 1519 3261 Gnosso,
1543 3178 1599 3242 lib.
1623 3177 1669 3258 I.,
1694 3199 1721 3242 o.
1746 3181 1807 3242 351
1835 3201 1861 3243 r.

681 3411 780 3476 Anno
796 3410 918 3476 domini
934 3410 1104 3477 millesimo
1119 3411 1340 3476 ducentesimo
1355 3409 1523 3496 vigesimo,
1540 3409 1714 3476 indictione
1730 3419 1856 3494 octava,
1870 3411 1922 3476 dic
1936 3420 2051 3478 octavo
2066 3424 2206 3478 exeunte
2222 3417 2412 3502 septembri,

592 3519 626 3583 iu
647 3519 783 3606 pallatio
807 3519 994 3585 Communis
1016 3519 1179 3602 Bononia,
1203 3519 1236 3583 in
1259 3519 1424 3606 presentia
1446 3517 1577 3583 testium
1609 3525 1797 3604 rogatorum
1828 3527 1860 3584 et
1890 3526 2093 3604 vocatorum,
2117 3521 2268 3586 videlicet
2289 3523 2413 3589 domini

591 3625 707 3692 Jacobi
737 3626 860 3711 Pinoli,
885 3626 1007 3692 domiui
1029 3626 1155 3691 Juliani
1178 3626 1217 3690 da
1242 3625 1402 3691 Odderico
1425 3624 1672 3710 Bonicouscilii,
1697 3626 1818 3691 domiui
1840 3626 1957 3693 Jacobi
1979 3627 2020 3691 de
2043 3627 2224 3714 Enrigitto,
2247 3628 2347 3695 Janni
2371 3632 2411 3698 de

591 3733 739 3818 Alberto,
765 3734 846 3801 Sora
864 3735 974 3820 judice
997 3755 1083 3800 nunc
1107 3735 1294 3800 Communis
1316 3734 1475 3816 Bononia,
1498 3733 1672 3818 Angelello
1695 3734 1821 3798 notario
1843 3734 1884 3799 de
1908 3734 2119 3800 Carboncallo
2143 3743 2176 3801 et
2198 3737 2353 3822 aliorum,
2377 3741 2411 3804 in

591 3865 729 3930 quorum
751 3843 916 3930 presentia
938 3843 1027 3908 venit
1051 3842 1199 3908 dominus
1222 3841 1414 3907 Bonefatius
1438 3840 1601 3927 quondam
1628 3841 1714 3906 filius
1744 3840 1865 3906 domini
1894 3841 2047 3909 Odderici
2075 3842 2305 3910 Bonicouscilii
2335 3855 2410 3914 aute

591 3950 757 4016 dominum
779 3950 945 4032 Erassum,
963 3950 1107 4035 judicem
1129 3949 1252 4014 domiui
1275 3948 1442 4013 Guillelmi
1465 3947 1505 4011 de
1527 3946 1694 4030 Pusterla,
1717 3948 1830 4012 voleus
1853 3969 1967 4034 regere
1990 3950 2131 4014 studium
2154 3951 2273 4037 legum,
2297 3975 2410 4040 corpo·

592 4058 703 4123 raliter
723 4058 848 4143 juravit
870 4079 980 4122 eoram
1002 4057 1147 4144 predicto
1170 4056 1300 4122 dominc
1323 4055 1454 4138 Frasso,
1475 4053 1585 4140 judice
1614 4053 1810 4138 Potastatis,
1834 4055 1880 4119 ita
1912 4056 2142 4122 observasset
2168 4058 2276 4124 facere
2307 4069 2342 4124 ut
2377 4062 2409 4126 in

592 4166 721 4231 Statuto
744 4165 784 4230 de
808 4165 946 4230 dominis
969 4163 1096 4250 Legum
1119 4164 1311 4230 continetur.

677 4273 929 4338 Prenominatus
953 4271 1102 4336 dominns
1125 4271 1264 4336 Frassus
1287 4270 1433 4357 predicta
1455 4269 1553 4335 scribi
1576 4269 1752 4334 mandavit.

679 4381 751 4467 Ego
775 4380 937 4466 Ugoliuus
959 4377 1163 4460 Ymolensis,
1187 4377 1251 4442 Dei
1274 4379 1381 4464 gratia
1404 4377 1580 4465 imperialis
1604 4375 1689 4440 Aule
1713 4377 1875 4461 notarius,
1898 4378 2030 4442 interfui
2053 4379 2205 4465 predictis
2228 4389 2261 4445 et
2284 4383 2408 4468 scripsi.

1444 4754 1556 4821 XVII.

1323 4989 1420 5072 1220,
1444 4989 1487 5052 24
1511 4987 1683 5054 decembris.

1075 5220 1128 5285 Ex
1151 5221 1266 5286 eodem
1288 5220 1429 5306 Beqietro
1453 5221 1576 5304 Gnosso,
1602 5221 1657 5285 lib.
1683 5221 1729 5302 I.,
1753 5242 1781 5285 c.
1805 5222 1868 5286 377
1895 5242 1925 5286 v.

675 5453 850 5520 Millesimo
873 5451 1092 5517 ducentesimo
1116 5451 1283 5537 vigesimo,
1307 5452 1358 5516 die
1377 5452 1463 5536 jovis
1485 5460 1600 5516 octavo
1624 5459 1762 5516 exeunte
1781 5452 1960 5534 decembre,
1975 5453 2154 5535 judiotioue
2170 5459 2295 5518 octava.
2321 5455 2407 5519 Con·

585 5569 722 5648 gregato
746 5560 907 5626 Oouscilio
931 5558 1102 5624 Credantie
1126 5559 1221 5624 solito
1245 5581 1333 5624 more
1357 5559 1400 5624 ad
1422 5579 1537 5623 sonum
1560 5579 1726 5644 campane,
1748 5558 1901 5624 mandato
1924 5559 2111 5642 Potastatis,
2136 5561 2260 5624 scilieet
2282 5560 2405 5625 domini

587 5669 753 5734 Guilielmi
777 5667 817 5732 de
840 5666 1009 5750 Pusterla,
1033 5665 1144 5730 retulit
1167 5665 1315 5730 dominus
1346 5666 1563 5731 Guinardinus
1591 5667 1700 5751 legum
1723 5664 1836 5730 doctor
1869 5666 1985 5729 iterum
2012 5667 2220 5731 tranmissus
2251 5687 2324 5731 cum
2347 5689 2406 5731 un·

587 5776 692 5842 decim
717 5774 927 5862 Sapjentibus
958 5774 1000 5838 ad
1030 5773 1196 5838 dominum
1218 5773 1431 5859 Episcopum,
1455 5773 1540 5860 quod
1567 5773 1716 5837 dominus
1744 5771 1925 5859 Episcopus
1958 5773 2003 5838 sic
2033 5773 2080 5838 eis
2113 5774 2294 5859 respoudit,
2320 5775 2406 5859 quod

585 5881 748 5949 homicida
771 5880 897 5946 restitui
920 5880 1038 5945 debeat
1060 5881 1094 5944 in
1117 5880 1212 5945 domo
1235 5901 1295 5944 sua
1317 5883 1459 5966 propria,
1477 5901 1516 5944 aa
1539 5889 1647 5944 tamon
1672 5880 1865 5962 conditione,
1882 5879 1968 5967 quod
1989 5879 2141 5966 quioquid
2166 5901 2324 5966 supereo
2349 5902 2404 5944 ne·

584 5991 674 6078 gotio
698 5989 822 6054 factum
843 5995 893 6054 ast
916 6010 958 6053 ex
973 5995 1066 6075 perte
1084 5987 1280 6070 Communis,
1297 5995 1329 6052 at
1345 6008 1403 6073 pro
1420 5987 1600 6070 Communi,
1618 5993 1650 6051 et
1668 6009 1710 6052 ex
1725 5994 1818 6074 parte
1834 5986 1956 6052 domini
1971 5986 2134 6073 Episcopi,
2152 5993 2185 6051 at
2201 6007 2259 6073 pro
2275 5987 2405 6054 domino

582 6098 757 6186 Episcopo,
774 6097 900 6162 nullum
923 6096 1022 6160 faciat
1044 6095 1263 6182 prejuditium,
1281 6095 1333 6159 rel
1354 6096 1408 6180 jus
1431 6095 1587 6180 acquirat,
1604 6095 1672 6159 sive
1698 6095 1891 6180 acquisitum
1915 6094 2035 6158 habeat
2057 6094 2227 6160 Communi
2250 6095 2304 6158 vel
2325 6094 2405 6182 Epi·

583 6227 691 6293 scopo.
715 6205 759 6270 Et
781 6204 868 6270 idem
890 6205 930 6268 de
954 6201 1183 6288 [re]stitutiona
1214 6209 1246 6267 et
1277 6201 1478 6267 relaxatione
1508 6201 1667 6267 homicide
1690 6201 1845 6288 predicti,
1869 6201 1968 6266 etiam
1990 6201 2078 6286 quod
2100 6201 2249 6267 Potestas
2277 6202 2405 6266 nullum

581 6314 727 6401 requirat
750 6311 903 6398 deinceps
926 6311 1046 6376 laicum
1069 6309 1121 6374 vel
1144 6309 1315 6393 clericum,
1340 6317 1372 6374 et
1395 6317 1507 6374 contra
1534 6308 1705 6395 requisitos
1730 6330 1793 6374 non
1816 6308 1972 6395 procedat
1994 6329 2053 6394 pro
2077 6308 2163 6373 dicto
2187 6309 2327 6395 nogotio,
2352 6309 2405 6372 rel

583 6421 753 6486 occasione
776 6419 874 6506 hujus
898 6418 1030 6504 negotii.
1054 6417 1097 6482 Et
1120 6417 1268 6482 dominus
1290 6415 1471 6503 Episcopus
1493 6415 1645 6480 liberabit
1676 6423 1708 6480 et
1739 6416 1886 6480 absolvet
1914 6435 2024 6480 omnes
2051 6436 2223 6502 personas,
2248 6437 2328 6502 que,
2352 6436 2404 6478 oo·
