5484 7746
751 665 981 716 SPECTANTIA
1009 667 1060 714 AD
1088 665 1341 716 PROFESSORES
1370 666 1479 715 ARTIS
1508 665 1699 716 NOTARIAE
2054 644 2129 714 205

319 823 471 904 00000100,
495 823 556 888 1000
581 822 766 908 exemplum
789 843 831 884 ex
855 823 1016 884 autentico
1041 820 1210 906 privilegio
1234 820 1355 884 domini
1382 821 1545 884 Frederiei
1578 821 1651 886 olim
1680 821 1899 886 Ronrauorum
1924 819 2133 906 Imperatoris

317 937 478 1015 sumptum
503 951 560 1016 per
583 929 830 992 Lambortinum
854 926 1030 991 Guallandi
1053 928 1214 992 notarium
1237 927 1475 1012 infrascriptum
1496 927 2133 992 0000000001110100010001000100100010

317 1035 356 1098 do
386 1035 557 1120 Fixirego,
582 1035 749 1100 Potestatc
772 1033 936 1116 Bononie,
961 1040 993 1096 et
1016 1033 1145 1097 domino
1169 1033 1349 1097 Thomsxio
1381 1034 1451 1117 ejus
1472 1034 1581 1118 judice
1605 1042 1637 1097 et
1661 1055 1838 1116 assessore,
1864 1034 1905 1096 ad
1933 1035 2052 1097 dictum
2076 1055 2133 1096 au·

317 1143 469 1205 tosticum
494 1143 699 1228 privilegium
723 1161 787 1204 000
812 1163 884 1206 cum
913 1142 1130 1226 suprascripto
1162 1140 1290 1204 domino
1321 1139 1516 1226 Henrigipto
1548 1141 1710 1225 quondam
1740 1141 1861 1205 domini
1889 1141 2046 1204 Feliciaui
2077 1163 2133 1206 uo·

317 1250 417 1332 tario,
442 1257 474 1313 et
498 1249 710 1334 infrascriptis
735 1248 872 1312 dominis
896 1247 1052 1311 Matbiolo
1077 1247 1116 1311 de
1139 1246 1302 1328 Roncore,
1328 1247 1473 1310 Gerardo
1498 1247 1537 1310 010
1559 1248 1724 1312 Ρ100001110
1747 1255 1779 1311 00
1806 1247 1891 1312 dicto
1923 1247 2132 1314 Lambertino

318 1356 489 1440 diligenter
512 1363 544 1419 et
568 1355 705 1418 fideliter
731 1355 921 1435 abscultavi,
939 1361 971 1418 et
994 1354 1146 1438 quoniam
1169 1353 1249 1416 illud
1269 1353 1454 1436 juveuimus
1478 1375 1550 1416 eum
1575 1354 1659 1418 dicto
1684 1355 1844 1418 autentico
1861 1375 1919 1440 per
1935 1356 2042 1418 omnia
2058 1376 2132 1420 oon-

317 1462 460 1545 cordsre,
483 1471 518 1526 ut
541 1461 645 1526 eidem
668 1463 816 1547 exemplo
841 1461 1033 1524 adhibeatur
1056 1460 1095 1524 dc
1119 1468 1225 1524 cetero
1249 1461 1345 1546 plena
1369 1459 1457 1542 110100,
1476 1460 1515 1524 010
1539 1461 1691 1525 mandato
1715 1461 1790 1524 dicti
1815 1461 1935 1525 domini
1957 1462 2132 1527 Potestatis

317 1590 367 1632 me
389 1571 425 1654 jn
450 1577 564 1633 testem
588 1569 772 1656 subscripsi.

407 1676 465 1758 (L.
482 1678 504 1759 †
522 1677 569 1760 S.)
592 1677 664 1762 1100
688 1676 874 1761 Mathyolus
898 1676 937 1738 de
961 1675 1142 1756 Ronchore,
1157 1672 1320 1758 jmperiali
1336 1674 1527 1738 auctoritate
1541 1675 1643 1759 judex
1660 1675 1840 1740 ordinarius
1857 1682 1953 1761 atque
1978 1677 2131 1760 notarius,

316 1786 377 1849 hoc
402 1786 587 1869 exemplum
611 1806 653 1848 ex
676 1784 838 1848 autentico
863 1783 1032 1870 0010110010
1056 1782 1176 1846 01000101
1199 1781 1363 1845 Frederici
1387 1782 1463 1846 olim
1489 1781 1709 1846 Romanorum
1734 1783 1942 1869 Imperatoris
1970 1792 2133 1870 sumptum

315 1915 373 1979 per
395 1893 640 1957 Lambertinum
666 1890 841 1955 Guallandi
863 1891 1024 1954 0000010000
1045 1890 1289 1976 jafrasoriptum
1313 1912 1422 1954 coram
1445 1890 1544 1953 nobili
1573 1889 1642 1954 viro
1673 1890 1801 1954 domino
1824 1891 1990 1955 Anthonio
2014 1892 2053 1955 de
2077 1893 2131 1957 Fi-

315 2023 451 2086 xarago,
476 2001 642 2063 Potestate
665 1998 821 2080 Bononie,
846 2005 878 2061 et
902 1997 1030 2061 domino
1055 1997 1235 2062 Thomaxio
1260 2000 1329 2083 ejus
1350 1998 1458 2083 judice
1483 2004 1515 2060 00
1538 2018 1710 2079 assessore,
1727 1997 1768 2060 001
1793 1998 1912 2062 dictum
1935 2001 2132 2064 autent-icum

317 2109 523 2194 privilegium
547 2127 611 2170 una
635 2127 708 2169 cum
731 2106 957 2190 suprascriptis
981 2106 1109 2168 domiuo
1133 2105 1328 2191 Henrigipto
1352 2104 1512 2190 quondam
1534 2105 1654 2168 domini
1677 2105 1846 2169 Fellioiani
1862 2111 1894 2170 et
1914 2106 2012 2170 Petro
2028 2107 2131 2192 110001-

317 2216 417 2280 010010
441 2215 480 2278 de
504 2213 728 2298 Bambaglolis
752 2213 885 2276 00000110
914 2229 946 2275 00
974 2212 1191 2298 jnfrascriptis
1216 2261 1390 2276 ......
1404 2212 1500 2276 (1100
1529 2212 1614 2275 dieto
1645 2212 1873 2295 Lambertino,
1898 2213 2070 2298 diligenter
2100 2222 2132 2279 00

316 2321 454 2386 fideliter
478 2321 668 2386 abscultavi.
692 2319 735 2384 Et
758 2321 910 2406 quoniam
943 2320 1021 2384 illud
1052 2321 1237 2404 juvenimus
1268 2341 1341 2383 cum
1372 2320 1456 2384 dicto
1481 2321 1642 2383 autentico
1665 2341 1723 2405 000
1747 2321 1855 2384 000010
1878 2322 2072 2386 concordare
2096 2333 2132 2387 ut

317 2430 422 2494 eidem
445 2429 594 2515 exemplo
618 2428 810 2491 adhibeatur
833 2428 872 2490 de
897 2435 1003 2492 cetero
1026 2428 1123 2513 plena
1143 2427 1239 2510 fidex,
1257 2426 2132 2494 0100000010οο011001(10001001Ρο000000100001000000000

317 2537 502 2623 subscripsi.

407 2644 465 2725 (L.
483 2644 505 2724 †
522 2643 568 2723 S.)
593 2642 664 2727 Ego
691 2640 855 2706 Gerardus
880 2641 1016 2705 condam
1039 2640 1139 2704 Fabri
1162 2641 1201 2704 de
1224 2641 1403 2724 Plostellis,
1417 2641 1582 2726 jmperiali
1606 2642 1795 2705 000000010000
1820 2643 1964 2706 00000100
1985 2652 2017 2707 00
2031 2644 2133 2728 judex

317 2751 509 2832 ordinarius,
526 2750 587 2814 1000
611 2749 798 2834 exemplum
821 2770 863 2812 ex
887 2748 1048 2812 autentico
1072 2748 1242 2834 privilegio
1268 2748 1389 2812 domini
1412 2748 1575 2812 Frederiei
1597 2749 1673 2812 olim
1689 2747 1909 2814 Romanorum
1925 2749 2134 2835 Imperatoris

322 2866 484 2943 sumptum
509 2879 566 2942 000
590 2857 836 2920 Lambertinum
861 2855 1036 2919 Guallandi
1060 2856 1221 2918 notarium
1234 2855 1479 2941 jnfrascriptum
1495 2877 1603 2919 coram
1619 2856 1719 2919 nobili
1738 2856 1807 2919 viro
1824 2855 1952 2921 domiuo
1968 2858 2134 2924 Anthonio

319 2964 358 3028 ds
375 2966 550 3049 Fixarago‚
567 2964 732 3028 Potestatc
750 2963 908 3045 Bononie,
926 2969 958 3026 00
974 2962 1102 3027 domino
1124 2963 1306 3026 Thomoxio
1323 2964 1393 3047 ejus
1407 2963 1516 3047 judice
1540 2971 1572 3027 00
1595 2985 1767 3046 assessore,
1791 2962 1829 3026 ad
1855 2963 1975 3026 dietum
2000 2965 2137 3029 autenti·

319 3094 390 3136 cum
416 3072 621 3156 privilegium
646 3093 710 3134 una
735 3092 807 3134 cum
825 3070 1050 3156 suprascriptis
1067 3070 1197 3134 domino
1214 3070 1409 3155 Henrigipto
1433 3070 1511 3134 fillio
1536 3070 1698 3155 quondam
1721 3071 1887 3154 Felioiani,
1904 3070 2002 3135 Petro
2019 3072 2139 3136 domini

318 3179 496 3264 Uguoionis
519 3179 558 3241 de
582 3178 794 3261 Bambaiolis,
820 3179 949 3241 domiuo
973 3177 1129 3240 Mathiolo
1157 3177 1196 3240 de
1227 3177 1398 3242 Ronchore
1427 3184 1458 3240 et
1485 3177 1702 3262 jnfrascriptis
1733 3177 1942 3242 100-0010000100
1976 3179 2138 3243 Gualandi

319 3335 493 3351 ......
508 3286 547 3349 (21
572 3293 603 3348 00
628 3285 713 3348 dieto
739 3285 949 3349 Lambertiuo
973 3284 1145 3369 diligenter·
1169 3292 1200 3348 et
1223 3284 1372 3348 lidelliter
1396 3284 1586 3348 abscultavi.
1609 3284 1652 3348 Et
1676 3285 1825 3369 quoniam
1851 3285 1930 3349 illud
1952 3286 2138 3370 jnvenimus

317 3415 389 3459 eum
414 3394 498 3457 dicto
523 3392 686 3457 autentico
709 3412 768 3478 000
793 3393 901 3456 omnia
925 3391 1119 3455 concordare
1143 3398 1179 3455 ut
1202 3391 1305 3456 eidem
1329 3392 1477 3477 exemplo
1501 3390 1671 3454 adibeatur
1690 3391 1729 3454 de
1747 3400 1853 3456 cetero
1869 3391 1966 3478 plena
1981 3393 2078 3476 fidex,
2096 3393 2135 3457 010

319 3502 470 3565 000000010οο
495 3500 572 3563 dieti
597 3500 718 3563 domini
743 3499 919 3563 Potestatis
943 3521 993 3562 me
1014 3499 1050 3583 jn
1075 3505 1188 3562 testem
1213 3499 1397 3584 subscripsi.

407 3607 465 3690 (L.
483 3608 505 3688 †
523 3607 569 3688 S.)
595 3607 667 3692 Ego
692 3605 920 3670 Lambertinus
946 3605 1131 3688 Guallandi,
1146 3606 1309 3691 jmperiali
1326 3606 1516 3670 auctoritate
1534 3606 1677 3670 notarius
1693 3613 1725 3669 et
1738 3606 1841 3690 judex
1859 3606 2049 3690 ordinarius,
2067 3629 2139 3693 pre·

318 3737 391 3779 sens
414 3715 600 3800 exemplum
624 3735 665 3776 ex
690 3713 842 3798 originali
866 3735 924 3777 suo
949 3713 1074 3796 integro
1099 3720 1130 3775 et
1154 3713 1337 3798 incorrupto
1361 3712 1498 3776 fideliter
1522 3713 1635 3798 0001001
1658 3721 1690 3777 00
1711 3713 1904 3800 exemplavi,
1922 3722 2041 3778 etcum
2059 3715 2140 3778 illud

319 3823 359 3886 ab
384 3824 564 3886 auctentico
589 3843 649 3905 000
674 3828 706 3884 00
731 3821 809 3884 dicti
833 3821 891 3905 alij
917 3821 1107 3884 tabelliones
1132 3827 1163 3883 00
1187 3827 1285 3884 000000
1310 3841 1417 3884 coram
1441 3821 1593 3906 predictis
1616 3821 1754 3885 dominis
1776 3822 1941 3885 Potestate
1970 3829 2002 3885 et
2025 3822 2141 3887 Judice

317 3931 455 4014 legendo
480 3937 512 3993 et
535 3929 724 3992 assultando
750 3929 781 3990 in
807 3929 905 4011 nullo,
923 3949 981 4014 per
1001 3927 1087 4013 quod
1111 3928 1281 3991 inducatur
1304 3949 1417 3992 sensus
1441 3927 1698 4014 velintelleetus
1718 3935 1841 3993 mutato
1858 3929 2075 3993 invenerimus
2092 3930 2138 3994 di·

318 4037 478 4118 scordare,
504 4059 554 4099 me
578 4036 617 4099 de
642 4036 742 4121 ipsius
767 4035 942 4099 Potestatis
967 4043 998 4099 00
1022 4035 1146 4099 Judicis
1171 4035 1322 4098 mandato
1346 4035 1378 4098 in
1403 4035 1545 4098 eiusdem
1569 4036 1710 4122 exempli
1733 4036 1863 4122 plenam
1893 4037 1990 4100 fidem
2022 4045 2136 4100 testem

321 4144 505 4228 subscripsi,
527 4150 558 4206 et
583 4143 700 4206 dietam
726 4142 951 4206 insinuationis
975 4142 1199 4206 arrctoritatem
1224 4142 1351 4226 publice
1375 4143 1499 4227 scripsi,
1524 4142 1708 4228 subscripsi,
1733 4143 1871 4228 signavi.
1895 4142 1938 4208 Et
1961 4145 2140 4230 predictum

321 4251 526 4336 privilegium
551 4250 597 4314 sic
621 4249 874 4313 auctenticatum
898 4255 930 4313 et
953 4249 1150 4312 insinuatum
1173 4271 1281 4313 coram
1305 4249 1457 4334 predictis
1480 4250 1615 4314 testibus
1640 4257 1672 4313 et
1695 4249 1923 4314 tabellionibus
1941 4253 1977 4336 jn
2002 4252 2141 4316 armario

323 4357 475 4421 Comunis
498 4357 644 4420 Bononio
658 4339 702 4420 10
728 4356 866 4441 00010000
892 4356 1043 4420 Comanis
1060 4357 1152 4442 posui
1169 4357 1377 4420 demandato
1394 4356 1514 4420 domini
1530 4357 1688 4441 Anthonij
1705 4358 1744 4422 de
1761 4357 1947 4443 Fuxaraga,
1965 4359 2141 4422 Potestatis

320 4465 484 4546 Bononie,
509 4471 544 4527 ut
569 4472 694 4528 constat
720 4465 759 4528 de
784 4465 884 4550 ipsius
908 4464 1070 4547 mandato,
1095 4465 1213 4549 scripto
1237 4485 1334 4527 manu
1358 4464 1448 4528 Petri
1471 4464 1510 4530 de
1534 4464 1756 4550 Bambaglolis
1788 4467 1921 4549 notarii,
1947 4487 1966 4528 a
1994 4488 2044 4529 000
2070 4468 2139 4532 0100

321 4578 353 4635 00
376 4573 468 4636 leeto.

1194 4893 1258 4957 Ill.

1070 5107 1166 5191 1281,
1191 5109 1234 5170 30
1257 5107 1391 5172 octobrio.

368 5321 421 5384 Ex
444 5320 543 5384 Areh.
568 5321 656 5384 Max.
681 5320 774 5402 bon,
799 5321 832 5383 in
856 5321 985 5384 Memor.
1012 5322 1325 5407 ί’0000000010,·101000.
1350 5323 1764 5403 10100001οΒ00100000000,
1792 5326 1887 5405 1284,
1912 5345 1939 5387 0.
1967 5327 2029 5388 100
2053 5329 2093 5388 r.⁰

408 5537 469 5600 Dic
494 5537 569 5599 lune
595 5557 674 5598 xxx.
700 5534 838 5598 octobris
862 5533 1028 5617 [ll.⁰ce.⁰l.⁰
1045 5559 1124 5600 xxx.
1142 5537 1214 5622 iiij.]

410 5643 543 5706 Constat
567 5643 650 5706 inter
675 5641 839 5704 dominum
862 5641 1081 5705 Rolandiuum
1104 5643 1297 5729 Paxagerij‚
1322 5645 1400 5707 artis
1424 5644 1547 5708 notorie
1572 5644 1745 5727 doctorem,
1771 5645 1874 5709 civem
1896 5645 2137 5728 bononiensem,

320 5774 362 5814 ex
385 5771 449 5813 una
473 5759 582 5836 parto,
608 5757 640 5814 00
663 5751 854 5834 magistrum
877 5751 1084 5814 Nicholinnm
1122 5752 1222 5815 filium
1250 5754 1331 5816 alias
1358 5751 1473 5816 Uberti
1501 5753 1652 5817 Lardarii
1682 5753 1721 5817 dc
1752 5753 1944 5837 Fraseneto,
1970 5755 2139 5818 comitatus

318 5859 497 5944 Papiensis,
516 5867 547 5922 00
564 5858 755 5942 magistrum
771 5857 973 5922 Venanciurn
998 5859 1100 5924 110001
1124 5860 1163 5922 de
1188 5860 1286 5924 Osmo
1311 5883 1352 5924 ex
1376 5860 1450 5944 alia,
1467 5861 1567 5943 litem,
1585 5861 1837 5925 controversiam
1858 5883 1915 5924 seu
1939 5862 2139 5946 questionem

320 5967 418 6030 fuisse
442 5973 474 6030 et
498 5967 603 6030 adhue
633 5965 750 6028 durare
775 5973 806 6028 et
830 5965 927 6028 etiam
952 5967 1075 6051 sperari
1100 5966 1132 6030 in
1157 5967 1301 6030 futurum
1324 5989 1394 6032 0000
1418 5990 1515 6054 00000
1536 5970 1608 6053 jure
1633 5968 1767 6052 regendi
1790 5975 1823 6031 et
1846 5968 1980 6032 docendi
2006 5969 2037 6032 in
2062 5970 2139 6032 0101-

320 6082 386 6137 0000
409 6073 555 6138 Βο0000010
581 6080 683 6136 artem
707 6081 738 6136 00
763 6073 929 6136 seientiam
954 6074 1088 6156 notarie,
1114 6075 1198 6159 quod
1220 6075 1273 6159 jus
1298 6076 1425 6138 dicebat
1448 6077 1516 6161 1000
1540 6076 1687 6139 dominus
1712 6074 1914 6138 Rolaudinus
1938 6074 2138 6140 solummodo

321 6182 437 6245 sibiet
463 6182 534 6244 aliis
559 6181 682 6245 civibus
706 6180 852 6244 Bononio
885 6188 916 6244 et
949 6182 1004 6267 qui
1034 6203 1093 6268 per
1116 6183 1231 6267 viginti
1255 6205 1356 6246 annos
1379 6190 1537 6248 steterunt
1560 6189 1592 6247 et
1614 6183 1843 6246 habitaverunt
1866 6181 1899 6245 in
1923 6182 2052 6246 civitate
2075 6183 2139 6247 Bo·

401 6433 440 6496 (l)
459 6430 572 6482 Lacuna
590 6448 640 6499 per
659 6444 791 6496 rasuram,
812 6431 839 6482 in
859 6448 913 6500 qua
934 6447 946 6480 0
968 6431 1072 6485 1000100
1094 6447 1108 6480 00
1129 6437 1235 6484 tantum
1255 6433 1309 6502 1001
1330 6438 1416 6503 potos.

402 6523 440 6586 (2)
461 6519 581 6572 Lacuna.
