5492 7750
787 585 1017 637 SPEOTANTIA
1046 585 1097 635 AD
1125 583 1380 634 Pnosassosus
1408 583 1513 634 JURIS
1542 582 1675 633 OIVILIS
2085 559 2129 627 61

319 742 520 828 perlameris,
545 749 577 805 et
599 762 700 805 unum
722 740 841 804 collare
865 739 960 821 ferri,
985 744 1017 802 et
1040 759 1105 801 una
1128 736 1273 820 telatera]
1297 743 1329 801 et
1359 758 1424 800 uua
1455 757 1591 823 crepare
1620 735 1740 800 valoris
1770 736 1926 800 librarum
1954 736 2136 820 sexaginta.

320 849 404 914 Item
427 871 492 913 una
515 849 603 913 falda
627 848 816 934 perlameris
839 853 871 910 ct
895 846 957 910 due
981 845 1134 931 gambere
1157 844 1277 908 valoris
1299 844 1455 908 librarum
1472 843 1650 908 duodecim.
1668 842 1751 908 ltem
1766 851 1832 908 tres
1848 865 1949 930 coppe
1966 865 2039 909 cum
2054 845 2136 930 pede

321 963 476 1041 argenteo
498 962 722 1042 superaurato,
740 961 772 1018 et
788 975 853 1018 una
877 975 949 1018 cum
972 952 1054 1039 pede
1078 959 1112 1016 et
1133 951 1310 1036 cosler]gio
1323 951 1362 1015 (1)
1379 959 1532 1037 argenteo
1557 957 1780 1037 superaurat0.
1797 949 1880 1014 Item
1897 952 2140 1037 quatuordecim

320 1085 422 1150 coppe
445 1064 542 1149 plane
566 1069 731 1149 argentee,
749 1067 781 1125 91
805 1061 921 1145 viginti
944 1081 1002 1124 sex
1026 1059 1176 1124 coclearii
1200 1059 1319 1123 valoris
1343 1059 1500 1122 librarum
1524 1057 2138 1144 999199999919990999999191999-

320 1171 398 1235 1919
421 1170 552 1235 1999991
568 1191 626 1256 per
642 1169 806 1234 dominum
822 1168 994 1232 Albertum
1018 1165 1258 1230 Gazanimioum
1282 1166 1313 1230 iu
1338 1166 1468 1229 civitate
1491 1165 1638 1230 Bononie
1661 1172 1693 1229 ct
1717 1186 1779 1251 que
1797 1165 1964 1252 redempta
1985 1175 2060 1232 sunt
2082 1191 2139 1255 per

321 1278 487 1343 dominum
511 1277 734 1342 Guillielmum
757 1297 815 1361 pro
832 1275 923 1338 libris
940 1280 1143 1338 octocentum
1157 1273 1416 1355 bononenorum,
1434 1273 1502 1337 sire
1518 1293 1576 1359 per
1591 1272 1831 1338 Ambaxatcres
1849 1273 2001 1340 Comunis
2016 1277 2139 1342 Medio·

321 1387 389 1450 lani
411 1407 470 1473 pro
494 1386 564 1471 ipso
589 1384 718 1448 domino
743 1383 927 1464 Guilielmo,
944 1381 999 1467 qni
1022 1381 1150 1444 iverunt
1173 1382 1205 1444 in
1230 1381 1359 1445 civitate
1382 1381 1529 1445 Bononie
1553 1401 1611 1466 pro
1632 1380 1794 1467 predictis.
1811 1381 1895 1462 Item
1910 1404 2049 1468 pascere
2065 1385 2138 1468 due,

322 1515 384 1579 que
408 1493 562 1557 derobate
586 1492 717 1555 fuerunt
747 1490 856 1554 91991
880 1488 995 1552 amisse
1020 1489 1054 1552 in
1078 1489 1207 1553 civitate
1231 1487 1377 1552 Bononie
1408 1488 1460 1551 vel
1491 1487 1655 1571 districtu,
1680 1488 1799 1553 valoris
1830 1489 1986 1554 librarum
2017 1492 2138 1558 decem.

321 1601 406 1665 Item
429 1600 510 1664 sella
534 1619 599 1662 una
622 1598 662 1662 19
685 1597 855 1683 palafreno
879 1596 999 1663 valoris
1023 1595 1180 1660 librarum
1203 1601 1350 1681 quatuor.

409 1707 482 1772 Hec
506 1713 555 1770 est
577 1705 732 1769 memoria
756 1726 864 1768 rerum
887 1703 1008 1767 domini
1032 1702 1211 1767 091111919ιί
1234 1703 1273 1767 19
1297 1702 1448 1766 Ρ9919919
1478 1703 1668 1767 amissarum
1702 1704 1897 1777 incivitate
1930 1713 1962 1770 91
1992 1705 2139 1771 districtu

322 1815 461 1880 civitatis
484 1813 618 1878 Ymole:
642 1811 810 1899 inprimis
834 1810 1021 1896 palafrenus
1045 1831 1127 1874 unus
1151 1809 1321 1875 ferrandus
1345 1831 1418 1874 cum
1440 1810 1522 1875 sella
1546 1811 1660 1876 derata
1676 1817 1708 1875 et
1723 1811 1826 1896 freno,
1842 1813 1962 1877 valoris
1982 1813 2140 1878 librarum

321 1922 537 2008 septuaginta.
561 1920 646 1984 Item
676 1925 785 1983 acutus
816 1939 898 1982 unus
928 1925 960 1982 et
993 1918 1666 2003 9999111999999919991199911,9919919
1694 1919 1850 1984 librarum
1883 1927 2031 2005 quatuor.
2055 1920 2139 1986 Item

321 2050 489 2094 maranum
512 2048 613 2092 unum
636 2034 669 2091 et
691 2026 845 2113 tapetium
869 2032 901 2089 et
924 2026 1051 2089 bastum
1075 2047 1192 2108 unum,
1216 2025 1309 2090 belae
1334 2025 1411 2108 due,
1435 2026 1555 2090 valoris
1582 2026 1738 2090 librarum
1761 2027 1920 2092 undecim.
1944 2027 2028 2092 Item
2051 2029 2139 2092 mula

321 2158 386 2202 una
409 2136 449 2200 de
473 2135 621 2218 somerio,
638 2134 758 2199 valoris
782 2134 938 2197 librarum
961 2133 1206 2219 quinquaginta.
1227 2132 1310 2197 Item
1334 2133 1416 2198 libre
1437 2134 1802 2220 contumquinquaginta
1818 2135 2061 2200 bononeuorum
2077 2158 2140 2222 que

322 2251 415 2310 erant
439 2243 478 2308 19
502 2249 594 2329 parte
619 2241 707 2306 feudi
730 2241 852 2305 domini
875 2241 1052 2305 Guillielmi
1076 2241 1216 2305 civitatis
1239 2241 1366 2305 Ymole.
1391 2239 1475 2305 Item
1505 2241 1675 2306 deficiebat
1705 2242 1744 2306 de
1771 2244 1841 2330 ipso
1873 2243 1971 2308 feudo
2003 2244 2044 2308 91
2076 2245 2139 2308 sol-

322 2351 462 2416 vendum
485 2350 581 2414 tertia
604 2370 680 2435 pars
703 2349 804 2434 ipsius
828 2347 936 2430 feudi,
958 2369 1019 2433 999
1049 2347 1193 2412 99999111
1216 2347 1270 2431 [ad
1302 2348 1472 2432 summam]
1495 2349 1652 2413 librarum
1675 2357 1803 2414 centum
1826 2353 1998 2436 sexaginta
2021 2374 2080 2416 sex
2107 2358 2140 2416 et

322 2458 486 2523 soldorum
502 2457 656 2522 tredecim
671 2463 704 2520 et
721 2455 926 2519 denariorum
943 2461 1080 2540 quatuor
1095 2456 1348 2520 bononenorum.
1362 2456 1446 2520 Item
1463 2457 1559 2520 toalie
1576 2457 1717 2543 quinque
1734 2464 1766 2522 et
1782 2458 1923 2524 mallel2)
1934 2459 2007 2542 due,
2020 2460 2140 2524 valoris

321 2566 478 2630 librarum
502 2563 675 2628 sexdecim.
700 2563 784 2626 Item
807 2562 988 2648 bragonerc
1014 2562 1075 2626 dne
1100 2563 1258 2648 complete
1282 2563 1401 2628 valoris
1425 2563 1581 2627 librarum
1605 2563 1726 2629 decem.
1746 2565 1830 2630 Item
1846 2566 1988 2630 bandere
2004 2567 2066 2631 due
2082 2588 2139 2630 ua-

321 2673 399 2738 19919
427 2673 585 2736 librarmn
608 2670 729 2734 decem.
753 2669 838 2734 Item
861 2675 1064 2755 supravestes
1095 2669 1157 2733 due
1188 2691 1246 2755 pro
1279 2669 1456 2734 domicellis
1487 2670 1526 2734 19
1557 2671 1655 2735 armis
1683 2673 1783 2758 ipsius
1814 2673 1935 2737 domini
1964 2675 2141 2740 Guilliebni

322 2781 443 2846 valoris
466 2779 623 2843 librarum
646 2778 797 2863 quinque.
1564 2833 1567 2840 ,

411 2887 621 2972 Infrascripte
638 2907 689 2949 res
707 2885 860 2949 dercbate
877 2884 1008 2948 fuerunt
1024 2884 1057 2947 in
1074 2884 1204 2948 civitate
1221 2885 1288 2948 sive
1305 2884 1452 2948 districtu
1464 2885 1580 2949 Ymole
1598 2885 1636 2958 de
1654 2885 1796 2951 Gnidoni
1812 2887 1851 2951 19
1866 2888 2049 2972 Ρ99999(3),
2061 2891 2143 2954 99119

322 3017 391 3079 999,
416 3016 478 3080 999
502 3014 553 3058 999
578 2999 671 3056 99991
694 2992 904 3078 suprascripti
929 2990 1051 3054 domini
1075 2991 1253 3055 Guilliclmi
1277 2990 1316 3054 de
1338 2991 1507 3055 Posterla:
1530 2993 1562 3056 in
1586 2993 1697 3078 primis
1721 2994 1921 3079 pallafrenus
1945 3017 2027 3060 unns
2052 2996 2145 3061 albus

323 3124 395 3168 cum
420 3101 500 3165 sella
524 3106 556 3164 91
580 3101 682 3182 19999,
699 3099 819 3162 valoris
844 3098 1000 3162 librarum
1024 3098 1269 3184 quinquaginta.
1293 3098 1375 3163 Item
1400 3099 1543 3164 cavallus
1564 3121 1647 3164 unus
1664 3121 1756 3165 sorus
1773 3102 1968 3188 malteugius
1984 3103 2024 3167 19
2040 3125 2143 3178 99999,-

323 3211 380 3291 919,
397 3209 518 3273 valoris
542 3208 697 3271 librarum
723 3205 948 3291 quadraginta.
965 3205 1049 3270 Item
1072 3205 1184 3270 bastus
1205 3227 1287 3270 unus
1311 3207 1431 3270 valoris
1455 3207 1612 3270 librarum
1627 3215 1775 3293 quatuor.
1792 3209 1876 3273 Item
1892 3232 2043 3275 maranus
2060 3233 2143 3276 unus

324 3325 356 3381 et
378 3323 508 3402 tapetus
531 3336 615 3378 nnus
638 3314 758 3379 valoris
782 3313 940 3376 librarum
963 3334 1031 3376 sex.
1055 3312 1140 3377 Item
1164 3314 2144 3403 99919999(999999199191119999991999.1199999911199

323 3423 426 3507 [ferri]
449 3422 569 3487 valoris
594 3421 757 3486 soldorum
782 3418 1008 3506 quadraginta.
1033 3420 1117 3484 Item
1141 3421 1284 3507 capellus
1308 3442 1391 3485 unus
1414 3420 1492 3485 ferri
1515 3422 1657 3505 duratus,
1675 3423 1795 3487 valoris
1818 3424 1982 3489 soldorum
2005 3426 2144 3511 quadra·

324 3531 424 3616 ginta.
449 3531 533 3594 Item
557 3535 666 3593 scutus
690 3548 772 3590 unus
797 3527 1423 3613 199919999199191119999999991999.

413 3637 591 3702 Consilium
615 3635 818 3700 dominorum
842 3634 993 3698 Ubertini
1016 3635 1056 3698 dc
1079 3635 1248 3721 Niguarda
1272 3643 1305 3700 et
1328 3635 1485 3700 (luidonis
1510 3635 1678 3722 Stamphei
1694 3638 1966 3723 jurisperitorum,
1984 3640 2039 3726 qui
2055 3642 2144 3707 vide·

324 3751 398 3810 runt
420 3744 599 3831 predictam
622 3743 812 3829 petitionem
835 3749 868 3806 91
891 3749 1037 3806 tenorem
1059 3742 1227 3806 literarum
1251 3743 1444 3807 directarum
1467 3743 1611 3829 predicto
1628 3744 1757 3809 domino
1780 3745 1965 3813 Guillielmo
1989 3757 2144 3835 exparte

323 3852 480 3917 nobilium
503 3851 647 3916 virorum
669 3850 873 3915 dominorum
897 3848 1045 3914 Guidesti
1069 3849 1108 3913 19
1131 3848 1337 3914 Ρ9919999911
1364 3857 1440 3915 tunc
1462 3850 1638 3915 Potestatis
1660 3851 1807 3917 Bononie
1831 3861 1864 3918 91
1887 3854 2013 3939 Ymole,
2030 3864 2063 3921 et
2085 3857 2143 3922 Ja-

325 3959 397 4024 cobi
420 3956 1005 4044 199999111999999999099119991
1028 3955 1156 4043 Populi,
1174 3963 1207 4022 et
1229 3958 1449 4022 Annianorum
1466 3965 1498 4022 et
1519 3957 1695 4023 Consulum
1719 3967 1752 4024 et
1779 3960 1913 4026 Consilii
1936 3969 1969 4027 et
1992 3963 2144 4029 09999919

324 4066 483 4149 Β999919,
507 4065 540 4129 19
564 4065 681 4151 991199
713 4067 894 4130 continetur
917 4065 1000 4128 sicut
1023 4064 1192 4149 elegerunt
1214 4065 1320 4151 ipsum
1350 4065 1515 4129 dominum
1542 4066 1764 4131 Guillielmum
1791 4068 1825 4132 in
1851 4068 2024 4134 Rectorem
2052 4093 2146 4136 suum

324 4195 426 4260 usque
451 4174 493 4237 ad
517 4191 636 4238 annum
661 4193 779 4256 nuum,
805 4179 838 4236 91
868 4178 1026 4258 rogarunt
1056 4172 1194 4236 eundem
1224 4179 1260 4236 ut
1291 4180 1474 4259 acceptaret
1501 4174 1690 4239 electionem
1722 4175 1859 4240 eandem
1890 4177 2089 4264 predictam3
2114 4186 2146 4244 91

325 4282 411 4370 9991
433 4302 492 4368 pro
515 4303 574 4346 suc
598 4280 717 4345 salario
741 4302 799 4366 pro
823 4303 858 4344 se
882 4288 914 4344 91
938 4303 997 4344 999
1020 4280 1154 4363 familia,
1173 4280 1295 4344 scilicet
1318 4287 1457 4366 quatuor
1474 4281 1637 4366 judicibus
1658 4290 1690 4348 et
1715 4282 1839 4349 duobus
1863 4286 2018 4350 militibus
2039 4295 2071 4351 et
2087 4309 2146 4352 sex

323 4389 468 4471 notariis,
492 4389 614 4454 habere
638 4388 771 4452 deberet
795 4388 894 4452 librar
919 4389 981 4452 tria
1004 4388 1094 4452 milia
1117 4389 1378 4472 bononenorum3
1402 4395 1434 4452 et
1466 4389 1550 4453 sicut
1572 4389 1679 4454 facere
1701 4391 1873 4456 tenebatur
1900 4394 2044 4477 regimen
2069 4396 2145 4460 9191-

324 4498 400 4561 tatis
422 4495 540 4561 Ymole
565 4496 705 4560 tenendo
729 4495 771 4558 ad
795 4495 901 4582 ipsum
924 4516 1024 4558 unum
1046 4517 1141 4559 suum
1164 4495 1331 4579 vicarium,
1355 4518 1455 4560 nuum
1475 4497 1618 4581 judicem
1642 4505 1674 4561 et
1697 4519 1799 4562 nuum
1815 4501 1989 4586 notarium3
2012 4510 2044 4566 et
2060 4503 2147 4588 quod

324 4604 445 4669 habere
471 4603 611 4668 debebat
635 4603 721 4666 ultra
744 4602 878 4667 feudum
902 4603 1083 4666 Potestarie
1106 4603 1253 4668 Bononie
1276 4604 1377 4668 libras
1401 4604 1542 4690 quinque
1565 4613 1694 4670 centum
1718 4607 1979 4691 bononenorum3
2003 4617 2036 4674 et
2064 4612 2147 4675 sicut

326 4711 467 4775 debebat
485 4731 594 4775 secum
610 4710 731 4774 habere
746 4727 847 4773 unum
863 4709 985 4773 bonum
1007 4709 1180 4792 hominem,
1198 4710 1252 4795 qui
1275 4711 1372 4775 sciret
1394 4711 1534 4776 scribere
1558 4718 1591 4776 et
1618 4713 1727 4798 legere
1751 4735 1809 4800 pro
1834 4715 1989 4780 faciendis
2012 4718 2147 4803 purgari

325 4818 386 4882 viis
410 4824 443 4882 et
466 4817 575 4881 stratis
599 4825 631 4881 et
655 4818 782 4903 plateis,
799 4839 858 4903 pro
889 4838 952 4903 quo
984 4817 1113 4881 bomine
1136 4817 1222 4881 ultra
1245 4818 1425 4904 predictum
1447 4820 1602 4884 salarium
1626 4820 1746 4885 habere
1770 4821 1910 4886 debebat
1932 4822 2031 4888 libras
2054 4825 2146 4912 quin·

324 4926 481 5010 quaginta
506 4924 771 5008 bononenorum;
797 4931 829 4988 et
853 4925 935 4989 sicut
958 4924 1097 4988 debebat
1120 4925 1237 4990 ducere
1260 4926 1452 5012 prudentem
1475 4927 1590 5010 virum,
1612 4927 1667 5013 qui
1689 4928 1829 4993 debebat
1845 4937 1931 4994 stare
1947 4931 1989 4994 ad
2004 4938 2146 4997 castrum

326 5031 366 5096 de
389 5031 542 5096 Loselino
566 5053 625 5117 pro
650 5031 832 5118 colligendo
855 5031 1011 5117 pedagio,
1036 5037 1069 5095 et
1093 5032 1179 5117 quod
1201 5033 1341 5097 debebat
1363 5033 1484 5098 habere
1507 5055 1566 5120 pro
1590 5056 1648 5099 suc
1671 5027 1798 5100 salario'
1813 5036 1913 5101 librar
1937 5047 2065 5103 centum
2089 5041 2146 5105 bo·

325 5159 526 5204 uenenorum
561 5161 619 5225 pro
651 5146 719 5204 1919
751 5161 858 5222 9999;
883 5147 915 5203 91
947 5140 1032 5225 9991
1055 5141 1206 5205 viderunt
1236 5141 1499 5220 instrumentum,
1523 5141 1556 5204 in
1593 5163 1656 5228 quo
1686 5144 1869 5208 continetur
1893 5146 2067 5232 sicutipse
2091 5148 2148 5212 do·

323 5246 430 5310 minus
463 5245 655 5311 Guilielmus
687 5247 793 5333 ipsum
824 5248 968 5331 regimen
1000 5247 1181 5334 acceptavit
1211 5255 1243 5312 et
1274 5248 1416 5334 recepit3
1448 5255 1480 5312 et
1512 5249 2146 5334 99919119999119999999919919919

325 5352 469 5438 injuncte
493 5375 551 5439 per
576 5353 741 5417 dominum
764 5353 964 5418 Potestatem
995 5353 1189 5438 Mediolani,
1214 5363 1246 5419 91
1269 5377 1327 5442 per
1350 5355 1496 5420 dominos
1519 5356 1742 5443 Napaleouem
1765 5357 1805 5422 de
1828 5359 1861 5422 la
1885 5361 2001 5443 Turre,
2026 5361 2146 5426 Auzia·

324 5481 403 5523 num
431 5467 626 5546 perpetuum
649 5460 767 5547 Populi
798 5460 974 5525 Mediolani
997 5468 1030 5525 et
1057 5461 1266 5526 Franciscum
1290 5483 1462 5547 germanos
1486 5463 1618 5527 comites
1641 5463 1805 5550 Venafrii,
1829 5467 1991 5552 sapientes
2015 5475 2048 5533 et
2072 5491 2147 5535 oon·

325 5566 452 5631 acilium
475 5566 662 5651 Mediolani,
680 5567 817 5632 dominis
835 5567 1021 5634 diraruota
1038 5568 1077 5633 de
1094 5568 1287 5653 Oastiliono,
1303 5570 1459 5634 Anselmo
1476 5571 1515 5634 dc
1532 5569 1708 5656 11991911),
1724 5572 1878 5638 Alchcrio
1895 5575 1935 5639 de
1952 5575 2147 5642 0999999919

325 5680 357 5738 91
382 5673 500 5738 011991
523 5675 563 5738 19
586 5673 720 5760 Birago,
738 5675 1002 5740 ambaxatoribus
1025 5683 1102 5741 tunc
1126 5677 1218 5742 ituris
1241 5684 1274 5742 91
1298 5677 1352 5764 991
1376 5678 1504 5742 1999991
1528 5679 1569 5743 91
1597 5679 1761 5744 civitatem
1783 5681 1930 5746 Bononie
1955 5683 1996 5746 91
2019 5685 2147 5769 petitio·

326 5802 400 5844 nem
424 5781 500 5846 dicti
523 5781 645 5846 domiui
669 5781 845 5865 Guilielmi,
863 5805 925 5869 que
948 5785 1091 5849 continet
1114 5785 1199 5869 quod
1223 5785 1378 5850 deberent
1401 5807 1517 5871 rogare
1542 5793 1575 5851 et
1597 5787 1749 5854 inducere
1771 5789 1955 5854 Potestates
1979 5793 2147 5859 universos

405 5995 444 6059 (l)
466 5992 573 6060 Coc'rpr'o,
592 5995 673 6047 Sarti.
1342 6002 1381 6066 (1)
1401 6001 1499 6053 Adhuc
1526 6005 1602 6053 extat
1635 6002 1663 6053 in
1694 6003 1811 6055 Archino
1839 6003 1959 6056 Maximo
1989 6005 2148 6058 bononiensi

407 6085 445 6150 (2)
467 6083 1206 6150 89191911910191191(«(9999».Μ9119,91119999ι
1261 6087 1437 6140 Deaurrtr'otr'o
1455 6091 1531 6155 facta
1549 6107 1602 6157 per
1624 6092 1764 6142 donatarum
1784 6093 1941 6144 Aneelmam
1960 6095 1992 6144 de
2012 6094 2107 6146 Alecto
2125 6100 2149 6146 et

325 6173 440 6225 ulterius
466 6174 575 6242 legitur,
595 6191 644 6243 pro
668 6176 726 6226 ital.
745 6175 865 6239 fardello
888 6177 1006 6228 occurrit
1030 6177 1059 6228 19(
1077 6176 1145 6229 Stat.
1164 6177 1207 6228 del
1261 6179 2148 6251 9911991991999199990999991Β9999919,99111919999199991

241 6253 246 6260 '
327 6260 399 6313 Cone.
418 6263 449 6313 di
466 6261 588 6329 Boloyna
607 6265 649 6316 91.
668 6264 703 6315 Α.
721 6263 797 6316 Frati
817 6264 1008 6332 (111.‚su*).
1263 6268 1382 6320 secundo
1401 6271 1502 6320 mensis
1522 6270 1582 6320 19111
1601 6287 1626 6322 a.
1643 6269 1836 6322 110019111111Γ
1838 6310 1859 6334 .,
1879 6289 1928 6339 pro
1948 6272 2022 6323 facto
2042 6273 2075 6326 19
2094 6290 2147 6342 999

407 6353 446 6418 (3)
467 6351 585 6405 Giulini:
605 6371 620 6404 (ι
639 6351 758 6404 Palazzo
778 6372 801 6405 a.
1264 6373 1347 6425 supra
1366 6357 1495 6424 (Mr'scell.
1515 6359 1631 6426 fragm,
1647 6361 1701 6411 991.
1714 6358 1762 6425 1.,
1783 6377 1809 6411 9.
1824 6363 1875 6426 29)
1895 6377 1977 6430 quam
1997 6363 2082 6414 edidit
2100 6361 2149 6416 Sa·

406 6442 445 6508 (1)
466 6441 583 6494 Giulini:
602 6457 617 6491 a
639 6441 806 6495 Conrado».
1264 6447 1330 6498 sicli
1350 6453 1450 6500 999199.
