5544 7750
1029 640 1242 692 SGHOLARES
1269 641 1471 692 Innusnans

331 797 372 860 D.
396 797 575 861 Rodericus
599 795 741 879 Martini,
766 795 938 859 canonicus
962 795 1096 860 99919919
1120 794 1216 858 tutel-

440 905 524 967 lane.

331 1011 419 1096 Mag.
444 1011 636 1096 Rodulphus
659 1010 699 1074 de
723 1009 864 1074 Basilea.

329 1118 371 1183 D.
396 1119 588 1204 Rodulphus
612 1118 752 1202 Legozo,
778 1117 950 1182 canonicus
973 1117 1131 1182 dolensis.

331 1226 373 1292 D.
397 1225 565 1291 Rolandus
589 1225 629 1288 de
652 1225 851 1290 Altomonte.

331 1333 373 1398 D.
395 1333 563 1398 Rolandus
579 1333 777 1415 Zantonarii,
795 1332 1039 1397 archidiaconus
1055 1332 1212 1397 dolenxis.

330 1441 372 1506 D.
395 1440 557 1526 Rogerius
582 1439 705 1504 Oatcna
729 1440 768 1504 de
793 1439 950 1504 Tornaco.

330 1547 371 1612 D.
396 1547 584 1632 Rostagnus
609 1547 648 1610 de
672 1553 783 1612 sancto
808 1546 967 1612 Genexio.

330 1653 371 1720 D.
397 1654 570 1740 spinellae,
594 1654 751 1740 plebanus
775 1653 815 1718 de
838 1653 1039 1739 Fesigareto.

330 1763 418 1848 Mag.
444 1761 628 1848 Stephanus
652 1761 691 1824 de
716 1761 887 1826 Torxiacc.

330 1869 372 1934 D.
398 1869 581 1955 Stephanus
605 1869 644 1934 de
667 1869 793 1934 Palma.

329 1977 417 2063 Mag.
442 1977 657 2040 'Phederixius
680 1977 720 2040 ds
744 1975 872 2059 Pischo,
888 1976 1085 2042 lovaniensis
1101 1984 1134 2042 91
1152 1978 1214 2041 lin·

438 2083 609 2150 colinensis
634 2085 817 2148 canonicus.

330 2191 371 2257 D.
396 2191 545 2255 Thornax
568 2191 608 2255 de
639 2190 795 2273 Baxilea,
818 2190 977 2277 plebanus
1006 2191 1139 2257 ecclesie
1174 2190 1214 2258 de

437 2299 595 2380 Fasiccni.

330 2406 373 2471 D.
398 2391 546 2470 Thornax
570 2406 610 2470 de
632 2405 780 2488 Firecho,
805 2412 911 2470 rector
934 2406 1068 2470 ecclesie
1091 2407 1124 2470 in
1152 2406 1214 2471 Ou-

438 2535 525 2576 snac.

330 2620 372 2685 D.
397 2621 556 2704 Thomas,
582 2621 754 2685 canonicus
778 2621 986 2686 norvicensis.

331 2726 372 2792 D.
398 2727 655 2810 Thuxiurannus,
678 2726 836 2813 plebanus
860 2727 900 2792 ds
923 2726 1102 2792 Brandilio.

330 2833 371 2898 D.
395 2834 543 2898 Ubaldus
568 2834 607 2898 (19
631 2833 861 2898 19199991991119
886 2834 925 2898 19
948 2835 1049 2899 Luca.

330 2941 419 3025 Mag.
443 2941 624 3004 Venantius
648 2940 687 3004 de
712 2941 833 3006 Osimo.

329 3047 372 3112 D.
397 3047 492 3112 Vitus
517 3048 601 3112 lilius
626 3048 747 3114 domini
770 3049 895 3113 comitis
918 3049 1071 3135 Butinoy.

331 3154 371 3220 D.
397 3155 537 3238 Ulricus,
563 3156 735 3220 canonicus
759 3156 939 3242 spiolensis.

330 3261 372 3327 D.
398 3262 546 3326 Zifredus
570 3263 609 3326 de
633 3263 806 3327 Pecorario
827 3263 867 3328 de
887 3262 1066 3345 Placentia,
1083 3263 1213 3328 canoni·

437 3391 493 3433 cus
517 3369 726 3434 tornacensis.

659 3583 887 3649 MOOLXXX.

330 3799 371 3864 D.
396 3799 548 3864 11191999
572 3799 693 3863 domini
717 3799 874 3863 (luidonis
894 3799 933 3864 de
955 3799 1125 3883 Medicina,
1142 3821 1212 3865 car·

437 3907 554 3971 dinalis
578 3907 764 3970 ravennatis
787 3905 944 3971 Ecclesia.

330 4014 371 4078 D.
396 4013 588 4078 Anbrardus
612 4013 651 4076 de
679 4012 803 4077 1911919
828 4019 860 4077 91
883 4013 1030 4078 dominus
1047 4014 1212 4078 19991199

438 4121 599 4204 Subiraui,
617 4120 744 4202 fratres,
760 4120 819 4184 filii
840 4121 960 4185 domini
976 4120 1135 4185 Bernardi
1152 4121 1212 4186 Su-

436 4227 542 4291 birani
565 4228 674 4291 militis
699 4228 852 4292 albiensis
875 4228 1022 4293 11999919.

328 4334 369 4400 D.
394 4335 543 4400 1919999
560 4334 600 4399 19
616 4334 763 4417 Ρ919919,
781 4335 953 4399 999991999
970 4335 1210 4420 mesnemensis,

436 4443 521 4505 filius
542 4441 663 4506 domini
686 4442 859 4507 Bonamini
882 4443 991 4507 militis
1016 4442 1055 4508 de
1075 4443 1213 4509 Polonia

436 4557 567 4642 Magna.

328 4665 369 4729 D.
394 4665 568 4729 Anselmus
592 4663 632 4728 19
656 4663 765 4746 Curta,
789 4664 901 4729 doctor
922 4663 1028 4728 fixics.

328 4771 370 4837 D.
394 4771 590 4835 Beltrandus
612 4771 783 4835 Beltrandi
805 4771 845 4835 de
869 4771 1009 4835 Anaxia.

328 4877 369 4943 D.
393 4878 579 4942 Bernardus
603 4877 642 4941 de
666 4878 820 4961 Foliano,
848 4879 1030 4964 prepositus
1061 4877 1101 4942 de
1134 4877 1212 4943 Oar-

435 4992 568 5071 peneta,
593 4986 766 5049 canonicus
798 4993 907 5049 sancte
937 4985 1049 5051 Crucis
1073 4986 1212 5050 aurelia·

435 5092 542 5156 nensis
566 5097 598 5155 91
621 5093 725 5156 999911
747 5092 880 5155 Μ991191
904 5092 1095 5156 1999999919.

329 5199 372 5266 D.
396 5199 561 5263 Gerardus
591 5199 631 5262 de
663 5198 870 5281 cornazano,
895 5198 1068 5263 canonicus
1103 5205 1210 5264 torna·

436 5307 550 5371 censis.

328 5414 369 5478 D.
388 5413 541 5478 (11991199
557 5412 597 5476 19
613 5411 766 5495 1191919,
780 5411 953 5476 999991999
969 5412 1211 5478 valentinensis.

329 5521 417 5606 Mag.
443 5520 549 5585 (19119
573 5520 612 5583 19
637 5518 781 5583 Ρ911999.

328 5627 371 5693 D.
396 5628 611 5710 Guillielmus,
628 5635 733 5692 rector
757 5626 891 5691 99919919
908 5626 999 5692 Nove
1015 5627 1152 5692 Baxilee
1172 5627 1212 5693 de

434 5735 589 5800 Marxilia
613 5735 758 5798 clericus.

329 5841 372 5907 D.
395 5841 557 5906 Hearicus
582 5841 621 5905 de
647 5841 799 5928 Strioput.

328 5947 371 6015 D.
395 5948 505 6033 Hugo,
529 5948 703 6013 canonicus
727 5949 831 6012 sancti
854 5947 1012 6014 (19119919
1036 5949 1201 6035 spirensis.

328 6055 417 6141 Mag.
442 6054 609 6120 Johannes
633 6055 672 6120 (19
698 6054 844 6120 (1191999.

327 6162 369 6228 D.
393 6162 560 6228 Johannss
584 6163 624 6227 ds
648 6162 785 6243 099919,
802 6163 975 6228 999991999
1000 6162 1102 6227 999911
1125 6162 1213 6228 Μ99-

437 6269 559 6334 119119
583 6269 705 6352 (19919,
730 6270 912 6334 1999999919
936 6269 1084 6335 11999919.

392 6499 431 6567 (1)
451 6499 504 6550 99.

2085 619 2159 690 319

1280 794 1322 858 D.
1354 794 1521 859 Johannes
1556 794 1595 859 de
1626 795 1786 878 Beruhic‚
1816 801 1921 860 rector
1953 793 2087 858 ecclesie
2122 793 2162 858 de

1385 901 1518 966 Reusin.
1543 900 1582 965 de
1608 902 1726 967 Sectis.

1277 1007 1319 1073 D.
1343 1008 1510 1073 dohannes
1534 1009 1573 1074 de
1597 1008 1736 1092 Glentat,
1762 1009 1918 1094 anglicus.

1275 1115 1317 1180 D.
1342 1115 1363 1180 J
1365 1115 1516 1198 ordanus,
1533 1117 1705 1180 canonicus
1729 1115 1824 1180 beate
1840 1115 1942 1188 119919
1959 1115 2104 1202 Virginis
2121 1117 2161 1182 ds

1386 1222 1538 1309 Stampis,
1562 1223 1646 1287 filius
1670 1224 1794 1288 domini
1815 1223 1914 1288 Futii.

1276 1330 1318 1393 D.
1342 1330 1494 1395 Marchus
1518 1330 1700 1412 Michaelis,
1723 1331 1812 1418 prior
1835 1329 1875 1396 de
1898 1331 2046 1418 Leraga,
2069 1355 2160 1420 pam·

1383 1437 1560 1522 pilonensis
1583 1437 1730 1503 diocesis.

1276 1544 1318 1609 D.
1342 1542 1483 1608 Michael
1514 1544 1647 1629 (199919,
1674 1547 1892 1631 portionarius
1926 1546 2093 1613 Placentia
2129 1549 2162 1613 in

1383 1650 1554 1737 Hispania.
1605 1725 1608 1734 ,
1892 1735 1894 1740 Δ

1277 1757 1366 1844 Mag.
1391 1757 1506 1823 Micola
1529 1758 1713 1823 Asculanos
1737 1759 1776 1824 de
1800 1759 1916 1825 Roma.

1278 1865 1320 1930 D.
1345 1865 1529 1931 Othcvante
1553 1866 1592 1930 19
1617 1866 1794 1931 Florentia.

1277 1971 1319 2038 D.
1343 1972 1530 2038 Octobonus
1554 1973 1593 2037 de
1617 1974 1801 2057 Plaxentia,
1821 1975 1994 2040 canonicus
2018 1978 2160 2042 999919-

1384 2081 1503 2145 nensis.

1276 2187 1318 2252 D.
1342 2188 1460 2253 Petrus
1483 2187 1670 2274 Raymundi
1693 2187 1733 2252 dc
1756 2187 1986 2275 Perpigniano.

1277 2293 1319 2360 D.
1342 2295 1460 2359 Petrus
1483 2294 1523 2360 de
1545 2294 1656 2360 Nixia.

1278 2401 1319 2468 D.
1343 2402 1524 2489 Philippus,
1546 2401 1718 2466 canonicus
1742 2404 1845 2467 999911
1868 2403 1999 2469 191999
2023 2405 2160 2471 (199999-

1319 2541 1320 2544 “
1385 2511 1499 2573 censis.

1278 2615 1320 2681 D.
1343 2617 1479 2681 Pontius
1503 2616 1645 2681 (1999191.

1277 2724 1318 2790 D.
1335 2724 1548 2810 Raymundus
1565 2724 1685 2808 Garici,
1702 2725 1875 2791 canonicus
1892 2729 2159 2794 carcassonensis.

1277 2831 1319 2896 D.
1342 2829 1555 2917 Raymundus
1579 2831 1618 2896 de
1642 2832 1798 2896 Brilonia.

1276 2939 1317 3003 D.
1341 2937 1554 3024 Raymundus
1577 2938 1617 3002 de
1640 2939 1831 3022 Lomberiis,
1848 2945 1954 3004 rector
1969 2941 2103 3006 ecclesie
2121 2942 2160 3007 de

1385 3046 1517 3112 Castris.

1276 3152 1317 3218 D.
1342 3152 1524 3217 Richardus
1549 3153 1587 3217 de
1611 3151 1804 3236 Guincham,
1829 3154 1986 3239 anglicus.

1276 3259 1317 3326 D.
1341 3260 1504 3324 Robertus
1539 3261 1579 3325 19
1616 3261 1816 3344 Pontixera,
1848 3262 2022 3327 canonicus
2057 3265 2160 3330 sancti

1383 3367 1541 3442 Quintini.

1275 3475 1363 3562 Mag.
1387 3477 1590 3563 Rodulphus,
1614 3482 1719 3542 rector
1742 3477 1876 3542 ecclesie
1900 3478 1939 3543 de
1962 3479 2136 3566 Arluughi.

1274 3583 1316 3648 D.
1333 3583 1502 3648 Rolandus
1519 3584 1559 3649 de
1575 3584 1727 3667 Bearnia‚
1745 3584 1991 3651 archidiaconus
2007 3587 2158 3654 dolensis.

1275 3690 1316 3755 D.
1342 3691 1518 3774 Thaddius,
1542 3691 1724 3778 prepositus
1747 3691 2050 3780 foropompiliensis.

1274 3797 1316 3864 D.
1340 3799 1523 3863 Ubaldinus
1547 3799 1632 3863 filius
1656 3798 1737 3864 Gozi
1760 3798 1888 3864 Corbizi
1911 3800 1951 3864 19
1974 3801 2150 3868 Florentia.

1275 3905 1307 3970 D
1341 3905 1483 3989 Ulricus,
1507 3907 1680 3970 canonicus
1703 3907 1867 3992 spirensis.

1595 4119 1842 4185 MOOLXXXI.

1275 4334 1316 4399 D.
1340 4335 1464 4400 Acatus
1487 4333 1616 4399 Aucati.

1274 4442 1316 4508 D.
1341 4442 1449 4506 Adam
1471 4442 1510 4506 de
1533 4441 1660 4506 Landio
1684 4441 1724 4506 ds
1747 4441 1931 4508 Atrablato.

1274 4550 1363 4636 Mag.
1387 4550 1570 4615 11999919
1587 4549 1701 4616 Castro
1717 4550 1917 4629 Puellarum,
1934 4551 2159 4617 91991999999·

1382 4657 1683 4723 9111919991199.
1708 4657 1742 4722 in
1766 4657 1884 4723 Scotia.

1274 4766 1317 4830 D.
1341 4764 1587 4830 11199919919
1611 4765 1750 4830 Arilato.
1803 4763 1807 4772 '

1274 4871 1317 4938 D.
1341 4871 1612 4955 119999991199
1636 4870 1808 4936 fusalensis
1832 4872 1866 4936 in
1888 4871 2025 4937 ccclesia
2047 4873 2159 4959 palen-

1382 4980 1461 5044 tina.

1274 5085 1316 5152 D.
1340 5086 1506 5150 Alnardus
1530 5086 1569 5151 19
1592 5087 1751 5151 Ρ91911119.

1275 5194 1317 5261 D.
1341 5193 1540 5277 Balduinus,
1565 5200 1673 5258 custos
1696 5195 1901 5280 senogrensis
1925 5195 2159 5260 cameracensis

1382 5299 1528 5366 diocesis.

1275 5407 1318 5472 D.
1341 5406 1529 5472 Bernardus
1551 5406 1681 5472 Aucati.

1275 5514 1317 5580 D.
1341 5514 1542 5580 Bertrandus
1567 5513 1668 5578 abbas
1693 5513 1733 5577 de
1756 5514 1913 5578 Percano.

1274 5621 1317 5687 D.
1342 5621 1530 5686 Bonifacius
1554 5621 1594 5685 de
1617 5620 1882 5686 Viceconsitibus.

1274 5730 1317 5796 D.
1341 5731 1530 5796 Bonifacius
1554 5730 1721 5795 Visconte.

1275 5839 1317 5904 D.
1342 5837 1535 5922 Oondelons,
1559 5838 1732 5902 canonicus
1756 5838 1962 5923 legionensis.

1274 5946 1362 6032 Mag.
1388 5945 1572 6032 Oonsiglius
1594 5946 1635 6010 de
1658 5945 1892 6010 Mantelicall).

1275 6053 1364 6139 Mag.
1389 6053 1573 6138 Oonsiglius
1598 6052 1637 6117 de
1662 6052 1845 6118 Camerino.

1276 6161 1318 6226 D.
1343 6160 1523 6226 Goradinus
1546 6160 1586 6224 de
1610 6160 1773 6246 Corvigia.

1275 6267 1365 6354 Mag.
1387 6266 1578 6332 Edmundus
1602 6267 1642 6331 ds
1667 6265 1860 6350 Guarinlelt,
1885 6267 2043 6354 anglicus.
