5484 7746
623 582 699 650 244
1415 601 1657 652 nonunnxrx

621 755 741 820 rustico
765 777 828 820 nou
852 761 1057 820 remanerent
1081 778 1161 820 xxx.
1179 755 1291 820 corbes
1315 755 1469 822 frumeuti
1494 778 1553 843 pro
1576 757 1679 822 tribus
1696 756 1842 842 partibus
1859 757 2010 822 laborerii
2028 757 2124 822 boum
2143 757 2229 822 illius
2245 733 2331 840 anni,
2349 757 2450 821 dedu·

619 862 680 928 ctis
697 863 862 926 laboribus
878 869 910 926 et
926 863 1078 948 expensis
1096 863 1181 926 circa
1198 863 1307 946 boves,
1324 871 1356 928 et
1372 885 1472 950 opera
1488 864 1624 950 predicti
1648 864 1800 928 laborarii
1826 871 1959 951 propter
1982 865 2185 929 sterilitatem
2204 865 2256 929 vel
2279 865 2448 930 infirmita-

621 977 685 1034 tem
709 970 819 1034 rustici
846 970 898 1034 val
921 969 1023 1052 bovis,
1041 971 1093 1034 vel
1111 970 1175 1034 alio
1192 991 1269 1034 casu
1286 970 1430 1054 fortuito,
1449 971 1534 1058 quod
1551 993 1616 1036 non
1632 977 1781 1036 teneatur
1798 971 1902 1036 dictus
1923 973 2073 1036 rusticus.
2091 971 2153 1036 Sed
2170 979 2279 1038 tamen
2299 980 2448 1036 teneatur

621 1099 680 1163 pro
698 1085 779 1158 rata,
797 1083 829 1141 et
845 1077 873 1140 si
889 1077 989 1142 nichil
1005 1078 1147 1142 lucretur
1163 1077 1196 1142 in
1215 1077 1370 1142 nichilum
1393 1086 1553 1162 tencatur,
1571 1078 1628 1144 sed
1645 1087 1795 1144 teneatur
1811 1078 1961 1144 dominus
1978 1079 2112 1144 reddere
2130 1080 2190 1144 sibi
2206 1080 2448 1144 extimationem

622 1204 793 1270 operarum
817 1183 937 1248 laboris
961 1183 1038 1248 dieti
1061 1183 1183 1266 rustici,
1206 1191 1238 1247 et
1262 1184 1416 1249 laborarii
1438 1206 1497 1270 pro
1522 1191 1639 1270 quarta
1662 1192 1770 1270 parte,
1794 1185 1821 1248 si
1846 1183 1985 1248 rusticus
2008 1185 2201 1271 perdidisset
2223 1207 2338 1273 operas
2361 1207 2445 1271 suas,

620 1297 653 1354 et
677 1311 735 1377 pro
760 1290 845 1355 dicta
871 1290 1008 1376 probare
1033 1297 1182 1354 teneatur
1205 1292 1344 1356 rusticus
1368 1313 1426 1378 per
1449 1291 1530 1356 duos
1553 1292 1654 1357 bonos
1676 1299 1708 1356 et
1724 1292 1847 1378 legales
1867 1292 1954 1356 viros
1971 1313 2046 1357 suos
2062 1293 2195 1375 vicinos,
2213 1293 2267 1378 qui
2281 1295 2391 1377 jurent
2406 1294 2445 1358 de

622 1397 824 1480 credulitate,
849 1405 881 1462 et
905 1398 973 1484 ipse
998 1397 1082 1464 idem
1106 1399 1245 1464 rusticus
1267 1401 1356 1484 juret
1379 1399 1465 1486 quod
1489 1399 1532 1463 ita
1558 1399 1600 1464 sit
1624 1399 1670 1463 rei
1691 1399 1822 1464 veritas.

711 1505 800 1569 Talis
824 1505 886 1568 luit
914 1505 1081 1570 consessus
1112 1505 1264 1570 habuisse
1288 1527 1308 1570 a
1331 1507 1390 1570 tali
1413 1529 1446 1570 x.
1471 1506 1572 1570 libras
1596 1513 1848 1571 ravennatorum
1873 1506 1913 1570 ad
1939 1504 2152 1572 laborandum
2175 1506 2208 1570 in
2231 1505 2290 1570 tali
2313 1513 2382 1572 arta
2404 1507 2446 1572 ad

623 1619 772 1698 quartam
796 1619 923 1698 partem
946 1611 1036 1694 lucri,
1061 1618 1093 1678 et
1117 1633 1180 1677 non
1205 1612 1292 1678 dices
1316 1612 1424 1677 ibide
1450 1613 1589 1698 dampno
1614 1613 1740 1694 addito,
1765 1619 1893 1677 etcum
1917 1612 2016 1677 luerit
2038 1613 2079 1676 ad
2103 1613 2227 1696 locum,
2252 1613 2446 1679 ubidicitur

621 1719 813 1807 promittens
837 1719 1005 1784 restituere
1029 1719 1133 1786 cidem
1158 1720 1276 1784 dictam
1300 1721 1436 1806 pecunie
1461 1720 1676 1806 quantitatem
1700 1741 1772 1784 cum
1805 1719 1891 1784 dicta
1923 1728 2039 1805 quarta
2069 1727 2161 1806 parte
2193 1721 2293 1802 lucri,
2317 1721 2384 1786 sive
2407 1744 2445 1786 eo

622 1829 728 1895 minus
752 1835 907 1914 quantam
930 1827 1028 1893 luerit
1052 1835 1168 1914 quarta
1191 1827 1323 1914 dampni
1347 1829 1444 1911 dices,
1461 1829 1530 1893 sive
1547 1849 1585 1893 eo
1603 1829 1708 1893 minus
1724 1835 1880 1914 quantum
1900 1828 1998 1893 luerit
2021 1836 2124 1894 totum
2145 1827 2321 1916 dampnum
2336 1829 2445 1895 divino

615 1935 737 2020 judicio
762 1936 814 2000 val
837 1957 915 2000 casu
938 1935 1070 2000 fortuito
1094 1935 1164 2000 sine
1186 1935 1287 2022 ipsius
1310 1934 1464 2000 debitoris
1490 1936 1585 2022 culpa
1608 1936 1661 2000 rel
1684 1935 1758 2000 dolo
1786 1936 1819 2000 in
1847 1935 1934 2000 dicta
1965 1936 2161 2000 mercatione
2193 1943 2349 2002 secutum.
2372 1936 2444 2022 Ego

621 2049 699 2130 puto
723 2042 924 2106 addendum:
943 2049 975 2106 et
998 2064 1036 2106 eo
1061 2043 1166 2108 minus
1190 2050 1346 2128 quantum
1369 2043 1468 2108 fuerit
1487 2043 1573 2128 quod
1597 2043 1637 2108 de
1660 2064 1719 2108 suo
1742 2042 1897 2130 expendit
1912 2064 1970 2129 pro
1988 2049 2104 2128 quarta
2125 2049 2218 2129 parta
2242 2050 2274 2109 ot
2289 2051 2445 2129 quantum

621 2150 708 2236 capit
731 2157 847 2235 quarta
871 2171 946 2236 pars
971 2150 1190 2215 extimationis
1214 2171 1395 2236 operarum.
1413 2150 1475 2215 Vel
1493 2151 1556 2232 sie;
1573 2159 1605 2216 et
1628 2173 1667 2216 eo
1691 2151 1796 2215 minus
1820 2157 1977 2237 quantum
2002 2151 2107 2236 capiet
2132 2158 2248 2236 quarta
2271 2173 2346 2237 pars
2370 2174 2445 2238 ope-

621 2278 730 2322 rarum
753 2265 786 2324 et
810 2278 1027 2343 expensarum
1050 2257 1090 2322 dc
1113 2279 1171 2322 suo
1195 2257 1355 2322 factarum
1379 2259 1465 2324 circa
1489 2258 1746 2344 negociationem
1769 2279 1841 2322 oum
1865 2258 1951 2322 dieta
1974 2258 2112 2344 pecunia
2136 2259 2361 2324 exercendam.
2381 2259 2445 2324 Vel

622 2385 685 2429 non
708 2385 812 2450 ponas
836 2364 916 2428 illud
941 2365 1085 2447 verbum,
1106 2365 1242 2428 scilicet:
1268 2364 1377 2430 divino
1398 2365 1531 2450 judicio,
1548 2366 1601 2430 vel
1625 2387 1702 2430 casu
1726 2365 1869 2430 fortuito.
1895 2364 1959 2430 Sed
1983 2364 2071 2430 dicas
2095 2365 2159 2430 sio:
2185 2366 2253 2430 siva
2277 2387 2316 2430 eo
2340 2367 2446 2431 minus

622 2479 780 2557 quantum
796 2470 894 2536 luerit
909 2479 1012 2536 totum
1029 2471 1215 2557 dampnum,
1232 2472 1301 2536 sine
1325 2473 1426 2558 ipsius
1448 2473 1602 2537 debitoris
1627 2473 1722 2560 culpa
1745 2473 1797 2536 rel
1821 2472 1895 2538 dolo
1919 2473 1951 2536 in
1973 2473 2059 2537 dicta
2076 2473 2272 2538 mercatione
2288 2481 2446 2556 secutum,

621 2587 653 2644 et
677 2580 721 2644 sic
747 2580 864 2666 poterit
887 2579 1053 2644 laborator
1076 2579 1234 2644 deducere
1258 2579 1502 2644 extimationem
1526 2601 1697 2666 operarum
1720 2588 1753 2645 et
1776 2579 1940 2667 impendia
1965 2601 2027 2666 que
2051 2579 2091 2644 de
2116 2602 2174 2645 suo
2198 2580 2284 2645 lecit.

1495 2901 1573 2966 VII.

1411 3113 1539 3180 Saeculo
1562 3113 1619 3178 XI
1625 3113 1661 3178 V.

621 3325 674 3389 Ex
698 3346 795 3412 opere
819 3328 869 3390 cui
895 3328 943 3392 tit.
960 3327 1071 3393 Floras
1094 3330 1228 3394 cecitatis
1248 3331 1477 3414 prommaticae,
1494 3349 1514 3392 a
1530 3327 1685 3414 magistro
1701 3327 1882 3392 Bertolutio
1898 3329 2075 3414 composito
2092 3349 2176 3393 saec.
2192 3326 2306 3410 xlv„
2323 3327 2356 3408 in
2372 3327 2445 3393 cod.

711 3434 776 3498 iam
801 3434 887 3521 apud
911 3436 1034 3500 clariss.
1052 3437 1099 3500 Io.
1118 3435 1273 3501 Chrisost.
1296 3435 1483 3518 Trombelli,
1508 3435 1660 3500 abbatem
1683 3436 1786 3500 sancti
1816 3435 2006 3519 Salvatoris,
2031 3457 2115 3500 nuno
2139 3435 2171 3498 ln
2197 3435 2284 3500 Bibl.
2308 3435 2449 3500 Univer-

712 3542 816 3605 sitatis
840 3542 959 3608 bonon.
977 3543 1062 3607 inter
1084 3542 1176 3607 codd.
1194 3565 1219 3606 s.
1238 3541 1345 3625 Salv„
1363 3543 1422 3607 sub
1446 3564 1534 3608 num.
1553 3545 1650 3626 2619,
1675 3565 1740 3608 car.
1759 3545 1777 3607 3
1803 3565 1847 3626 r.,
1864 3545 1907 3608 20
1931 3565 1956 3608 r.
1974 3549 2006 3607 et
2031 3545 2069 3607 21
2097 3565 2128 3608 v.
2145 3550 2178 3607 et
2203 3545 2245 3607 34
2268 3565 2299 3607 v.
2313 3542 2352 3607 (ll

709 3759 761 3831 (Π
774 3755 810 3820 si
841 3763 949 3822 autem
973 3756 1137 3842 loquimur
1164 3757 1203 3822 de
1228 3757 1424 3840 accusativo,
1449 3757 1502 3844 qui
1527 3757 1651 3842 regitur
1675 3779 1716 3822 ex
1740 3764 1833 3844 parte
1864 3764 1946 3844 post,
1971 3764 2047 3823 tunc
2071 3763 2120 3822 est
2143 3757 2274 3843 triplex,
2298 3756 2446 3843 eoquod

621 3869 669 3926 est
693 3862 744 3927 vel
768 3864 924 3930 terminus
948 3864 1173 3950 specificantis,
1196 3865 1250 3928 rel
1274 3871 1323 3930 est
1346 3865 1502 3930 terminus
1526 3865 1735 3947 transitionis,
1751 3865 1804 3930 vel
1827 3871 1877 3930 ast
1900 3864 2055 3930 terminus
2078 3865 2202 3930 localis.
2225 3863 2260 3930 si
2283 3864 2446 3951 loquimur

620 3970 660 4034 de
678 3972 814 4036 termino
838 3973 1053 4058 specificantes,
1071 3981 1148 4038 tune
1164 3973 1209 4037 sio
1227 3974 1369 4038 dicatur:
1388 3972 1488 4057 Cujus
1506 3994 1599 4038 casus
1615 3973 1792 4038 accusativi
1808 3972 1963 4058 queritur,
1981 3973 2036 4058 qui
2056 3973 2225 4058 asignatur
2240 3994 2299 4058 ρει
2314 3972 2445 4038 modum

620 4078 836 4164 specificantis
860 4101 930 4144 ease
955 4081 1165 4166 importatum
1188 4101 1246 4166 ρει
1269 4081 1405 4144 verbum
1429 4080 1481 4144 vel
1505 4101 1561 4166 ρει
1584 4079 1790 4167 participium
1814 4080 1845 4144 iu
1870 4081 2047 4166 supposito,
2064 4079 2116 4144 vel
2135 4080 2166 4144 in
2188 4080 2334 4165 subjecto
2351 4101 2445 4144 accu-

621 4186 718 4250 sativi
733 4207 838 4268 casus,
856 4194 891 4252 ut
913 4187 1069 4252 «Petrum
1093 4208 1154 4252 ease
1175 4187 1287 4252 bonum
1305 4213 1336 4269 ι,
1353 4194 1386 4252 ει
1407 4213 1421 4247 ‹
1441 4187 1568 4254 Petrum
1585 4195 1682 4252 entem
1697 4187 1809 4252 donum
1826 4211 1856 4252 ι.
1868 4190 1921 4262 (ff
1931 4186 1967 4253 ei
1986 4208 2063 4252 vero
2080 4187 2242 4272 loquimur
2257 4187 2297 4251 do
2313 4207 2445 4252 aecusa-

622 4293 699 4374 tivo,
724 4293 779 4378 qui
803 4301 852 4358 est
876 4294 1031 4358 terminus
1056 4294 1266 4378 transitionis,
1283 4303 1360 4360 tunc
1384 4295 1429 4360 sic
1452 4295 1559 4360 dicere
1583 4294 1747 4358 debemus.
1772 4293 1873 4378 Cujus
1896 4315 1990 4360 casus
2015 4293 2191 4358 accusativi
2214 4294 2369 4380 queritur,
2388 4293 2446 4379 qui

622 4401 791 4486 asignatur
811 4422 870 4487 per
887 4401 1017 4466 modum
1039 4402 1169 4466 tormini
1191 4403 1224 4466 in
1249 4423 1344 4488 quem
1369 4402 1493 4487 aliquid
1513 4402 1639 4485 transit,
1660 4402 1712 4466 vel
1728 4401 1784 4487 qui
1800 4401 1968 4487 asignatur
1983 4422 2042 4488 por
2057 4400 2187 4466 modum
2203 4400 2276 4466 linis
2291 4402 2445 4466 transitus

623 4515 724 4573 actus.
741 4511 794 4583 (ιζ’
810 4507 843 4572 Si
868 4529 944 4572 vero
967 4509 1129 4594 loquimur
1152 4509 1191 4573 de
1216 4510 1355 4574 termino
1378 4509 1420 4574 ad
1444 4531 1539 4595 quem
1562 4509 1685 4594 aliquid
1712 4514 1859 4573 movetur
1882 4509 1934 4572 val
1958 4508 2139 4590 ordinatur,
2163 4515 2241 4573 tuno
2264 4508 2311 4574 sie
2338 4507 2446 4573 dicare

622 4614 794 4680 debemus:
820 4617 912 4700 cujus
941 4637 1035 4680 casua
1060 4617 1237 4681 accusativi
1261 4617 1416 4702 queritur,
1433 4617 1488 4702 qui
1511 4617 1679 4702 asignatur
1701 4638 1760 4704 per
1779 4615 1909 4681 modum
1926 4615 2056 4682 termini
2071 4616 2184 4680 localis
2200 4617 2253 4681 vel
2270 4615 2386 4698 finalis,
2403 4615 2447 4679 ad

622 4745 718 4808 quem
742 4722 864 4808 aliquid
888 4731 1035 4788 movetur
1058 4723 1111 4789 rel
1136 4724 1314 4788 ordinatur.
1330 4727 1382 4800 (ιζ’
1396 4723 1440 4788 Et
1463 4730 1540 4789 nota
1564 4724 1649 4809 quod
1673 4717 1828 4788 terminus
1852 4723 1895 4788 ad
1922 4745 2018 4810 quem
2047 4730 2154 4810 potest
2185 4723 2310 4788 duobus
2341 4722 2446 4788 modia

623 4831 791 4916 importari
814 4851 878 4895 uuo
903 4830 998 4896 modo
1022 4852 1080 4917 per
1104 4852 1204 4895 unum
1227 4832 1357 4896 modum
1381 4831 1601 4917 significandi,
1625 4838 1658 4896 at
1681 4831 1755 4896 talis
1780 4832 1983 4896 aecusativus
2007 4831 2076 4896 sino
2099 4831 2317 4917 prepositiona
2341 4837 2447 4917 potest

623 4959 643 5002 a
667 4937 765 5002 verbo
791 4938 978 5024 imperfecto
1002 4938 1083 5023 regi,
1109 4945 1144 5004 ut
1167 4946 1246 5024 puta
1270 4939 1472 5004 accusativus
1496 4939 1614 5025 supini,
1631 4945 1666 5004 ut
1695 4939 1803 5003 «vado
1824 4946 1964 5004 amotum
1981 4962 2010 5002 ι.
2033 4937 2068 5002 si
2085 4957 2163 5002 varo
2180 4937 2370 5024 importetur
2386 4959 2445 5024 ρει

622 5044 703 5108 duos
727 5044 848 5127 modos,
866 5051 901 5109 ut
923 5067 982 5133 per
1006 5045 1257 5130 propositionem
1281 5053 1313 5110 st
1336 5046 1507 5111 torminum
1531 5045 1564 5110 in
1588 5067 1694 5132 quem,
1712 5052 1744 5110 ει
1761 5053 1837 5110 tuno
1853 5052 1902 5110 est
1918 5065 1976 5131 ρει
1991 5045 2252 5132 prepositionem,
2270 5051 2305 5108 ut
2329 5069 2344 5102 ι
2368 5045 2447 5110 tudo

621 5153 665 5218 ad
687 5152 861 5217 eronimn
887 5177 922 5235 ι,
946 5154 1048 5218 etsie
1072 5153 1112 5217 de
1136 5153 1304 5218 similibus.
1320 5156 1373 5229 (Π
1389 5153 1471 5219 Item
1496 5159 1583 5235 nota,
1604 5153 1690 5238 quod
1713 5152 1753 5217 dc
1777 5153 1973 5236 accusativo,
1998 5153 2052 5238 qui
2076 5158 2125 5216 est
2148 5153 2303 5218 terminus
2326 5153 2444 5216 mansi·

621 5260 729 5342 tionis,
751 5261 824 5324 talis
849 5260 944 5326 datur
967 5261 1097 5346 regula:
1115 5283 1208 5326 omno
1232 5262 1369 5328 verbum
1391 5260 1444 5326 vel
1468 5260 1673 5348 participium
1696 5261 1882 5347 significans
1905 5281 1964 5347 per
1983 5260 2114 5325 modum
2133 5260 2329 5324 transeuntis
2349 5260 2382 5324 in
2398 5260 2445 5322 al-

621 5375 727 5433 terum
752 5389 894 5454 congrus
918 5369 1115 5433 construitur
1139 5390 1212 5433 cum
1235 5368 1419 5433 accusativo
1443 5368 1498 5454 qui
1522 5367 1723 5453 significatur
1751 5389 1810 5455 per
1841 5367 1971 5432 modum
1996 5367 2124 5433 termini
2147 5368 2180 5431 in
2204 5388 2300 5453 quem
2323 5366 2447 5453 aliquid

617 5476 734 5540 transit
754 5522 2443 5541 ...................................................

708 5689 770 5774 [Ιιι
795 5690 941 5773 inferiori
956 5692 1093 5776 popinae
1111 5693 1261 5776 morpine,
1277 5698 1304 5755 et
1319 5693 1353 5754 in
1368 5690 1575 5776 subsequentis
1589 5693 1742 5776 superiori
1756 5691 1838 5773 haec,
1856 5712 1892 5755 eu
1906 5691 1969 5755 olio
1983 5693 2083 5776 operis
2097 5691 2196 5756 codice
2212 5691 2321 5755 addita
2335 5687 2446 5770 ιιιιιιι]

711 5797 795 5862 Item
819 5803 911 5880 nota,
937 5798 1023 5884 quod
1047 5797 1176 5884 quando
1200 5797 1296 5862 datur
1318 5797 1428 5862 thema
1450 5819 1509 5884 per
1532 5797 1735 5884 participium
1770 5797 1855 5884 quod
1887 5819 1950 5862 uon
1982 5797 2161 5881 invenitur,
2185 5805 2262 5862 tunc
2292 5797 2448 5862 debemus

622 5926 787 5970 recurrere
812 5905 853 5969 ad
878 5905 1037 5970 inlinitum
1061 5906 1152 5970 verbi
1176 5905 1262 5970 illius
1286 5905 1448 5992 participij
1473 5928 1545 5970 cum
1569 5905 1630 5970 hoc
1653 5905 1752 5969 verbo
1775 5927 1855 5989 sirm,
1879 5927 1918 5987 es,
1942 5913 2003 5990 est,·
2023 5913 2055 5970 et
2078 5906 2139 5970 hoo
2162 5905 2344 5991 dupliciter,
2360 5905 2449 5990 quod

702 6191 741 6256 (l)
761 6190 802 6243 Da
823 6191 925 6242 codicis
943 6190 1080 6258 soriptura
1099 6189 1139 6242 sic
1158 6188 1194 6242 al.
1208 6188 1293 6242 Serti:
1308 6207 1322 6238 ι
1337 6189 1459 6256 Scriptus
1471 6194 1508 6242 cst
1562 6194 1586 6240 st
1603 6189 1723 6240 ridiculo
1742 6190 1797 6241 siut
1814 6189 1865 6241 illa
1882 6190 2078 6255 prornmutirue
2095 6195 2240 6258 praecepto
2264 6204 2332 6256 quas
2352 6189 2383 6240 in
2400 6187 2450 6240 lior

622 6281 689 6332 adso
707 6281 836 6332 ommis
854 6285 878 6332 et
896 6280 967 6332 inter
985 6293 1013 6332 se
1031 6279 1165 6345 collibratis
1182 6279 1270 6332 literis
1291 6285 1320 6330 ut
1342 6281 1389 6330 vix
1407 6279 1510 6332 alicubi
1563 6279 1649 6330 codice
1667 6279 1826 6344 traduntur,
1838 6281 1960 6346 quumvis
1972 6294 2063 6330 eorum
2076 6279 2177 6332 Aador
2195 6277 2381 6330 odsbsmu‘mus
2395 6293 2450 6344 per

623 6370 677 6436 ispi
689 6371 783 6437 possit.
802 6369 855 6422 Sed
873 6369 905 6422 de
923 6368 974 6420 hac
991 6367 1152 6434 difficaltate
1168 6385 1215 6420 uec
1227 6368 1296 6420 mihi
1307 6385 1353 6420 noc
1366 6369 1512 6420 altisimi
1565 6385 1596 6422 eu
1615 6374 1735 6436 ternpore
1753 6368 1906 6422 Ιιαῠινειιιν.
1925 6368 1972 6420 Ex
1985 6370 2084 6436 poemia
2104 6383 2172 6435 quoe
2194 6369 2272 6420 modo
2293 6369 2451 6435 spsdmims

627 6459 769 6512 dolendum
780 6474 941 6526 mopnopere
951 6464 997 6523 eat,
1006 6473 1075 6522 cerm,
1085 6464 1114 6508 ru
1118 6459 1180 6524 jon·
1192 6459 1321 6523 diximus,
1330 6459 1421 6525 irrepta
1427 6459 1512 6525 plesse
1565 6459 1621 6512 loco
1637 6458 1805 6525 ιυὸϋσίιιιιιε,
1823 6459 1855 6511 de
1873 6460 1985 6512 coeteris
2002 6459 2155 6524 dijudicari
2170 6458 2254 6523 facile
2268 6458 2367 6525 poterit
2386 6475 2411 6510 ›.
