5490 7750
641 679 716 750 140
1425 699 1666 750 uoxuusura

635 855 822 953 plerasque
853 857 902 930 ita
931 855 1187 952 contraximus,
1209 867 1248 928 ut
1277 881 1330 952 ea,
1352 880 1443 952 quae
1473 857 1563 927 scitu
1592 855 1699 951 digna
1720 855 1844 928 iisdem
1865 855 2143 952 continerentur,
2163 865 2328 928 accurate
2348 880 2456 953 expo·

636 1005 819 1076 neremus3
850 1005 940 1078 quae
970 1005 1056 1054 vere
1086 981 1322 1076 abundarent,
1344 981 1635 1078 relinqueremus,
1657 980 1752 1078 Ipsa,
1774 990 1946 1077 quantum
1969 980 2080 1076 licuit,
2100 980 2331 1078 epistolarum
2349 981 2456 1054 verba

636 1106 822 1179 retinenda
852 1107 1029 1202 duximuS,
1061 1130 1150 1203 quae
1180 1107 1209 1179 si
1237 1131 1307 1179 non
1338 1105 1563 1201 elegantiam,
1584 1107 1810 1202 majestatem
1831 1115 1926 1178 certe
1944 1107 2230 1203 gravitatemque
2259 1105 2355 1178 haud
2383 1107 2455 1178 exi·

636 1256 743 1326 guam
775 1231 1032 1329 praeseferunt,
1064 1239 1100 1305 et
1130 1240 1316 1329 praeterea
1344 1231 1522 1328 excerptis
1550 1231 1635 1328 ipsis
1664 1233 1836 1329 majorem
1863 1231 2122 1327 quodammodo
2147 1231 2252 1304 fidem
2272 1231 2456 1305 conciliare

636 1355 814 1428 videntur.
845 1354 974 1428 Omnia
1003 1363 1123 1428 autem
1151 1356 1334 1429 hausimus
1367 1356 1498 1453 partim
1536 1381 1581 1428 ex
1615 1353 1737 1428 Codice
1765 1355 2000 1453 Dipionratico
2028 1358 2180 1428 ciuitatis
2208 1355 2392 1430 Bononiae
2406 1352 2455 1453 (Ι),

638 1480 681 1552 de
711 1505 780 1576 quo
809 1481 844 1552 in
874 1481 1125 1554 additamentis
1154 1482 1189 1554 in
1219 1482 1332 1579 primo
1361 1481 1465 1554 huius
1494 1482 1610 1578 operis
1638 1489 1746 1577 tomo,
1768 1506 1849 1578 pag.
1872 1483 1946 1553 276
1976 1480 2086 1554 locuti
2109 1506 2242 1576 sumus,
2263 1483 2395 1578 partim
2414 1507 2457 1554 ex

637 1605 761 1700 altero,
784 1606 844 1702 qui
871 1607 1076 1680 inscribitur
1109 1605 1298 1702 Catalopus
1317 1613 1467 1678 ceterum
1491 1613 1792 1678 monimentorum
1816 1605 2091 1704 bononiensium,
2120 1606 2249 1703 quique
2278 1615 2458 1679 auctorem

636 1730 745 1804 habet
773 1731 978 1828 Philippum
1009 1732 1205 1805 Antonium
1232 1731 1468 1826 Ronconium,
1489 1730 1777 1804 iurisconsultum
1806 1731 2059 1828 pisaurensem,
2081 1731 2280 1804 secretioris
2304 1732 2459 1804 vaticani

638 1854 805 1928 tabularii
834 1855 916 1928 olirn
945 1856 1128 1929 custodem
1143 1854 1193 1929 (²).
1225 1855 1316 1928 Rem
1346 1864 1459 1929 totarn
1487 1855 1692 1928 exordimur
1716 1854 1868 1928 aliteris
1887 1855 2072 1927 Benedicti
2091 1855 2202 1950 XII,
2224 1879 2311 1953 quas
2331 1879 2458 1950 graves

637 1981 828 2053 admodum
858 1991 893 2054 et
921 1981 1077 2054 minaces
1096 1982 1380 2055 Bononiensibus
1401 1981 1618 2078 perscripsit,
1640 1989 1829 2078 postquam
1847 2005 1912 2052 nec
1932 1980 2193 2054 hortationibus
2213 2006 2278 2054 nec
2297 1981 2459 2078 precibus

639 2105 685 2178 ad
714 2106 867 2179 officium
896 2131 955 2180 eos
984 2107 1144 2180 revocari
1174 2107 1329 2203 potuisse
1359 2104 1553 2178 intellexit:

718 2229 929 2302 Benedictus
956 2234 1143 2328 episcopus,
1171 2255 1289 2303 serviis
1316 2255 1492 2302 screcrnni
1522 2230 1602 2326 Dei,
1632 2229 1768 2302 dilectis
1793 2229 1882 2326 siliis
1915 2229 2101 2302 Couirnuni
2125 2229 2362 2324 Bononiensi,
2389 2233 2459 2327 spi-

637 2357 745 2427 ritune
781 2353 932 2452 Cori-tili)⁸
962 2356 1138 2430 vicinioris.

721 2481 844 2553 Monet
873 2492 913 2554 ut
942 2483 985 2554 ad
1016 2483 1144 2556 bonam
1173 2482 1310 2576 frugem
1342 2489 1546 2576 revertant,
1577 2506 1618 2553 ac
1649 2481 1923 2578 praeteritorum
1959 2481 2145 2553 eriminum
2174 2481 2315 2554 veniam
2343 2481 2459 2552 humi-

638 2605 719 2677 liter
747 2616 907 2703 poscant,
929 2606 1084 2705 alioquin
1112 2608 1294 2702 graviores
1325 2631 1456 2703 poenas
1485 2608 1570 2704 ipsis
1599 2607 1765 2680 minatur.
1787 2607 1921 2678 Datum
1941 2607 2111 2679 Avinioni
2131 2606 2199 2679 XI.
2221 2605 2291 2678 kal.
2313 2630 2460 2678 novem-

636 2732 722 2826 bris,
753 2757 845 2804 anno
873 2733 922 2806 ll.
939 2731 978 2793 (³)

718 2855 808 2928 Cum
829 2857 915 2929 nihil
935 2857 1051 2929 adhuc
1071 2857 1280 2954 profecisset
1299 2857 1479 2952 Pontifex,
1497 2857 1596 2929 initio
1613 2857 1831 2953 insequentis
1846 2857 1941 2952 anni,
1957 2856 2024 2929 hoc
2040 2866 2093 2930 est
2107 2854 2460 2950 MCCCXXXVH,

638 2990 762 3054 contra
790 2982 1033 3054 Bononienses
1062 3007 1266 3079 processum
1301 2983 1473 3078 instituit,
1504 2984 1540 3055 in
1569 3007 1638 3079 quo
1665 2982 1737 3055 late
1767 2992 1802 3054 et
1830 2983 1956 3056 diffuse
1990 2982 2149 3078 initium,
2180 3005 2388 3079 progressus
2426 2988 2462 3052 et

639 3108 858 3178 consumatio
888 3108 1093 3180 eorumdem
1121 3108 1322 3180 rebellionis
1352 3117 1476 3180 contra
1504 3114 1666 3184 sanctam
1696 3109 1823 3181 Sedem
1844 3133 1914 3179 una
1934 3133 2012 3180 cum
2034 3108 2156 3206 poenis
2177 3108 2360 3204 appositis,
2381 3114 2418 3178 et
2442 3130 2463 3178 a

638 3239 816 3327 potestate
846 3233 1026 3328 pontificia
1059 3232 1157 3328 latis,
1189 3259 1253 3330 per
1283 3241 1470 3305 extensum
1506 3234 1753 3306 continentur:
1785 3241 1819 3305 et
1856 3241 1896 3305 ut
1934 3233 2093 3329 ejusdem
2131 3232 2249 3329 aliqua
2287 3231 2465 3304 habeatur

638 3357 748 3452 notio,
779 3383 908 3454 operae
937 3359 1090 3456 pretium
1120 3359 1227 3430 fuerit
1257 3359 1389 3431 dictum
1420 3384 1622 3456 processum
1653 3361 1876 3456 summatim,
1906 3367 2011 3456 prout
2040 3359 2216 3455 sequitur,
2246 3357 2462 3454 expendere.

637 3481 880 3556 Bononienses
910 3493 1099 3581 postquam
1128 3485 1163 3556 in
1192 3484 1333 3582 publico
1362 3484 1579 3558 Consistorio
1608 3485 1693 3558 fassi
1722 3486 1864 3558 fuerant
1884 3509 2003 3558 coram
2024 3484 2187 3558 Johanne
2208 3483 2335 3556 XXII.
2361 3508 2465 3556 suam

639 3609 822 3704 antiquam
852 3610 1110 3706 subjectionem
1139 3635 1225 3705 erga
1252 3619 1412 3683 sanctam
1443 3611 1581 3705 Sedem,
1603 3610 1639 3682 in
1669 3635 1778 3683 unum
1812 3619 1935 3708 postea
1971 3611 2190 3705 congregati,
2213 3617 2249 3681 et
2278 3608 2321 3681 de
2350 3633 2463 3703 more,

638 3733 797 3828 generali
827 3734 1036 3830 praehabito
1066 3734 1233 3830 Consilio,
1259 3736 1515 3830 subjectionem
1544 3735 1705 3808 eamdem
1734 3743 1894 3808 evertere
1923 3760 1993 3808 non
2024 3735 2244 3807 dubitarunt.
2274 3733 2467 3807 llostiliter

641 3859 748 3952 igitur
776 3867 944 3955 agentes,
975 3859 1215 3933 Bertrandum
1245 3861 1434 3933 ostiensem
1464 3869 1499 3932 et
1528 3860 1776 3933 veliterensem
1810 3861 2015 3958 episcopum
2042 3861 2078 3932 in
2107 3861 2252 3932 civitate
2280 3859 2467 3932 Bononiae

637 3983 814 4079 Legatum
844 3995 1141 4082 commorantem,
1172 4011 1243 4058 una
1272 4011 1352 4058 curn
1381 3987 1457 4083 ejus
1485 3985 1619 4058 familia
1648 3995 1683 4058 et
1713 3986 1811 4058 curia
1839 3987 1874 4057 in
1904 3994 2021 4058 castro
2051 4009 2114 4082 per
2142 4010 2223 4058 eum
2259 3993 2467 4058 constructo

640 4118 675 4181 et
704 4109 771 4182 sito
801 4109 894 4181 infra
923 4109 1223 4183 Communitatem
1253 4111 1484 4208 praedictam,
1514 4136 1579 4208 per
1607 4112 1730 4183 decem
1759 4111 1833 4183 dies
1863 4112 2088 4206 obsederant,
2118 4136 2211 4183 nunc
2239 4109 2376 4183 bellicis
2412 4111 2466 4182 in·

638 4235 846 4307 strumentis
875 4242 911 4306 et
938 4234 1097 4329 balistis,
1128 4261 1222 4307 nunc
1250 4236 1427 4333 lapidibus
1456 4236 1677 4334 praedictum
1707 4245 1864 4309 castrum
1898 4261 2105 4333 expugnare
2140 4243 2339 4330 tentantes,
2370 4260 2469 4307 nunc

639 4385 735 4455 vero,
756 4361 871 4457 ruptis
900 4361 1182 4457 aquaeductibus
1211 4361 1361 4457 igneque
1382 4362 1496 4458 posito
1525 4362 1561 4433 in
1590 4361 1766 4457 aliquibus
1794 4361 1974 4434 fortalitiis
2001 4362 2085 4433 dieti
2105 4361 2224 4456 castri,
2247 4369 2287 4432 ut
2306 4360 2471 4455 Legatos

639 4510 719 4557 cum
747 4497 853 4580 gente
882 4512 946 4558 sua
976 4487 1069 4558 fame
1098 4486 1242 4583 periret,
1264 4485 1368 4558 fovea
1387 4510 1448 4558 seu
1477 4486 1613 4558 fossata
1639 4487 1747 4582 facta,
1774 4487 1946 4559 adversus
1966 4485 2186 4582 alloquentes
2210 4485 2267 4558 vel
2296 4485 2471 4557 victualia

638 4610 775 4706 Legata
804 4611 960 4683 ferentes
991 4611 1157 4706 rigorosis
1186 4612 1309 4708 poenis
1338 4611 1498 4708 adjectis,
1520 4611 1593 4683 alta
1622 4637 1708 4684 voce
1738 4611 2026 4709 proclamabant:
2054 4639 2072 4678 «
2096 4611 2276 4683 Morietur
2300 4610 2471 4708 Leputus,

639 4743 669 4808 et
698 4737 754 4808 illi
783 4737 824 4808 de
854 4737 998 4832 Lingua
1031 4735 1166 4810 Oceano
1197 4761 1232 4832 r,
1264 4737 1337 4810 fere
1366 4746 1405 4808 ut
1434 4736 1495 4808 vix
1524 4737 1647 4808 datum
1686 4737 1792 4809 fuerit
1820 4737 1958 4832 Legato
1986 4737 2198 4809 festinanter
2227 4760 2245 4808 e
2275 4744 2393 4808 castro
2426 4759 2471 4808 ac

638 4862 833 4934 acivitate
862 4861 1040 4934 recedere.
1072 4861 1247 4958 Tempore
1286 4861 1477 4934 obsidionis
1517 4861 1695 4934 Oliverius
1729 4861 1899 4958 Berardi,
1931 4861 2030 4934 miles
2069 4859 2471 4954 maresciallusgentis

638 4986 819 5059 Ecclesiae
854 4987 1001 5082 ejusque
1031 4987 1199 5060 officiales
1228 4987 1262 5058 in
1293 5011 1415 5059 eorum
1444 4986 1577 5084 palatio
1607 4987 1704 5084 prius
1733 4989 1904 5082 aggressi,
1925 5000 2047 5084 postea
2079 4986 2298 5084 depraedati,
2321 4995 2356 5057 et
2385 4994 2473 5058 tan-

637 5113 717 5185 dem
747 5113 780 5183 iu
812 5112 961 5185 vinculis
991 5121 1026 5185 et
1056 5113 1283 5210 compedibus
1312 5111 1438 5184 ferreis
1475 5113 1658 5184 constricti
1693 5137 1735 5184 ac
1774 5115 1818 5186 ab
1853 5138 1973 5186 eorum
2003 5113 2127 5186 officiis
2164 5112 2273 5184 amoti
2308 5110 2471 5183 fuerant.

637 5213 861 5310 Bertrandus
890 5237 1178 5334 archiepiscopus
1207 5238 1481 5333 ebredunensis,
1511 5237 1641 5309 Petrus
1678 5238 1939 5335 mirapiscensis
1967 5246 2001 5311 et
2030 5236 2252 5309 Bertrandus
2281 5236 2474 5308 Bononiae

638 5363 836 5460 episcopus,
866 5387 946 5434 curn
976 5364 1179 5435 Abbatibus
1208 5362 1436 5435 Nonantulae
1466 5370 1501 5434 et
1530 5363 1642 5434 saneti
1673 5362 1844 5460 Stephani
1873 5363 2066 5458 Bononiae,
2097 5361 2227 5434 nedum
2256 5360 2475 5458 depraedati

638 5513 763 5560 verum
792 5488 898 5560 etiarn
928 5488 1042 5560 coacti
1069 5487 1269 5584 episcopale
1299 5487 1469 5585 palatium
1499 5487 1661 5562 incendio
1691 5488 1924 5586 suppositum,
1947 5496 2064 5560 castra
2093 5487 2317 5584 episcopatus
2347 5495 2382 5558 et
2410 5510 2474 5558 ec-

638 5613 853 5685 clesiasticos
882 5637 1004 5685 omrres
1033 5613 1269 5710 depraedatos
1298 5614 1363 5686 sub
1393 5612 1502 5686 oculis
1532 5638 1687 5686 eernere.
1718 5613 1818 5685 Inter
1853 5622 2013 5685 caeteros
2042 5613 2167 5684 Abbas
2200 5610 2474 5684 nonantulanus

638 5763 749 5834 usque
779 5739 824 5810 ad
854 5738 1039 5828 femoralia
1067 5739 1234 5832 nudatus,
1265 5740 1466 5810 carceribus
1496 5739 1660 5811 detentus
1689 5741 1763 5835 est,
1786 5748 1821 5810 et
1848 5738 2070 5810 Bertrandus
2098 5737 2141 5810 de
2171 5735 2271 5832 Glar,
2303 5736 2362 5832 qui
2392 5734 2475 5834 epi-

638 5864 736 5961 scopi
763 5863 949 5936 familiaris
978 5873 1072 5959 erat,
1104 5864 1256 5954 oecisuS,
1288 5864 1522 5959 evisceratus,
1553 5889 1617 5961 per
1645 5865 1760 5936 frusta
1786 5864 1967 5958 concisus,
1998 5863 2163 5936 carnibus
2192 5863 2268 5958 ejus
2298 5862 2476 5959 projectis

717 6202 756 6266 (l)
771 6199 945 6251 Monumentc
957 6200 1073 6250 ciuitatis
1084 6198 1223 6249 Bononiae
1236 6199 1263 6250 iu
1274 6199 1447 6251 Bibliotheca
1457 6198 1525 6250 Uni·
1581 6215 1613 6249 ec
1630 6201 1780 6252 secretioris
1798 6202 1918 6251 raficani
1935 6199 2070 6250 tabcdarii
2091 6197 2226 6249 codicibus
2251 6213 2324 6248 cinric
2341 6198 2476 6263 prienam

636 6290 775 6343 versitatis
794 6289 984 6342 Bononiensis.
1578 6295 1657 6340 eruto
1676 6305 1708 6339 uc
1726 6291 1882 6340 centuriatim
1901 6291 2031 6341 recensita
2050 6288 2141 6340 studio
2167 6303 2198 6337 cc
2224 6285 2316 6338 labore
2333 6284 2383 6336 Pa.
2403 6285 2479 6336 Acir.

717 6385 756 6448 (2)
775 6380 959 6433 Ronvenorrun
983 6381 1143 6448 poritifienin
1163 6386 1240 6446 etque
1260 6383 1452 6447 inipcrctorurn
1473 6382 1526 6447 epi·
1581 6378 1708 6432 Rorrconi.
1728 6379 1778 6444 (In
1799 6379 1970 6431 Bibliotheca
1989 6378 2183 6430 Universitatis
2203 6375 2380 6427 Bononiensis
2410 6375 2479 6426 eod.

635 6473 719 6525 stolae
732 6488 763 6523 ac
778 6471 936 6538 differente,
946 6471 1043 6537 quibus
1055 6470 1255 6522 celeberrimum
1268 6469 1418 6521 Borionicnr
1432 6471 1523 6521 urbem
1579 6487 1642 6521 mss.
1662 6486 1688 6520 n.
1709 6473 1759 6520 317
1768 6472 1786 6534 ).

636 6565 742 6629 eiusque
760 6563 827 6613 cc'ces
846 6563 955 6612 erirniis
972 6560 1119 6612 horroribus
1138 6577 1170 6610 nc
1186 6561 1338 6626 privilegiis
1354 6561 1525 6622 decorarunt,
1662 6561 1701 6625 (3)
1721 6559 1790 6610 Vide
1811 6559 1860 6610 sub
1881 6574 1954 6608 num.
1974 6555 2063 6622 LIX.,
2085 6573 2139 6608 car.
2159 6558 2202 6608 97.
