5544 7750
1049 675 1263 728 SOHOLARDS
1291 677 1494 728 ILLUSTRES

358 832 399 897 D.
423 833 541 898 Petrus
565 833 605 897 19
628 832 781 919 Piperno,
806 832 979 897 canonicus
1004 838 1115 896 sancte
1138 829 1241 894 Maria

465 939 505 1004 19
529 939 653 1004 Vincis.

357 1047 399 1112 D.
422 1047 540 1113 Petrus
564 1048 603 1113 de
627 1048 750 1112 Brusis.

358 1154 399 1219 D.
423 1156 540 1221 Petrus
565 1155 751 1221 Catellanus
775 1155 994 1241 provincialis.

357 1262 441 1327 Ven.
466 1263 515 1327 vir
538 1262 687 1326 dominus
715 1262 856 1327 Ponaius
888 1261 927 1326 de
950 1261 1133 1342 Vilomaro,
1154 1258 1243 1346 prior

465 1369 505 1433 de
521 1369 681 1452 Echclcis,
699 1369 800 1434 abbas
816 1369 919 1434 sancti
935 1367 1083 1433 Autolini
1099 1365 1241 1453 apamia·

465 1499 546 1560 rum,
572 1477 719 1542 tolosana
743 1477 890 1540 diocesis.

356 1584 398 1649 D.
423 1583 637 1670 Raymundus
662 1584 701 1647 de
726 1583 902 1648 Aramona.

356 1692 397 1757 D.
422 1691 636 1778 Raymundus
660 1692 700 1755 de
723 1690 884 1754 Marauta.

355 1799 396 1864 D.
420 1799 635 1886 Raymundus
661 1799 803 1864 Frcdoli.

355 1907 396 1972 D.
422 1891 614 1994 Raynaldus
640 1906 756 1990 Oarici,
773 1905 955 1993 prepositus
972 1905 1011 1970 19
1028 1904 1192 1969 Talabuso
1208 1903 1242 1966 in

463 2015 599 2079 ecclesia
623 2015 858 2079 carcasonensi.

356 2122 397 2187 D.
422 2121 614 2207 Raynaldus
637 2121 677 2185 de
701 2121 876 2186 Fabriano.

354 2229 396 2294 D.
420 2229 615 2316 Raynerius,
640 2228 798 2316 plebanus
827 2251 852 2292 9.
876 2228 956 2293 Luc.
982 2276 990 2293 .
1016 2276 1024 2293 .
1049 2277 1056 2292 .
1081 2226 1121 2290 de
1143 2225 1239 2290 Pisis.

356 2339 397 2404 D.
422 2338 616 2424 Rayueriue,
641 2336 813 2402 canonicus
837 2337 980 2422 pisanus.

355 2446 397 2512 D.
421 2445 605 2532 Raynerius
629 2445 748 2508 Barchi
772 2444 812 2508 de
835 2444 936 2509 Luca.

354 2553 396 2618 D.
421 2552 604 2639 Raynerius
628 2552 668 2615 de
690 2551 849 2634 Vitcrbio,
866 2551 1039 2616 canonicus
1063 2550 1206 2636 pisanus.

355 2664 396 2728 D.
421 2662 605 2748 Raynerius
630 2661 670 2724 de
693 2661 809 2740 Horto,
831 2661 1012 2747 prepositus
1037 2658 1184 2726 Olavassi
1207 2664 1240 2722 91

462 2770 635 2834 999991999
659 2767 844 2833 leodiensis.

355 2879 396 2944 D.
421 2876 599 2943 Richoldus
623 2877 662 2940 de
688 2875 810 2941 Staine.

355 2987 443 3072 Mag.
468 2985 631 3050 Robertus
655 2983 707 3048 de
718 2984 900 3048 Pontisera.

353 3095 442 3180 Mag.
455 3094 660 3180 Rodulphus,
674 3093 809 3157 sacrista
822 3091 956 3156 ecclesie
973 3089 1237 3176 guarmaciensis.

354 3203 442 3288 Mag.
466 3201 661 3287 Rcduiphus
685 3199 863 3264 Renuardi.

354 3311 395 3375 D.
431 3309 623 3396 Rodulphus
662 3307 903 3389 Buticularius,
934 3305 1116 3393 prepositus
1153 3304 1236 3369 Nor·

462 3417 601 3480 mandis.
995 3489 999 3497 .

353 3526 394 3590 D.
419 3524 611 3610 Rodulphus
636 3522 675 3586 de
699 3521 857 3587 Donodei.

353 3634 394 3698 D.
419 3632 623 3718 RodulphuS,
646 3636 751 3694 rector
775 3628 909 3693 ecclesie
933 3627 966 3690 in
989 3627 1154 3713 Arcinglc.

353 3741 394 3805 D.
421 3740 564 3804 Sacrista
587 3736 854 3801 baritalensistll.

354 3848 395 3913 D.
422 3846 606 3933 Stephanus
629 3845 755 3909 Annals
779 3844 819 3908 de
844 3843 957 3930 Capite
981 3843 1095 3908 ferino.

353 3956 395 4021 D.
421 3954 605 4041 Stephanus
628 3953 748 4017 Pileoti
773 3952 812 4017 de
835 3952 940 4016 Nitra.

353 4063 395 4128 D.
421 4063 605 4148 Stephanus
630 4061 734 4127 Orioli
756 4060 796 4124 de
820 4059 1061 4146 Capitestagno.

356 4171 444 4256 Mag.
465 4169 652 4234 Thebaldus
668 4167 708 4232 de
723 4167 858 4250 Reomo,
875 4166 1074 4252 lingonensis
1090 4165 1236 4230 diocesis.

356 4278 397 4343 D.
422 4277 563 4342 Thomas
586 4275 740 4339 Balduini
763 4274 874 4361 synd,
891 4274 1020 4339 natione
1036 4273 1237 4358 burgundus.

356 4384 397 4450 D.
421 4384 563 4448 Thomas
587 4382 626 4447 de
649 4382 731 4447 Vico
754 4381 885 4446 Pisano.

355 4492 397 4557 D.
422 4491 586 4577 Tigrinus,
611 4489 861 4576 archipresbiter
884 4489 1044 4554 collensis.
1124 4499 1128 4508 '

355 4600 396 4664 D.
422 4598 562 4664 Toncius
586 4597 746 4664 Johannis
769 4597 809 4661 de
833 4605 943 4661 999919
968 4596 1126 4662 Genexio.

355 4709 397 4774 D.
421 4708 564 4773 Uhcrtus
587 4707 626 4771 19
652 4706 798 4788 (1199919,
815 4705 988 4770 999991999
1010 4705 1236 4771 belluacensis.

355 4816 397 4881 D.
421 4815 624 4898 Vericionus,
648 4813 806 4900 plebanus
829 4812 869 4876 de
893 4811 1104 4898 Castigliono.

355 4925 397 4990 D.
421 4923 593 5009 Ugolinus,
618 4923 790 4986 canonicus
814 4921 1060 4986 Laudumensis.

354 5032 397 5097 D.
420 5030 572 5095 Virassai
596 5029 758 5115 quondam
789 5029 910 5093 domini
933 5028 1083 5094 Jacobiui
1114 5029 1153 5094 19
1181 5029 1238 5094 Vi·

463 5138 638 5204 scontibus.

354 5247 395 5312 D.
420 5246 561 5329 Ulricus,
578 5253 684 5310 rector
707 5245 841 5310 ecclesie
862 5246 895 5310 in
912 5245 1108 5332 Sugeonaris
1124 5247 1236 5313 Wald.

356 5355 396 5420 D.
410 5353 612 5418 Ysenlardus
629 5353 668 5417 dc
684 5353 868 5436 Pecoraria,
882 5353 1054 5418 canonicus
1071 5355 1236 5420 remensis.

659 5566 937 5632 MOOLXXXIV.

355 5785 397 5851 D.
414 5784 611 5849 Almoranus
628 5783 753 5867 Garsie,
770 5789 876 5848 rector
891 5783 1025 5848 ecclesie
1042 5791 1152 5849 sancte
1167 5784 1238 5850 Ma·

463 5893 509 5956 rie
533 5891 573 5955 de
597 5891 723 5956 Alfaro.

355 6002 397 6066 D.
421 6001 587 6066 Arnaldus
611 6000 766 6065 Gomczii.

356 6109 444 6194 Mag.
468 6109 655 6173 Bernartius
679 6107 718 6172 de
743 6108 851 6172 Testa.

355 6216 397 6280 D.
417 6217 611 6299 Brocardue,
628 6222 733 6280 rector
750 6216 884 6281 ecclesie
901 6217 934 6280 in
951 6215 1096 6281 Sarmen.
1115 6215 1237 6300 Scort,

463 6325 710 6389 constantiensis
734 6324 881 6390 diocesis.

419 6555 458 6622 (1)
478 6554 523 6606 An
543 6553 732 6606 balneolensis.

1304 829 1347 894 D.
1370 829 1539 894 Deodatus
1563 829 1602 892 19
1625 827 1789 892 Bozvatis.
1905 825 1910 836 '

1305 936 1347 1000 D.
1371 936 1570 1018 Eberardus,
1595 936 1806 1001 scholasticus
1830 935 2031 1000 basileensis.

1306 1042 1348 1107 D.
1372 1043 1462 1108 Elias
1486 1043 1526 1107 de
1551 1044 1670 1126 Tauro,
1695 1043 1868 1108 canonicus
1892 1044 2098 1108 zamorensis.

1306 1151 1348 1216 D.
1372 1151 1563 1217 Frenandus
1586 1152 1729 1235 Martini,
1754 1152 1927 1218 canonicus
1951 1153 2164 1218 bracarensis.

1305 1259 1347 1324 D.
1373 1259 1511 1324 Gentilis
1534 1260 1573 1324 dc
1599 1260 1735 1325 (1999119.

1304 1367 1393 1453 Mag.
1418 1367 1584 1432 Gerardus
1608 1367 1648 1431 de
1672 1367 1792 1433 Firmo.

1306 1474 1347 1539 D.
1372 1474 1536 1539 Gerardus
1561 1475 1705 1559 Imberti,
1730 1477 1903 1542 canonicus
1926 1477 2068 1562 reginus.

1305 1581 1347 1647 D.
1371 1581 1597 1648 Gondesalvus
1628 1583 1801 1668 Roderici,
1825 1586 1999 1650 canonicus
2029 1586 2190 1651 salaman-

1412 1692 1509 1756 tinus.

1304 1797 1393 1884 Mag.
1419 1797 1525 1864 Guido
1550 1800 1589 1864 dc
1613 1800 1708 1884 Pisis,
1733 1801 1845 1866 doctor
1868 1801 2036 1867 medicine.

1304 1906 1359 1971 Fr.
1385 1907 1590 1973 Guillielmus
1614 1909 1653 1972 (19
1677 1908 1843 1992 (1919919,
1868 1911 2054 1975 cellerarius
2077 1933 2189 1976 1119119-

1413 2017 1503 2079 sterii
1518 2017 1620 2080 sancti
1636 2016 1805 2082 Michaelis
1823 2018 1862 2082 de
1878 2018 2024 2101 Pexauo,
2042 2019 2189 2085 99911999

1413 2123 1558 2188 diocesis.

1305 2227 1347 2292 D.
1372 2229 1577 2296 Guillielmus
1601 2232 1640 2295 de
1665 2231 1797 2315 Castris,
1814 2231 1899 2296 filius
1918 2232 2040 2298 domini
2060 2232 2189 2299 Gonda-

1413 2339 1505 2402 salvi.

1304 2444 1346 2509 D.
1371 2443 1576 2510 Guilliclmus
1600 2446 1639 2511 de
1664 2448 1773 2511 Testa.

1304 2553 1346 2617 D.
1372 2552 1577 2618 Guillielmus
1601 2555 1641 2618 de
1664 2555 1768 2619 Fossa
1798 2555 1882 2619 filius
1907 2556 2027 2620 domini
2050 2557 2188 2643 Pagani.

1304 2659 1346 2724 D.
1373 2660 1577 2725 Guillielnrus
1601 2662 1640 2726 de
1666 2662 1823 2749 Oppedio.

1303 2766 1346 2833 D.
1371 2767 1548 2832 Guiraldus
1572 2768 1731 2834 Umbcrti.

1304 2875 1345 2940 D.
1371 2874 1546 2940 Guiraldus
1571 2876 1749 2942 Guiroaldi.

1303 2983 1344 3048 D.
1369 2983 1565 3069 Hugolinus,
1591 2986 1841 3071 archipresbiter
1864 2986 1903 3050 de
1926 2986 2015 3051 Urbe
2037 2987 2160 3053 Veteri.

1301 3090 1343 3155 D.
1368 3091 1511 3158 Jacobus
1536 3093 1575 3157 de
1599 3093 1764 3175 Albolato,
1789 3094 1925 3158 sacrista
1949 3095 2143 3161 valentinus.

1301 3197 1343 3264 D.
1368 3198 1511 3264 Jacobus
1535 3199 1638 3264 Duzzi
1661 3200 1701 3264 de
1726 3200 1914 3287 Campania.

1300 3305 1389 3392 Mag.
1414 3307 1581 3372 lohannes
1605 3307 1645 3371 de
1669 3307 1807 3372 Brustis.

1300 3414 1341 3479 D.
1366 3415 1533 3480 lohannes
1556 3415 1728 3480 Deotalevi
1751 3413 1921 3480 comitatus
1945 3417 2056 3481 Firmi.

1299 3521 1341 3586 D.
1365 3522 1386 3587 J
1389 3524 1531 3587 ohannes
1552 3523 1591 3587 de
1607 3523 1762 3606 Reclesis,
1780 3525 1952 3588 canonicus
1968 3524 2181 3592 cadomensis.

1301 3630 1342 3695 D.
1366 3630 1544 3714 Johannes,
1561 3632 1735 3695 canonicus
1750 3631 1885 3696 ecclesie
1902 3632 2128 3717 glusgancnsis
2144 3635 2184 3698 de

1410 3737 1528 3802 Scotia.

1300 3846 1342 3911 D.
1367 3846 1534 3912 Johannes
1558 3825 1597 3910 de
1622 3845 1739 3910 Glava.

1300 3954 1342 4019 D.
1366 3954 1524 4019 Lutoldus
1546 3955 1585 4018 de
1601 3953 1745 4036 Henear,
1762 3960 1866 4018 rector
1883 3955 2017 4018 ecclesie
2033 3954 2073 4019 de
2089 3956 2182 4021 Bola.

1300 4062 1342 4127 D.
1367 4061 1595 4126 Marchoaldus
1619 4061 1658 4126 de
1681 4061 1786 4124 Rada.

1301 4169 1342 4234 D.
1367 4169 1483 4234 Nicola
1506 4169 1546 4233 de
1569 4169 1739 4233 1191919111
1762 4169 1897 4233 clericus
1920 4168 2041 4232 domiui
2060 4168 2183 4234 Johan-

1409 4279 1458 4344 nis
1483 4277 1522 4341 de
1545 4277 1663 4340 Bcrvio
1686 4276 1726 4340 de
1752 4276 1871 4341 Scotia.

1302 4386 1344 4451 D.
1368 4385 1523 4450 Nicolaus
1549 4384 1640 4468 Oille,
1665 4386 1839 4449 canonicus
1862 4384 2088 4449 atrabatensis.

1301 4493 1343 4558 D.
1369 4493 1524 4558 Odericus
1547 4493 1658 4557 Enrici
1682 4493 1721 4557 de
1743 4493 1927 4558 Alamania.

1300 4601 1342 4666 D.
1366 4601 1483 4665 Petrus
1508 4600 1547 4664 19
1571 4599 1724 4682 Trischis,
1749 4599 1922 4664 canonicus
1946 4600 2109 4665 uticensis.

1301 4710 1343 4775 D.
1366 4709 1485 4774 Petrus
1508 4708 1547 4772 de
1572 4707 1759 4773 Gurabello.

1301 4817 1343 4882 D.
1367 4817 1484 4881 Petrus
1508 4815 1686 4898 Johannes,
1716 4815 1827 4878 doctor
1850 4814 1969 4898 legum.

1301 4928 1343 4992 D.
1367 4925 1485 4989 Petrus
1508 4922 1630 4987 domini
1644 4922 1873 4986 Bonarcnturc
1891 4920 2052 5008 quondam
2069 4921 2090 4987 J
2093 4923 2185 4988 acobi

1410 5030 1571 5117 quondam
1595 5029 1823 5093 Beneventure
1847 5027 1886 5090 de
1909 5023 2026 5092 Roma.

1301 5140 1342 5205 D.
1366 5137 1580 5224 Raymundus
1603 5135 1642 5200 de
1666 5135 1848 5218 Aramone,
1872 5135 2045 5200 canonicus
2072 5157 2184 5222 maga-

1409 5245 1561 5311 lonensis.

1300 5356 1342 5421 D.
1366 5352 1579 5440 Raymundus
1607 5349 1822 5433 1911191999,
1847 5356 2016 5435 preceptor
2046 5350 2183 5415 valenti-

1410 5461 1529 5526 nensis.

1301 5569 1344 5636 D.
1367 5569 1528 5634 Riualdus
1553 5565 1708 5631 Gomezii.

1301 5678 1389 5763 Mag.
1414 5675 1607 5762 Rcduiphus
1631 5673 1671 5738 de
1695 5672 1836 5756 Basilec,
1858 5679 1963 5737 rector
1986 5673 2120 5738 ecclesie
2145 5673 2185 5737 de

1407 5783 1664 5867 Hinercinghcn.

1301 5893 1342 5958 D.
1369 5892 1521 5957 Sicardus
1545 5889 1667 5954 domini
1689 5889 1849 5953 Johannis
1873 5887 2038 5953 Gechano.

1300 6001 1342 6066 D.
1369 5999 1536 6065 Sorlionus
1560 5999 1599 6062 de
1624 5996 1741 6061 Flisco.

1300 6108 1343 6173 D.
1368 6106 1551 6193 Stephanus
1576 6105 1688 6188 Orioli,
1712 6103 1930 6191 provincialis.

1301 6217 1390 6302 Mag.
1415 6217 1564 6281 Thomax
1587 6214 1741 6279 Balduini
1763 6213 1802 6277 de
1825 6213 1965 6298 Bajoris.
