<?xml version="1.0" encoding="UTF-8"?>
<!DOCTYPE html PUBLIC "-//W3C//DTD XHTML 1.0 Transitional//EN"
    "http://www.w3.org/TR/xhtml1/DTD/xhtml1-transitional.dtd">
<html xmlns="http://www.w3.org/1999/xhtml" xml:lang="en" lang="en">
 <head>
  <title>
</title>
<meta http-equiv="Content-Type" content="text/html;charset=utf-8" />
  <meta name='ocr-system' content='tesseract 3.04.00' />
  <meta name='ocr-capabilities' content='ocr_page ocr_carea ocr_par ocr_line ocrx_word'/>
</head>
<body>
  <div class='ocr_page' id='page_1' title='image "./declarisarchigy01albigoog_0182.png"; bbox 0 0 5490 7750; ppageno 0'>
   <div class='ocr_carea' id='block_1_1' title="bbox 699 679 1726 748">
    <p class='ocr_par' dir='ltr' id='par_1_1' title="bbox 699 679 1726 748">
     <span class='ocr_line' id='line_1_1' title="bbox 699 679 1726 748; baseline -0.002 0"><span class='ocrx_word' id='word_1_1' title='bbox 699 679 771 748; x_wconf 75' lang='lat'>172</span> <span class='ocrx_word' id='word_1_2' title='bbox 1486 696 1726 748; x_wconf 73' lang='lat' dir='ltr'>narrasses</span> 
     </span>
    </p>
   </div>
   <div class='ocr_carea' id='block_1_2' title="bbox 684 851 2518 6631">
    <p class='ocr_par' dir='ltr' id='par_1_2' title="bbox 684 851 2518 6631">
     <span class='ocr_line' id='line_1_2' title="bbox 696 851 2512 940; baseline 0.002 -24"><span class='ocrx_word' id='word_1_3' title='bbox 696 854 793 917; x_wconf 89' lang='lat' dir='ltr'>inseri</span> <span class='ocrx_word' id='word_1_4' title='bbox 817 854 961 936; x_wconf 78' lang='lat' dir='ltr'>fecimus,</span> <span class='ocrx_word' id='word_1_5' title='bbox 980 852 1109 939; x_wconf 91' lang='lat' dir='ltr'>plenius</span> <span class='ocrx_word' id='word_1_6' title='bbox 1135 851 1326 918; x_wconf 82' lang='lat' dir='ltr'>continetur.</span> <span class='ocrx_word' id='word_1_7' title='bbox 1343 853 1421 936; x_wconf 76' lang='lat' dir='ltr'>Nos,</span> <span class='ocrx_word' id='word_1_8' title='bbox 1439 852 1554 916; x_wconf 86' lang='lat' dir='ltr'>restris</span> <span class='ocrx_word' id='word_1_9' title='bbox 1578 853 1867 940; x_wconf 71' lang='lat' dir='ltr'>supplicationibus</span> <span class='ocrx_word' id='word_1_10' title='bbox 1892 854 2047 936; x_wconf 90' lang='lat' dir='ltr'>inclinati,</span> <span class='ocrx_word' id='word_1_11' title='bbox 2072 853 2309 918; x_wconf 79' lang='lat' dir='ltr'>concessionem</span> <span class='ocrx_word' id='word_1_12' title='bbox 2332 853 2512 938; x_wconf 88' lang='lat' dir='ltr'>hujusmodi</span> 
     </span>
     <span class='ocr_line' id='line_1_3' title="bbox 696 959 2512 1048; baseline 0.001 -24"><span class='ocrx_word' id='word_1_13' title='bbox 696 975 823 1046; x_wconf 84' lang='lat' dir='ltr'>gratam</span> <span class='ocrx_word' id='word_1_14' title='bbox 849 968 881 1024; x_wconf 90' lang='lat' dir='ltr'>et</span> <span class='ocrx_word' id='word_1_15' title='bbox 905 967 1009 1024; x_wconf 89' lang='lat' dir='ltr'>ratam</span> <span class='ocrx_word' id='word_1_16' title='bbox 1033 959 1200 1042; x_wconf 89' lang='lat' dir='ltr'>habentes,</span> <span class='ocrx_word' id='word_1_17' title='bbox 1219 959 1389 1024; x_wconf 91' lang='lat' dir='ltr'>ecclesiam</span> <span class='ocrx_word' id='word_1_18' title='bbox 1410 961 1513 1046; x_wconf 83' lang='lat' dir='ltr'>ipsam</span> <span class='ocrx_word' id='word_1_19' title='bbox 1537 982 1609 1024; x_wconf 91' lang='lat' dir='ltr'>cum</span> <span class='ocrx_word' id='word_1_20' title='bbox 1633 960 1829 1047; x_wconf 88' lang='lat' dir='ltr'>predictibus</span> <span class='ocrx_word' id='word_1_21' title='bbox 1850 961 1978 1046; x_wconf 88' lang='lat' dir='ltr'>juribus</span> <span class='ocrx_word' id='word_1_22' title='bbox 2002 969 2035 1025; x_wconf 91' lang='lat' dir='ltr'>et</span> <span class='ocrx_word' id='word_1_23' title='bbox 2058 961 2260 1048; x_wconf 80' lang='lat' dir='ltr'>pertinentiis</span> <span class='ocrx_word' id='word_1_24' title='bbox 2284 962 2385 1042; x_wconf 75' lang='lat' dir='ltr'>rabis,</span> <span class='ocrx_word' id='word_1_25' title='bbox 2403 969 2434 1025; x_wconf 87' lang='lat' dir='ltr'>et</span> <span class='ocrx_word' id='word_1_26' title='bbox 2458 984 2512 1048; x_wconf 91' lang='lat' dir='ltr'>per</span> 
     </span>
     <span class='ocr_line' id='line_1_4' title="bbox 700 1067 2509 1154; baseline 0.001 -23"><span class='ocrx_word' id='word_1_27' title='bbox 700 1091 755 1132; x_wconf 76' lang='lat' dir='ltr'>vos</span> <span class='ocrx_word' id='word_1_28' title='bbox 779 1069 863 1133; x_wconf 86' lang='lat' dir='ltr'>dicte</span> <span class='ocrx_word' id='word_1_29' title='bbox 888 1067 985 1154; x_wconf 91' lang='lat' dir='ltr'>plebi,</span> <span class='ocrx_word' id='word_1_30' title='bbox 1007 1067 1198 1131; x_wconf 88' lang='lat' dir='ltr'>auctoritate</span> <span class='ocrx_word' id='word_1_31' title='bbox 1222 1067 1399 1153; x_wconf 90' lang='lat' dir='ltr'>apostolica</span> <span class='ocrx_word' id='word_1_32' title='bbox 1424 1067 1659 1150; x_wconf 87' lang='lat' dir='ltr'>confirmamus,</span> <span class='ocrx_word' id='word_1_33' title='bbox 1684 1075 1717 1131; x_wconf 88' lang='lat' dir='ltr'>et</span> <span class='ocrx_word' id='word_1_34' title='bbox 1739 1069 1897 1154; x_wconf 90' lang='lat' dir='ltr'>presentis</span> <span class='ocrx_word' id='word_1_35' title='bbox 1929 1068 2039 1154; x_wconf 90' lang='lat' dir='ltr'>scripti</span> <span class='ocrx_word' id='word_1_36' title='bbox 2069 1069 2248 1154; x_wconf 89' lang='lat' dir='ltr'>patrocinio</span> <span class='ocrx_word' id='word_1_37' title='bbox 2273 1070 2509 1132; x_wconf 86' lang='lat' dir='ltr'>communimus.</span> 
     </span>
     <span class='ocr_line' id='line_1_5' title="bbox 698 1174 2510 1262; baseline 0 -22"><span class='ocrx_word' id='word_1_38' title='bbox 698 1177 807 1240; x_wconf 89' lang='lat' dir='ltr'>Tenor</span> <span class='ocrx_word' id='word_1_39' title='bbox 830 1185 938 1240; x_wconf 90' lang='lat' dir='ltr'>autem</span> <span class='ocrx_word' id='word_1_40' title='bbox 963 1175 1063 1261; x_wconf 89' lang='lat' dir='ltr'>ipsius</span> <span class='ocrx_word' id='word_1_41' title='bbox 1087 1174 1291 1239; x_wconf 86' lang='lat' dir='ltr'>instrumenti</span> <span class='ocrx_word' id='word_1_42' title='bbox 1315 1175 1374 1238; x_wconf 90' lang='lat' dir='ltr'>tali</span> <span class='ocrx_word' id='word_1_43' title='bbox 1397 1182 1463 1238; x_wconf 89' lang='lat' dir='ltr'>est:</span> <span class='ocrx_word' id='word_1_44' title='bbox 1494 1201 1507 1230; x_wconf 85' lang='lat'>‹</span> <span class='ocrx_word' id='word_1_45' title='bbox 1533 1175 1571 1238; x_wconf 93' lang='lat' dir='ltr'>ln</span> <span class='ocrx_word' id='word_1_46' title='bbox 1602 1176 1729 1239; x_wconf 90' lang='lat' dir='ltr'>nomine</span> <span class='ocrx_word' id='word_1_47' title='bbox 1753 1175 1862 1239; x_wconf 91' lang='lat' dir='ltr'>Patris</span> <span class='ocrx_word' id='word_1_48' title='bbox 1886 1183 1918 1239; x_wconf 89' lang='lat' dir='ltr'>et</span> <span class='ocrx_word' id='word_1_49' title='bbox 1941 1175 2016 1239; x_wconf 87' lang='lat' dir='ltr'>Filii</span> <span class='ocrx_word' id='word_1_50' title='bbox 2040 1184 2071 1240; x_wconf 88' lang='lat' dir='ltr'>ct</span> <span class='ocrx_word' id='word_1_51' title='bbox 2097 1175 2235 1262; x_wconf 83' lang='lat' dir='ltr'>Spiritus</span> <span class='ocrx_word' id='word_1_52' title='bbox 2260 1175 2387 1258; x_wconf 80' lang='lat' dir='ltr'>Sancti,</span> <span class='ocrx_word' id='word_1_53' title='bbox 2411 1198 2510 1240; x_wconf 91' lang='lat' dir='ltr'>amen.</span> 
     </span>
     <span class='ocr_line' id='line_1_6' title="bbox 699 1281 2511 1368; baseline 0 -20"><span class='ocrx_word' id='word_1_54' title='bbox 699 1285 793 1348; x_wconf 77' lang='lat' dir='ltr'>Anna</span> <span class='ocrx_word' id='word_1_55' title='bbox 817 1283 947 1347; x_wconf 90' lang='lat' dir='ltr'>Domini</span> <span class='ocrx_word' id='word_1_56' title='bbox 973 1282 1143 1346; x_wconf 87' lang='lat' dir='ltr'>millesima</span> <span class='ocrx_word' id='word_1_57' title='bbox 1168 1281 1387 1346; x_wconf 86' lang='lat' dir='ltr'>ducentesimo</span> <span class='ocrx_word' id='word_1_58' title='bbox 1412 1281 1690 1367; x_wconf 87' lang='lat' dir='ltr'>quinquagesimo,</span> <span class='ocrx_word' id='word_1_59' title='bbox 1708 1281 1759 1346; x_wconf 92' lang='lat' dir='ltr'>die</span> <span class='ocrx_word' id='word_1_60' title='bbox 1783 1283 2002 1347; x_wconf 81' lang='lat' dir='ltr'>decimotertio</span> <span class='ocrx_word' id='word_1_61' title='bbox 2028 1284 2167 1347; x_wconf 83' lang='lat' dir='ltr'>intrante</span> <span class='ocrx_word' id='word_1_62' title='bbox 2187 1283 2327 1368; x_wconf 82' lang='lat' dir='ltr'>augusti,</span> <span class='ocrx_word' id='word_1_63' title='bbox 2344 1283 2511 1348; x_wconf 87' lang='lat' dir='ltr'>indictione</span> 
     </span>
     <span class='ocr_line' id='line_1_7' title="bbox 696 1389 2511 1478; baseline 0 -24"><span class='ocrx_word' id='word_1_64' title='bbox 696 1399 823 1472; x_wconf 83' lang='lat' dir='ltr'>octava,</span> <span class='ocrx_word' id='word_1_65' title='bbox 840 1398 985 1476; x_wconf 86' lang='lat' dir='ltr'>tempore</span> <span class='ocrx_word' id='word_1_66' title='bbox 1009 1389 1130 1452; x_wconf 90' lang='lat' dir='ltr'>domini</span> <span class='ocrx_word' id='word_1_67' title='bbox 1153 1389 1335 1453; x_wconf 81' lang='lat' dir='ltr'>iunocentii</span> <span class='ocrx_word' id='word_1_68' title='bbox 1358 1411 1441 1476; x_wconf 87' lang='lat' dir='ltr'>pape</span> <span class='ocrx_word' id='word_1_69' title='bbox 1467 1389 1583 1475; x_wconf 88' lang='lat' dir='ltr'>quarti,</span> <span class='ocrx_word' id='word_1_70' title='bbox 1600 1389 1747 1454; x_wconf 88' lang='lat' dir='ltr'>Bononie</span> <span class='ocrx_word' id='word_1_71' title='bbox 1771 1391 1802 1454; x_wconf 91' lang='lat' dir='ltr'>in</span> <span class='ocrx_word' id='word_1_72' title='bbox 1826 1390 1949 1476; x_wconf 87' lang='lat' dir='ltr'>palatio</span> <span class='ocrx_word' id='word_1_73' title='bbox 1973 1390 2187 1476; x_wconf 83' lang='lat' dir='ltr'>Episcopatus</span> <span class='ocrx_word' id='word_1_74' title='bbox 2211 1390 2426 1472; x_wconf 88' lang='lat' dir='ltr'>bononiensis,</span> <span class='ocrx_word' id='word_1_75' title='bbox 2446 1413 2511 1478; x_wconf 91' lang='lat' dir='ltr'>pre-</span> 
     </span>
     <span class='ocr_line' id='line_1_8' title="bbox 695 1496 2510 1584; baseline 0.001 -24"><span class='ocrx_word' id='word_1_76' title='bbox 695 1499 839 1562; x_wconf 88' lang='lat' dir='ltr'>sentibus</span> <span class='ocrx_word' id='word_1_77' title='bbox 864 1507 896 1561; x_wconf 91' lang='lat' dir='ltr'>et</span> <span class='ocrx_word' id='word_1_78' title='bbox 919 1498 1042 1584; x_wconf 84' lang='lat' dir='ltr'>rogatis</span> <span class='ocrx_word' id='word_1_79' title='bbox 1066 1496 1202 1561; x_wconf 90' lang='lat' dir='ltr'>testibus</span> <span class='ocrx_word' id='word_1_80' title='bbox 1226 1496 1326 1560; x_wconf 86' lang='lat' dir='ltr'>fratrc</span> <span class='ocrx_word' id='word_1_81' title='bbox 1350 1497 1564 1582; x_wconf 83' lang='lat' dir='ltr'>Benvegnuta</span> <span class='ocrx_word' id='word_1_82' title='bbox 1589 1498 1692 1560; x_wconf 91' lang='lat' dir='ltr'>sancti</span> <span class='ocrx_word' id='word_1_83' title='bbox 1720 1497 1888 1562; x_wconf 79' lang='lat' dir='ltr'>Michaelis</span> <span class='ocrx_word' id='word_1_84' title='bbox 1920 1498 1960 1560; x_wconf 92' lang='lat' dir='ltr'>de</span> <span class='ocrx_word' id='word_1_85' title='bbox 1991 1498 2113 1580; x_wconf 90' lang='lat' dir='ltr'>Basca,</span> <span class='ocrx_word' id='word_1_86' title='bbox 2138 1497 2236 1561; x_wconf 80' lang='lat' dir='ltr'>fratre</span> <span class='ocrx_word' id='word_1_87' title='bbox 2268 1497 2444 1562; x_wconf 86' lang='lat' dir='ltr'>Prudentia</span> <span class='ocrx_word' id='word_1_88' title='bbox 2475 1499 2510 1562; x_wconf 92' lang='lat' dir='ltr'>de</span> 
     </span>
     <span class='ocr_line' id='line_1_9' title="bbox 697 1603 2510 1690; baseline -0.001 -20"><span class='ocrx_word' id='word_1_89' title='bbox 697 1606 817 1670; x_wconf 88' lang='lat' dir='ltr'>Ordine</span> <span class='ocrx_word' id='word_1_90' title='bbox 841 1606 1104 1686; x_wconf 90' lang='lat' dir='ltr'>Predicatorum,</span> <span class='ocrx_word' id='word_1_91' title='bbox 1130 1603 1267 1667; x_wconf 90' lang='lat' dir='ltr'>dominis</span> <span class='ocrx_word' id='word_1_92' title='bbox 1291 1603 1466 1668; x_wconf 85' lang='lat' dir='ltr'>Thamasio</span> <span class='ocrx_word' id='word_1_93' title='bbox 1491 1604 1652 1690; x_wconf 83' lang='lat' dir='ltr'>quandam</span> <span class='ocrx_word' id='word_1_94' title='bbox 1684 1605 1846 1668; x_wconf 80' lang='lat' dir='ltr'>Albertini</span> <span class='ocrx_word' id='word_1_95' title='bbox 1877 1605 1992 1690; x_wconf 68' lang='lat' dir='ltr'>Ifgetti</span> <span class='ocrx_word' id='word_1_96' title='bbox 2023 1605 2131 1690; x_wconf 87' lang='lat' dir='ltr'>legum</span> <span class='ocrx_word' id='word_1_97' title='bbox 2163 1604 2310 1688; x_wconf 89' lang='lat' dir='ltr'>doctore,</span> <span class='ocrx_word' id='word_1_98' title='bbox 2334 1605 2510 1670; x_wconf 89' lang='lat' dir='ltr'>Guinizello</span> 
     </span>
     <span class='ocr_line' id='line_1_10' title="bbox 694 1711 2509 1799; baseline 0.001 -23"><span class='ocrx_word' id='word_1_99' title='bbox 694 1713 815 1778; x_wconf 93' lang='lat' dir='ltr'>domini</span> <span class='ocrx_word' id='word_1_100' title='bbox 847 1713 1003 1799; x_wconf 79' lang='lat' dir='ltr'>Magnani</span> <span class='ocrx_word' id='word_1_101' title='bbox 1024 1713 1151 1798; x_wconf 91' lang='lat' dir='ltr'>judice,</span> <span class='ocrx_word' id='word_1_102' title='bbox 1176 1712 1300 1776; x_wconf 86' lang='lat' dir='ltr'>Jacobo</span> <span class='ocrx_word' id='word_1_103' title='bbox 1332 1711 1464 1776; x_wconf 75' lang='lat' dir='ltr'>llartini</span> <span class='ocrx_word' id='word_1_104' title='bbox 1496 1713 1654 1796; x_wconf 87' lang='lat' dir='ltr'>boccarii,</span> <span class='ocrx_word' id='word_1_105' title='bbox 1679 1713 1859 1777; x_wconf 81' lang='lat' dir='ltr'>Arimundo</span> <span class='ocrx_word' id='word_1_106' title='bbox 1891 1712 2010 1777; x_wconf 92' lang='lat' dir='ltr'>damini</span> <span class='ocrx_word' id='word_1_107' title='bbox 2043 1713 2168 1777; x_wconf 84' lang='lat' dir='ltr'>Albrici</span> <span class='ocrx_word' id='word_1_108' title='bbox 2192 1713 2231 1776; x_wconf 91' lang='lat' dir='ltr'>de</span> <span class='ocrx_word' id='word_1_109' title='bbox 2256 1713 2374 1778; x_wconf 88' lang='lat' dir='ltr'>Sancto</span> <span class='ocrx_word' id='word_1_110' title='bbox 2405 1713 2509 1794; x_wconf 91' lang='lat' dir='ltr'>Petro,</span> 
     </span>
     <span class='ocr_line' id='line_1_11' title="bbox 697 1819 2509 1907; baseline -0.001 -23"><span class='ocrx_word' id='word_1_111' title='bbox 697 1821 872 1907; x_wconf 87' lang='lat' dir='ltr'>Scapulino</span> <span class='ocrx_word' id='word_1_112' title='bbox 896 1820 1057 1906; x_wconf 89' lang='lat' dir='ltr'>quondam</span> <span class='ocrx_word' id='word_1_113' title='bbox 1082 1819 1202 1883; x_wconf 92' lang='lat' dir='ltr'>domini</span> <span class='ocrx_word' id='word_1_114' title='bbox 1225 1819 1427 1884; x_wconf 90' lang='lat' dir='ltr'>Lambertiui</span> <span class='ocrx_word' id='word_1_115' title='bbox 1452 1820 1589 1906; x_wconf 89' lang='lat' dir='ltr'>Scappe,</span> <span class='ocrx_word' id='word_1_116' title='bbox 1611 1820 1770 1884; x_wconf 86' lang='lat' dir='ltr'>Jacobiuo</span> <span class='ocrx_word' id='word_1_117' title='bbox 1787 1821 1949 1906; x_wconf 92' lang='lat' dir='ltr'>quandam</span> <span class='ocrx_word' id='word_1_118' title='bbox 1965 1820 2188 1897; x_wconf 86' lang='lat' dir='ltr'>Bonincuntri,</span> <span class='ocrx_word' id='word_1_119' title='bbox 2205 1821 2336 1885; x_wconf 82' lang='lat' dir='ltr'>Matheo</span> <span class='ocrx_word' id='word_1_120' title='bbox 2354 1821 2509 1906; x_wconf 88' lang='lat' dir='ltr'>quondam</span> 
     </span>
     <span class='ocr_line' id='line_1_12' title="bbox 696 1926 2510 2013; baseline -0.001 -21"><span class='ocrx_word' id='word_1_121' title='bbox 696 1928 825 1992; x_wconf 76' lang='lat' dir='ltr'>Alberti</span> <span class='ocrx_word' id='word_1_122' title='bbox 848 1928 888 1992; x_wconf 85' lang='lat' dir='ltr'>dc</span> <span class='ocrx_word' id='word_1_123' title='bbox 911 1927 1018 1992; x_wconf 87' lang='lat' dir='ltr'>Libris</span> <span class='ocrx_word' id='word_1_124' title='bbox 1043 1928 1178 2008; x_wconf 89' lang='lat' dir='ltr'>notario,</span> <span class='ocrx_word' id='word_1_125' title='bbox 1196 1933 1227 1990; x_wconf 93' lang='lat' dir='ltr'>et</span> <span class='ocrx_word' id='word_1_126' title='bbox 1252 1927 1324 1990; x_wconf 92' lang='lat' dir='ltr'>aliis</span> <span class='ocrx_word' id='word_1_127' title='bbox 1346 1927 1503 2013; x_wconf 90' lang='lat' dir='ltr'>pluribus.</span> <span class='ocrx_word' id='word_1_128' title='bbox 1522 1926 1602 1991; x_wconf 89' lang='lat' dir='ltr'>Cum</span> <span class='ocrx_word' id='word_1_129' title='bbox 1627 1927 1743 1991; x_wconf 91' lang='lat' dir='ltr'>nobilis</span> <span class='ocrx_word' id='word_1_130' title='bbox 1766 1927 1816 1990; x_wconf 79' lang='lat' dir='ltr'>sir</span> <span class='ocrx_word' id='word_1_131' title='bbox 1840 1927 1988 1991; x_wconf 92' lang='lat' dir='ltr'>daminus</span> <span class='ocrx_word' id='word_1_132' title='bbox 2007 1927 2167 1992; x_wconf 89' lang='lat' dir='ltr'>Rizardus</span> <span class='ocrx_word' id='word_1_133' title='bbox 2184 1928 2223 1991; x_wconf 85' lang='lat' dir='ltr'>do</span> <span class='ocrx_word' id='word_1_134' title='bbox 2239 1927 2338 2010; x_wconf 71' lang='lat' dir='ltr'>Villa,</span> <span class='ocrx_word' id='word_1_135' title='bbox 2355 1927 2510 2010; x_wconf 87' lang='lat' dir='ltr'>Potestas,</span> 
     </span>
     <span class='ocr_line' id='line_1_13' title="bbox 694 2034 2511 2120; baseline 0 -22"><span class='ocrx_word' id='word_1_136' title='bbox 694 2044 725 2098; x_wconf 91' lang='lat' dir='ltr'>et</span> <span class='ocrx_word' id='word_1_137' title='bbox 751 2035 926 2100; x_wconf 86' lang='lat' dir='ltr'>Commune</span> <span class='ocrx_word' id='word_1_138' title='bbox 951 2035 1148 2099; x_wconf 86' lang='lat' dir='ltr'>bononiense</span> <span class='ocrx_word' id='word_1_139' title='bbox 1173 2035 1340 2098; x_wconf 86' lang='lat' dir='ltr'>occasione</span> <span class='ocrx_word' id='word_1_140' title='bbox 1365 2034 1535 2119; x_wconf 88' lang='lat' dir='ltr'>cujusdam</span> <span class='ocrx_word' id='word_1_141' title='bbox 1560 2035 1671 2098; x_wconf 88' lang='lat' dir='ltr'>statuti</span> <span class='ocrx_word' id='word_1_142' title='bbox 1697 2035 1795 2120; x_wconf 88' lang='lat' dir='ltr'>ipsius</span> <span class='ocrx_word' id='word_1_143' title='bbox 1820 2034 2006 2098; x_wconf 90' lang='lat' dir='ltr'>Communis</span> <span class='ocrx_word' id='word_1_144' title='bbox 2024 2035 2112 2118; x_wconf 84' lang='lat' dir='ltr'>lacti,</span> <span class='ocrx_word' id='word_1_145' title='bbox 2129 2034 2299 2099; x_wconf 90' lang='lat' dir='ltr'>ecclesiam</span> <span class='ocrx_word' id='word_1_146' title='bbox 2323 2037 2424 2099; x_wconf 88' lang='lat' dir='ltr'>saneti</span> <span class='ocrx_word' id='word_1_147' title='bbox 2447 2035 2511 2120; x_wconf 80' lang='lat' dir='ltr'>Ap·</span> 
     </span>
     <span class='ocr_line' id='line_1_14' title="bbox 694 2140 2513 2228; baseline 0.001 -23"><span class='ocrx_word' id='word_1_148' title='bbox 694 2142 861 2228; x_wconf 90' lang='lat' dir='ltr'>pollinaris</span> <span class='ocrx_word' id='word_1_149' title='bbox 886 2150 917 2205; x_wconf 89' lang='lat' dir='ltr'>et</span> <span class='ocrx_word' id='word_1_150' title='bbox 941 2142 1052 2204; x_wconf 90' lang='lat' dir='ltr'>domos</span> <span class='ocrx_word' id='word_1_151' title='bbox 1077 2142 1177 2228; x_wconf 91' lang='lat' dir='ltr'>ipsius</span> <span class='ocrx_word' id='word_1_152' title='bbox 1201 2140 1336 2204; x_wconf 90' lang='lat' dir='ltr'>ecclesie</span> <span class='ocrx_word' id='word_1_153' title='bbox 1361 2143 1482 2226; x_wconf 91' lang='lat' dir='ltr'>positas</span> <span class='ocrx_word' id='word_1_154' title='bbox 1497 2143 1592 2226; x_wconf 87' lang='lat' dir='ltr'>juxta</span> <span class='ocrx_word' id='word_1_155' title='bbox 1617 2141 1773 2228; x_wconf 90' lang='lat' dir='ltr'>palatium</span> <span class='ocrx_word' id='word_1_156' title='bbox 1791 2141 1976 2206; x_wconf 87' lang='lat' dir='ltr'>Communis</span> <span class='ocrx_word' id='word_1_157' title='bbox 1992 2143 2199 2206; x_wconf 91' lang='lat' dir='ltr'>bononiensis</span> <span class='ocrx_word' id='word_1_158' title='bbox 2215 2143 2411 2228; x_wconf 84' lang='lat' dir='ltr'>pertinentes</span> <span class='ocrx_word' id='word_1_159' title='bbox 2429 2142 2513 2206; x_wconf 91' lang='lat' dir='ltr'>nullo</span> 
     </span>
     <span class='ocr_line' id='line_1_15' title="bbox 695 2248 2513 2335; baseline 0 -23"><span class='ocrx_word' id='word_1_160' title='bbox 695 2249 800 2313; x_wconf 91' lang='lat' dir='ltr'>medio</span> <span class='ocrx_word' id='word_1_161' title='bbox 825 2248 867 2313; x_wconf 90' lang='lat' dir='ltr'>ad</span> <span class='ocrx_word' id='word_1_162' title='bbox 892 2249 1018 2335; x_wconf 91' lang='lat' dir='ltr'>plebem</span> <span class='ocrx_word' id='word_1_163' title='bbox 1043 2260 1153 2312; x_wconf 86' lang='lat' dir='ltr'>sancte</span> <span class='ocrx_word' id='word_1_164' title='bbox 1178 2249 1281 2312; x_wconf 80' lang='lat' dir='ltr'>llaric</span> <span class='ocrx_word' id='word_1_165' title='bbox 1305 2249 1345 2310; x_wconf 88' lang='lat' dir='ltr'>de</span> <span class='ocrx_word' id='word_1_166' title='bbox 1370 2248 1589 2330; x_wconf 82' lang='lat' dir='ltr'>llantebellio,</span> <span class='ocrx_word' id='word_1_167' title='bbox 1608 2249 1813 2312; x_wconf 85' lang='lat' dir='ltr'>bononiensis</span> <span class='ocrx_word' id='word_1_168' title='bbox 1837 2249 1982 2332; x_wconf 90' lang='lat' dir='ltr'>diecesis,</span> <span class='ocrx_word' id='word_1_169' title='bbox 2000 2249 2167 2313; x_wconf 91' lang='lat' dir='ltr'>diruerunt</span> <span class='ocrx_word' id='word_1_170' title='bbox 2184 2249 2336 2332; x_wconf 91' lang='lat' dir='ltr'>totaliter,</span> <span class='ocrx_word' id='word_1_171' title='bbox 2353 2257 2385 2312; x_wconf 90' lang='lat' dir='ltr'>et</span> <span class='ocrx_word' id='word_1_172' title='bbox 2401 2249 2513 2313; x_wconf 88' lang='lat' dir='ltr'>distru-</span> 
     </span>
     <span class='ocr_line' id='line_1_16' title="bbox 695 2356 2513 2443; baseline 0 -24"><span class='ocrx_word' id='word_1_173' title='bbox 695 2363 815 2420; x_wconf 81' lang='lat' dir='ltr'>xerunt</span> <span class='ocrx_word' id='word_1_174' title='bbox 838 2357 907 2420; x_wconf 87' lang='lat' dir='ltr'>sine</span> <span class='ocrx_word' id='word_1_175' title='bbox 931 2379 1088 2421; x_wconf 90' lang='lat' dir='ltr'>consensu</span> <span class='ocrx_word' id='word_1_176' title='bbox 1113 2362 1144 2420; x_wconf 93' lang='lat' dir='ltr'>et</span> <span class='ocrx_word' id='word_1_177' title='bbox 1169 2356 1360 2419; x_wconf 90' lang='lat' dir='ltr'>auctoritate</span> <span class='ocrx_word' id='word_1_178' title='bbox 1385 2356 1578 2420; x_wconf 82' lang='lat' dir='ltr'>uenerabilis</span> <span class='ocrx_word' id='word_1_179' title='bbox 1603 2356 1703 2442; x_wconf 88' lang='lat' dir='ltr'>patris</span> <span class='ocrx_word' id='word_1_180' title='bbox 1728 2356 1849 2420; x_wconf 92' lang='lat' dir='ltr'>domini</span> <span class='ocrx_word' id='word_1_181' title='bbox 1871 2356 1980 2420; x_wconf 81' lang='lat' dir='ltr'>fratris</span> <span class='ocrx_word' id='word_1_182' title='bbox 1996 2357 2113 2420; x_wconf 88' lang='lat' dir='ltr'>Jacobi</span> <span class='ocrx_word' id='word_1_183' title='bbox 2135 2357 2341 2421; x_wconf 90' lang='lat' dir='ltr'>bononiensis</span> <span class='ocrx_word' id='word_1_184' title='bbox 2365 2357 2513 2443; x_wconf 84' lang='lat' dir='ltr'>episcopi,</span> 
     </span>
     <span class='ocr_line' id='line_1_17' title="bbox 695 2462 2512 2550; baseline 0.001 -24"><span class='ocrx_word' id='word_1_185' title='bbox 695 2472 726 2527; x_wconf 91' lang='lat' dir='ltr'>et</span> <span class='ocrx_word' id='word_1_186' title='bbox 752 2464 852 2550; x_wconf 84' lang='lat' dir='ltr'>ipsius</span> <span class='ocrx_word' id='word_1_187' title='bbox 877 2463 1028 2549; x_wconf 87' lang='lat' dir='ltr'>Capituli,</span> <span class='ocrx_word' id='word_1_188' title='bbox 1055 2463 1116 2549; x_wconf 90' lang='lat' dir='ltr'>ipsi</span> <span class='ocrx_word' id='word_1_189' title='bbox 1139 2463 1270 2526; x_wconf 90' lang='lat' dir='ltr'>tandem</span> <span class='ocrx_word' id='word_1_190' title='bbox 1292 2462 1442 2527; x_wconf 89' lang='lat' dir='ltr'>Potestas</span> <span class='ocrx_word' id='word_1_191' title='bbox 1466 2474 1497 2526; x_wconf 91' lang='lat' dir='ltr'>et</span> <span class='ocrx_word' id='word_1_192' title='bbox 1522 2462 1698 2527; x_wconf 84' lang='lat' dir='ltr'>Commune</span> <span class='ocrx_word' id='word_1_193' title='bbox 1722 2463 1930 2544; x_wconf 91' lang='lat' dir='ltr'>bononiense,</span> <span class='ocrx_word' id='word_1_194' title='bbox 1955 2464 2099 2528; x_wconf 76' lang='lat' dir='ltr'>solentes</span> <span class='ocrx_word' id='word_1_195' title='bbox 2124 2463 2310 2527; x_wconf 84' lang='lat' dir='ltr'>satisfacere</span> <span class='ocrx_word' id='word_1_196' title='bbox 2330 2464 2413 2527; x_wconf 90' lang='lat' dir='ltr'>dicte</span> <span class='ocrx_word' id='word_1_197' title='bbox 2430 2464 2512 2550; x_wconf 86' lang='lat' dir='ltr'>plebi</span> 
     </span>
     <span class='ocr_line' id='line_1_18' title="bbox 697 2569 2512 2657; baseline -0.001 -23"><span class='ocrx_word' id='word_1_198' title='bbox 697 2578 728 2634; x_wconf 88' lang='lat' dir='ltr'>et</span> <span class='ocrx_word' id='word_1_199' title='bbox 752 2571 1023 2657; x_wconf 88' lang='lat' dir='ltr'>archipresbitero</span> <span class='ocrx_word' id='word_1_200' title='bbox 1050 2581 1081 2634; x_wconf 94' lang='lat' dir='ltr'>et</span> <span class='ocrx_word' id='word_1_201' title='bbox 1107 2569 1257 2656; x_wconf 87' lang='lat' dir='ltr'>Capitulo</span> <span class='ocrx_word' id='word_1_202' title='bbox 1289 2569 1373 2633; x_wconf 89' lang='lat' dir='ltr'>dicte</span> <span class='ocrx_word' id='word_1_203' title='bbox 1402 2570 1522 2656; x_wconf 89' lang='lat' dir='ltr'>plebis,</span> <span class='ocrx_word' id='word_1_204' title='bbox 1548 2577 1579 2634; x_wconf 88' lang='lat' dir='ltr'>et</span> <span class='ocrx_word' id='word_1_205' title='bbox 1603 2592 1657 2634; x_wconf 92' lang='lat' dir='ltr'>eos</span> <span class='ocrx_word' id='word_1_206' title='bbox 1681 2593 1872 2634; x_wconf 77' lang='lat' dir='ltr'>cornertare</span> <span class='ocrx_word' id='word_1_207' title='bbox 1909 2571 2073 2634; x_wconf 89' lang='lat' dir='ltr'>indenmes</span> <span class='ocrx_word' id='word_1_208' title='bbox 2098 2578 2163 2634; x_wconf 91' lang='lat' dir='ltr'>tam</span> <span class='ocrx_word' id='word_1_209' title='bbox 2187 2570 2227 2634; x_wconf 89' lang='lat' dir='ltr'>de</span> <span class='ocrx_word' id='word_1_210' title='bbox 2252 2571 2336 2634; x_wconf 92' lang='lat' dir='ltr'>dicta</span> <span class='ocrx_word' id='word_1_211' title='bbox 2361 2570 2512 2650; x_wconf 90' lang='lat' dir='ltr'>ecclesia,</span> 
     </span>
     <span class='ocr_line' id='line_1_19' title="bbox 697 2677 2513 2766; baseline -0.001 -23"><span class='ocrx_word' id='word_1_212' title='bbox 697 2688 825 2743; x_wconf 90' lang='lat' dir='ltr'>terreno</span> <span class='ocrx_word' id='word_1_213' title='bbox 849 2687 881 2742; x_wconf 93' lang='lat' dir='ltr'>et</span> <span class='ocrx_word' id='word_1_214' title='bbox 905 2678 1052 2742; x_wconf 93' lang='lat' dir='ltr'>domibus</span> <span class='ocrx_word' id='word_1_215' title='bbox 1076 2679 1176 2764; x_wconf 92' lang='lat' dir='ltr'>ipsius</span> <span class='ocrx_word' id='word_1_216' title='bbox 1200 2685 1231 2741; x_wconf 90' lang='lat' dir='ltr'>et</span> <span class='ocrx_word' id='word_1_217' title='bbox 1256 2677 1294 2740; x_wconf 88' lang='lat' dir='ltr'>dc</span> <span class='ocrx_word' id='word_1_218' title='bbox 1319 2677 1534 2762; x_wconf 67' lang='lat' dir='ltr'>damnisque</span> <span class='ocrx_word' id='word_1_219' title='bbox 1558 2678 1633 2742; x_wconf 88' lang='lat' dir='ltr'>dicti</span> <span class='ocrx_word' id='word_1_220' title='bbox 1658 2679 1908 2764; x_wconf 89' lang='lat' dir='ltr'>archipresbiter</span> <span class='ocrx_word' id='word_1_221' title='bbox 1924 2687 1955 2742; x_wconf 91' lang='lat' dir='ltr'>ct</span> <span class='ocrx_word' id='word_1_222' title='bbox 1972 2678 2156 2765; x_wconf 92' lang='lat' dir='ltr'>Capitulum</span> <span class='ocrx_word' id='word_1_223' title='bbox 2178 2679 2282 2766; x_wconf 90' lang='lat' dir='ltr'>plebis</span> <span class='ocrx_word' id='word_1_224' title='bbox 2306 2677 2513 2742; x_wconf 78' lang='lat' dir='ltr'>Montisbellii</span> 
     </span>
     <span class='ocr_line' id='line_1_20' title="bbox 699 2785 2514 2872; baseline 0.001 -24"><span class='ocrx_word' id='word_1_225' title='bbox 699 2795 830 2872; x_wconf 90' lang='lat' dir='ltr'>propter</span> <span class='ocrx_word' id='word_1_226' title='bbox 854 2787 914 2849; x_wconf 93' lang='lat' dir='ltr'>hoc</span> <span class='ocrx_word' id='word_1_227' title='bbox 939 2787 1152 2867; x_wconf 90' lang='lat' dir='ltr'>incurrerunt,</span> <span class='ocrx_word' id='word_1_228' title='bbox 1175 2786 1438 2872; x_wconf 75' lang='lat' dir='ltr'>supplicauerunt</span> <span class='ocrx_word' id='word_1_229' title='bbox 1461 2785 1626 2849; x_wconf 91' lang='lat' dir='ltr'>humiliter</span> <span class='ocrx_word' id='word_1_230' title='bbox 1649 2795 1680 2849; x_wconf 92' lang='lat' dir='ltr'>et</span> <span class='ocrx_word' id='word_1_231' title='bbox 1705 2786 1819 2849; x_wconf 74' lang='lat' dir='ltr'>devote</span> <span class='ocrx_word' id='word_1_232' title='bbox 1843 2785 2021 2850; x_wconf 76' lang='lat' dir='ltr'>venerabili</span> <span class='ocrx_word' id='word_1_233' title='bbox 2037 2787 2120 2872; x_wconf 91' lang='lat' dir='ltr'>patri</span> <span class='ocrx_word' id='word_1_234' title='bbox 2138 2786 2267 2850; x_wconf 83' lang='lat' dir='ltr'>dontino</span> <span class='ocrx_word' id='word_1_235' title='bbox 2284 2785 2376 2850; x_wconf 83' lang='lat' dir='ltr'>fratri</span> <span class='ocrx_word' id='word_1_236' title='bbox 2393 2786 2514 2850; x_wconf 88' lang='lat' dir='ltr'>Jacobo</span> 
     </span>
     <span class='ocr_line' id='line_1_21' title="bbox 697 2892 2515 2979; baseline -0.001 -22"><span class='ocrx_word' id='word_1_237' title='bbox 697 2895 847 2979; x_wconf 90' lang='lat' dir='ltr'>episcopo</span> <span class='ocrx_word' id='word_1_238' title='bbox 865 2901 897 2957; x_wconf 88' lang='lat' dir='ltr'>et</span> <span class='ocrx_word' id='word_1_239' title='bbox 914 2892 1063 2979; x_wconf 88' lang='lat' dir='ltr'>Capitulo</span> <span class='ocrx_word' id='word_1_240' title='bbox 1086 2893 1288 2976; x_wconf 90' lang='lat' dir='ltr'>bononiensi,</span> <span class='ocrx_word' id='word_1_241' title='bbox 1305 2901 1463 2978; x_wconf 90' lang='lat' dir='ltr'>quatenus</span> <span class='ocrx_word' id='word_1_242' title='bbox 1480 2893 1648 2956; x_wconf 89' lang='lat' dir='ltr'>ecclesiam</span> <span class='ocrx_word' id='word_1_243' title='bbox 1666 2895 1768 2957; x_wconf 90' lang='lat' dir='ltr'>sancti</span> <span class='ocrx_word' id='word_1_244' title='bbox 1785 2892 1948 2956; x_wconf 78' lang='lat' dir='ltr'>Arnbrosii</span> <span class='ocrx_word' id='word_1_245' title='bbox 1969 2893 2185 2974; x_wconf 91' lang='lat' dir='ltr'>bononiensis,</span> <span class='ocrx_word' id='word_1_246' title='bbox 2202 2899 2381 2975; x_wconf 72' lang='lat' dir='ltr'>vacantem,</span> <span class='ocrx_word' id='word_1_247' title='bbox 2400 2893 2432 2956; x_wconf 90' lang='lat' dir='ltr'>in</span> <span class='ocrx_word' id='word_1_248' title='bbox 2455 2915 2515 2978; x_wconf 88' lang='lat' dir='ltr'>qua</span> 
     </span>
     <span class='ocr_line' id='line_1_22' title="bbox 696 3000 2512 3086; baseline -0.001 -22"><span class='ocrx_word' id='word_1_249' title='bbox 696 3001 816 3065; x_wconf 90' lang='lat' dir='ltr'>dictum</span> <span class='ocrx_word' id='word_1_250' title='bbox 842 3001 1018 3065; x_wconf 90' lang='lat' dir='ltr'>Commune</span> <span class='ocrx_word' id='word_1_251' title='bbox 1043 3000 1119 3063; x_wconf 92' lang='lat' dir='ltr'>dicit</span> <span class='ocrx_word' id='word_1_252' title='bbox 1144 3022 1177 3063; x_wconf 91' lang='lat' dir='ltr'>se</span> <span class='ocrx_word' id='word_1_253' title='bbox 1199 3001 1444 3086; x_wconf 90' lang='lat' dir='ltr'>juspatronatus</span> <span class='ocrx_word' id='word_1_254' title='bbox 1469 3001 1599 3082; x_wconf 87' lang='lat' dir='ltr'>habere,</span> <span class='ocrx_word' id='word_1_255' title='bbox 1617 3000 1731 3063; x_wconf 82' lang='lat' dir='ltr'>clarent</span> <span class='ocrx_word' id='word_1_256' title='bbox 1756 3010 1787 3064; x_wconf 92' lang='lat' dir='ltr'>et</span> <span class='ocrx_word' id='word_1_257' title='bbox 1811 3001 2025 3085; x_wconf 88' lang='lat' dir='ltr'>assignarent,</span> <span class='ocrx_word' id='word_1_258' title='bbox 2043 3007 2073 3064; x_wconf 92' lang='lat' dir='ltr'>et</span> <span class='ocrx_word' id='word_1_259' title='bbox 2091 3001 2255 3064; x_wconf 89' lang='lat' dir='ltr'>traderent</span> <span class='ocrx_word' id='word_1_260' title='bbox 2272 3000 2399 3064; x_wconf 93' lang='lat' dir='ltr'>damino</span> <span class='ocrx_word' id='word_1_261' title='bbox 2416 3000 2512 3064; x_wconf 90' lang='lat' dir='ltr'>Petro</span> 
     </span>
     <span class='ocr_line' id='line_1_23' title="bbox 695 3105 2514 3193; baseline -0.001 -23"><span class='ocrx_word' id='word_1_262' title='bbox 695 3107 966 3193; x_wconf 89' lang='lat' dir='ltr'>archipresbitero</span> <span class='ocrx_word' id='word_1_263' title='bbox 990 3107 1074 3170; x_wconf 87' lang='lat' dir='ltr'>dicte</span> <span class='ocrx_word' id='word_1_264' title='bbox 1098 3105 1212 3192; x_wconf 92' lang='lat' dir='ltr'>plebis,</span> <span class='ocrx_word' id='word_1_265' title='bbox 1230 3107 1396 3192; x_wconf 85' lang='lat' dir='ltr'>recipienti</span> <span class='ocrx_word' id='word_1_266' title='bbox 1417 3107 1485 3170; x_wconf 77' lang='lat' dir='ltr'>rice</span> <span class='ocrx_word' id='word_1_267' title='bbox 1504 3129 1540 3170; x_wconf 86' lang='lat' dir='ltr'>ac</span> <span class='ocrx_word' id='word_1_268' title='bbox 1563 3108 1689 3170; x_wconf 92' lang='lat' dir='ltr'>nomine</span> <span class='ocrx_word' id='word_1_269' title='bbox 1708 3107 1806 3192; x_wconf 89' lang='lat' dir='ltr'>ipsius</span> <span class='ocrx_word' id='word_1_270' title='bbox 1823 3106 1926 3193; x_wconf 89' lang='lat' dir='ltr'>plebia</span> <span class='ocrx_word' id='word_1_271' title='bbox 1943 3113 1974 3170; x_wconf 91' lang='lat' dir='ltr'>et</span> <span class='ocrx_word' id='word_1_272' title='bbox 1991 3108 2091 3193; x_wconf 89' lang='lat' dir='ltr'>ipsius</span> <span class='ocrx_word' id='word_1_273' title='bbox 2108 3107 2260 3192; x_wconf 86' lang='lat' dir='ltr'>Capituli,</span> <span class='ocrx_word' id='word_1_274' title='bbox 2277 3127 2348 3170; x_wconf 92' lang='lat' dir='ltr'>cum</span> <span class='ocrx_word' id='word_1_275' title='bbox 2368 3107 2514 3170; x_wconf 91' lang='lat' dir='ltr'>omnibus</span> 
     </span>
     <span class='ocr_line' id='line_1_24' title="bbox 692 3213 2512 3300; baseline -0.001 -22"><span class='ocrx_word' id='word_1_276' title='bbox 692 3214 895 3300; x_wconf 88' lang='lat' dir='ltr'>pertinentiis</span> <span class='ocrx_word' id='word_1_277' title='bbox 919 3215 995 3296; x_wconf 91' lang='lat' dir='ltr'>suis,</span> <span class='ocrx_word' id='word_1_278' title='bbox 1010 3213 1138 3298; x_wconf 89' lang='lat' dir='ltr'>juribus</span> <span class='ocrx_word' id='word_1_279' title='bbox 1163 3222 1194 3276; x_wconf 92' lang='lat' dir='ltr'>et</span> <span class='ocrx_word' id='word_1_280' title='bbox 1219 3213 1399 3276; x_wconf 87' lang='lat' dir='ltr'>actionibus</span> <span class='ocrx_word' id='word_1_281' title='bbox 1424 3214 1657 3300; x_wconf 88' lang='lat' dir='ltr'>pertinentibus</span> <span class='ocrx_word' id='word_1_282' title='bbox 1674 3214 1714 3276; x_wconf 90' lang='lat' dir='ltr'>ad</span> <span class='ocrx_word' id='word_1_283' title='bbox 1731 3214 1850 3277; x_wconf 93' lang='lat' dir='ltr'>dictam</span> <span class='ocrx_word' id='word_1_284' title='bbox 1866 3214 2034 3277; x_wconf 90' lang='lat' dir='ltr'>ecclesiam</span> <span class='ocrx_word' id='word_1_285' title='bbox 2052 3215 2155 3277; x_wconf 91' lang='lat' dir='ltr'>sancti</span> <span class='ocrx_word' id='word_1_286' title='bbox 2171 3214 2335 3278; x_wconf 78' lang='lat' dir='ltr'>Ambrosii</span> <span class='ocrx_word' id='word_1_287' title='bbox 2353 3213 2384 3277; x_wconf 93' lang='lat' dir='ltr'>in</span> <span class='ocrx_word' id='word_1_288' title='bbox 2401 3213 2512 3276; x_wconf 91' lang='lat' dir='ltr'>eadem</span> 
     </span>
     <span class='ocr_line' id='line_1_25' title="bbox 693 3320 2511 3408; baseline -0.001 -24"><span class='ocrx_word' id='word_1_289' title='bbox 693 3321 843 3385; x_wconf 87' lang='lat' dir='ltr'>libertato</span> <span class='ocrx_word' id='word_1_290' title='bbox 876 3343 912 3384; x_wconf 89' lang='lat' dir='ltr'>ac</span> <span class='ocrx_word' id='word_1_291' title='bbox 937 3327 1096 3407; x_wconf 90' lang='lat' dir='ltr'>potestate</span> <span class='ocrx_word' id='word_1_292' title='bbox 1121 3328 1153 3384; x_wconf 91' lang='lat' dir='ltr'>et</span> <span class='ocrx_word' id='word_1_293' title='bbox 1179 3322 1253 3406; x_wconf 91' lang='lat' dir='ltr'>jure</span> <span class='ocrx_word' id='word_1_294' title='bbox 1284 3320 1458 3384; x_wconf 90' lang='lat' dir='ltr'>secuudum</span> <span class='ocrx_word' id='word_1_295' title='bbox 1484 3321 1567 3406; x_wconf 83' lang='lat' dir='ltr'>quod</span> <span class='ocrx_word' id='word_1_296' title='bbox 1594 3321 1757 3384; x_wconf 89' lang='lat' dir='ltr'>habebant</span> <span class='ocrx_word' id='word_1_297' title='bbox 1788 3321 1906 3384; x_wconf 90' lang='lat' dir='ltr'>dictam</span> <span class='ocrx_word' id='word_1_298' title='bbox 1938 3321 2107 3385; x_wconf 90' lang='lat' dir='ltr'>ecclesiam</span> <span class='ocrx_word' id='word_1_299' title='bbox 2139 3321 2242 3385; x_wconf 88' lang='lat' dir='ltr'>sancti</span> <span class='ocrx_word' id='word_1_300' title='bbox 2272 3321 2511 3408; x_wconf 82' lang='lat' dir='ltr'>Appolliuaris.</span> 
     </span>
     <span class='ocr_line' id='line_1_26' title="bbox 694 3427 2515 3515; baseline -0.001 -24"><span class='ocrx_word' id='word_1_301' title='bbox 694 3429 843 3491; x_wconf 76' lang='lat' dir='ltr'>uidelicet</span> <span class='ocrx_word' id='word_1_302' title='bbox 871 3437 906 3491; x_wconf 90' lang='lat' dir='ltr'>ut</span> <span class='ocrx_word' id='word_1_303' title='bbox 930 3429 1189 3514; x_wconf 88' lang='lat' dir='ltr'>archipresbiter,</span> <span class='ocrx_word' id='word_1_304' title='bbox 1208 3428 1263 3514; x_wconf 92' lang='lat' dir='ltr'>qui</span> <span class='ocrx_word' id='word_1_305' title='bbox 1287 3449 1345 3514; x_wconf 91' lang='lat' dir='ltr'>pro</span> <span class='ocrx_word' id='word_1_306' title='bbox 1369 3435 1512 3514; x_wconf 91' lang='lat' dir='ltr'>tempore</span> <span class='ocrx_word' id='word_1_307' title='bbox 1537 3427 1634 3490; x_wconf 82' lang='lat' dir='ltr'>fuerit</span> <span class='ocrx_word' id='word_1_308' title='bbox 1659 3428 1689 3490; x_wconf 93' lang='lat' dir='ltr'>in</span> <span class='ocrx_word' id='word_1_309' title='bbox 1715 3428 1800 3491; x_wconf 79' lang='lat' dir='ltr'>dicta</span> <span class='ocrx_word' id='word_1_310' title='bbox 1824 3429 1928 3515; x_wconf 92' lang='lat' dir='ltr'>plebe,</span> <span class='ocrx_word' id='word_1_311' title='bbox 1953 3428 2072 3492; x_wconf 91' lang='lat' dir='ltr'>habeat</span> <span class='ocrx_word' id='word_1_312' title='bbox 2096 3429 2128 3492; x_wconf 93' lang='lat' dir='ltr'>in</span> <span class='ocrx_word' id='word_1_313' title='bbox 2152 3427 2288 3492; x_wconf 87' lang='lat' dir='ltr'>ccclesia</span> <span class='ocrx_word' id='word_1_314' title='bbox 2313 3429 2414 3492; x_wconf 91' lang='lat' dir='ltr'>sancti</span> <span class='ocrx_word' id='word_1_315' title='bbox 2439 3430 2515 3492; x_wconf 82' lang='lat' dir='ltr'>Am-</span> 
     </span>
     <span class='ocr_line' id='line_1_27' title="bbox 693 3534 2515 3622; baseline -0.001 -23"><span class='ocrx_word' id='word_1_316' title='bbox 693 3536 792 3600; x_wconf 88' lang='lat' dir='ltr'>brosii</span> <span class='ocrx_word' id='word_1_317' title='bbox 816 3536 1051 3599; x_wconf 87' lang='lat' dir='ltr'>institutionem</span> <span class='ocrx_word' id='word_1_318' title='bbox 1074 3543 1106 3599; x_wconf 92' lang='lat' dir='ltr'>et</span> <span class='ocrx_word' id='word_1_319' title='bbox 1130 3535 1369 3599; x_wconf 90' lang='lat' dir='ltr'>destitutionem</span> <span class='ocrx_word' id='word_1_320' title='bbox 1394 3534 1540 3616; x_wconf 90' lang='lat' dir='ltr'>liberam,</span> <span class='ocrx_word' id='word_1_321' title='bbox 1558 3544 1590 3598; x_wconf 89' lang='lat' dir='ltr'>et</span> <span class='ocrx_word' id='word_1_322' title='bbox 1615 3535 1699 3620; x_wconf 92' lang='lat' dir='ltr'>quod</span> <span class='ocrx_word' id='word_1_323' title='bbox 1724 3536 1824 3620; x_wconf 90' lang='lat' dir='ltr'>possit</span> <span class='ocrx_word' id='word_1_324' title='bbox 1845 3558 1965 3622; x_wconf 91' lang='lat' dir='ltr'>ponere</span> <span class='ocrx_word' id='word_1_325' title='bbox 1983 3536 2026 3600; x_wconf 94' lang='lat' dir='ltr'>ibi</span> <span class='ocrx_word' id='word_1_326' title='bbox 2043 3557 2138 3622; x_wconf 92' lang='lat' dir='ltr'>quem</span> <span class='ocrx_word' id='word_1_327' title='bbox 2155 3536 2207 3599; x_wconf 79' lang='lat' dir='ltr'>tel</span> <span class='ocrx_word' id='word_1_328' title='bbox 2225 3557 2304 3621; x_wconf 88' lang='lat' dir='ltr'>quos</span> <span class='ocrx_word' id='word_1_329' title='bbox 2320 3535 2459 3598; x_wconf 79' lang='lat' dir='ltr'>uoluerit</span> <span class='ocrx_word' id='word_1_330' title='bbox 2477 3536 2515 3598; x_wconf 92' lang='lat' dir='ltr'>de</span> 
     </span>
     <span class='ocr_line' id='line_1_28' title="bbox 693 3643 2514 3730; baseline 0 -24"><span class='ocrx_word' id='word_1_331' title='bbox 693 3643 847 3707; x_wconf 84' lang='lat' dir='ltr'>fratribus</span> <span class='ocrx_word' id='word_1_332' title='bbox 872 3644 937 3707; x_wconf 91' lang='lat' dir='ltr'>suis</span> <span class='ocrx_word' id='word_1_333' title='bbox 962 3643 1135 3726; x_wconf 89' lang='lat' dir='ltr'>canonicis,</span> <span class='ocrx_word' id='word_1_334' title='bbox 1161 3651 1192 3707; x_wconf 88' lang='lat' dir='ltr'>ct</span> <span class='ocrx_word' id='word_1_335' title='bbox 1216 3665 1382 3708; x_wconf 75' lang='lat' dir='ltr'>removere</span> <span class='ocrx_word' id='word_1_336' title='bbox 1406 3665 1501 3729; x_wconf 91' lang='lat' dir='ltr'>quem</span> <span class='ocrx_word' id='word_1_337' title='bbox 1524 3644 1672 3726; x_wconf 80' lang='lat' dir='ltr'>voluerit,</span> <span class='ocrx_word' id='word_1_338' title='bbox 1690 3644 1864 3707; x_wconf 88' lang='lat' dir='ltr'>secuudum</span> <span class='ocrx_word' id='word_1_339' title='bbox 1890 3645 1974 3730; x_wconf 88' lang='lat' dir='ltr'>quod</span> <span class='ocrx_word' id='word_1_340' title='bbox 1999 3645 2076 3708; x_wconf 89' lang='lat' dir='ltr'>lacit</span> <span class='ocrx_word' id='word_1_341' title='bbox 2100 3645 2131 3707; x_wconf 95' lang='lat' dir='ltr'>in</span> <span class='ocrx_word' id='word_1_342' title='bbox 2153 3645 2224 3708; x_wconf 83' lang='lat' dir='ltr'>aliis</span> <span class='ocrx_word' id='word_1_343' title='bbox 2242 3645 2307 3708; x_wconf 90' lang='lat' dir='ltr'>suis</span> <span class='ocrx_word' id='word_1_344' title='bbox 2325 3643 2514 3707; x_wconf 91' lang='lat' dir='ltr'>obedientiis</span> 
     </span>
     <span class='ocr_line' id='line_1_29' title="bbox 691 3751 2517 3838; baseline -0.001 -24"><span class='ocrx_word' id='word_1_345' title='bbox 691 3752 896 3816; x_wconf 88' lang='lat' dir='ltr'>manualibus</span> <span class='ocrx_word' id='word_1_346' title='bbox 928 3760 961 3816; x_wconf 92' lang='lat' dir='ltr'>et</span> <span class='ocrx_word' id='word_1_347' title='bbox 984 3751 1091 3816; x_wconf 86' lang='lat' dir='ltr'>facere</span> <span class='ocrx_word' id='word_1_348' title='bbox 1116 3753 1300 3834; x_wconf 82' lang='lat' dir='ltr'>consuerit,</span> <span class='ocrx_word' id='word_1_349' title='bbox 1325 3762 1357 3814; x_wconf 90' lang='lat' dir='ltr'>et</span> <span class='ocrx_word' id='word_1_350' title='bbox 1380 3751 1529 3815; x_wconf 87' lang='lat' dir='ltr'>Potestas</span> <span class='ocrx_word' id='word_1_351' title='bbox 1554 3759 1586 3814; x_wconf 88' lang='lat' dir='ltr'>ct</span> <span class='ocrx_word' id='word_1_352' title='bbox 1610 3751 1786 3815; x_wconf 88' lang='lat' dir='ltr'>Commune</span> <span class='ocrx_word' id='word_1_353' title='bbox 1809 3751 1955 3816; x_wconf 90' lang='lat' dir='ltr'>Bononie</span> <span class='ocrx_word' id='word_1_354' title='bbox 1986 3753 2092 3838; x_wconf 91' lang='lat' dir='ltr'>parati</span> <span class='ocrx_word' id='word_1_355' title='bbox 2122 3758 2199 3815; x_wconf 88' lang='lat' dir='ltr'>sunt</span> <span class='ocrx_word' id='word_1_356' title='bbox 2223 3751 2385 3815; x_wconf 90' lang='lat' dir='ltr'>remittere</span> <span class='ocrx_word' id='word_1_357' title='bbox 2406 3753 2517 3836; x_wconf 89' lang='lat' dir='ltr'>juspa·</span> 
     </span>
     <span class='ocr_line' id='line_1_30' title="bbox 692 3859 2515 3945; baseline -0.001 -23"><span class='ocrx_word' id='word_1_358' title='bbox 692 3865 849 3941; x_wconf 89' lang='lat' dir='ltr'>tronatus,</span> <span class='ocrx_word' id='word_1_359' title='bbox 867 3860 953 3945; x_wconf 93' lang='lat' dir='ltr'>quad</span> <span class='ocrx_word' id='word_1_360' title='bbox 975 3882 1009 3922; x_wconf 89' lang='lat' dir='ltr'>sc</span> <span class='ocrx_word' id='word_1_361' title='bbox 1034 3859 1154 3922; x_wconf 89' lang='lat' dir='ltr'>habere</span> <span class='ocrx_word' id='word_1_362' title='bbox 1179 3859 1288 3923; x_wconf 92' lang='lat' dir='ltr'>dicunt</span> <span class='ocrx_word' id='word_1_363' title='bbox 1313 3859 1345 3922; x_wconf 92' lang='lat' dir='ltr'>iu</span> <span class='ocrx_word' id='word_1_364' title='bbox 1369 3859 1454 3922; x_wconf 88' lang='lat' dir='ltr'>dicta</span> <span class='ocrx_word' id='word_1_365' title='bbox 1479 3859 1616 3922; x_wconf 89' lang='lat' dir='ltr'>ecelesia</span> <span class='ocrx_word' id='word_1_366' title='bbox 1639 3866 1795 3944; x_wconf 84' lang='lat' dir='ltr'>quantum</span> <span class='ocrx_word' id='word_1_367' title='bbox 1819 3859 1859 3922; x_wconf 92' lang='lat' dir='ltr'>ad</span> <span class='ocrx_word' id='word_1_368' title='bbox 1880 3859 2152 3945; x_wconf 90' lang='lat' dir='ltr'>presentationem</span> <span class='ocrx_word' id='word_1_369' title='bbox 2176 3881 2233 3922; x_wconf 91' lang='lat' dir='ltr'>seu</span> <span class='ocrx_word' id='word_1_370' title='bbox 2257 3859 2450 3922; x_wconf 90' lang='lat' dir='ltr'>electionem</span> <span class='ocrx_word' id='word_1_371' title='bbox 2468 3881 2515 3922; x_wconf 92' lang='lat' dir='ltr'>rc-</span> 
     </span>
     <span class='ocr_line' id='line_1_31' title="bbox 693 3966 2515 4053; baseline -0.002 -23"><span class='ocrx_word' id='word_1_372' title='bbox 693 3968 801 4049; x_wconf 78' lang='lat' dir='ltr'>etoriS,</span> <span class='ocrx_word' id='word_1_373' title='bbox 826 3975 858 4029; x_wconf 94' lang='lat' dir='ltr'>et</span> <span class='ocrx_word' id='word_1_374' title='bbox 880 3966 1077 4030; x_wconf 91' lang='lat' dir='ltr'>Parochiani</span> <span class='ocrx_word' id='word_1_375' title='bbox 1101 3966 1185 4030; x_wconf 87' lang='lat' dir='ltr'>dicte</span> <span class='ocrx_word' id='word_1_376' title='bbox 1209 3967 1343 4053; x_wconf 88' lang='lat' dir='ltr'>capelle,</span> <span class='ocrx_word' id='word_1_377' title='bbox 1366 3967 1392 4030; x_wconf 93' lang='lat' dir='ltr'>si</span> <span class='ocrx_word' id='word_1_378' title='bbox 1417 3966 1502 4052; x_wconf 90' lang='lat' dir='ltr'>quad</span> <span class='ocrx_word' id='word_1_379' title='bbox 1523 3967 1577 4051; x_wconf 88' lang='lat' dir='ltr'>jus</span> <span class='ocrx_word' id='word_1_380' title='bbox 1602 3966 1721 4030; x_wconf 87' lang='lat' dir='ltr'>habent</span> <span class='ocrx_word' id='word_1_381' title='bbox 1747 3967 1778 4029; x_wconf 94' lang='lat' dir='ltr'>in</span> <span class='ocrx_word' id='word_1_382' title='bbox 1803 3967 1958 4030; x_wconf 91' lang='lat' dir='ltr'>electione</span> <span class='ocrx_word' id='word_1_383' title='bbox 1983 3988 2020 4029; x_wconf 91' lang='lat' dir='ltr'>ac</span> <span class='ocrx_word' id='word_1_384' title='bbox 2044 3967 2284 4052; x_wconf 88' lang='lat' dir='ltr'>presentatione</span> <span class='ocrx_word' id='word_1_385' title='bbox 2307 3967 2443 4029; x_wconf 89' lang='lat' dir='ltr'>rectoris</span> <span class='ocrx_word' id='word_1_386' title='bbox 2468 3987 2515 4028; x_wconf 90' lang='lat' dir='ltr'>ra-</span> 
     </span>
     <span class='ocr_line' id='line_1_32' title="bbox 694 4072 2518 4159; baseline 0.001 -23"><span class='ocrx_word' id='word_1_387' title='bbox 694 4075 782 4138; x_wconf 89' lang='lat' dir='ltr'>tione</span> <span class='ocrx_word' id='word_1_388' title='bbox 803 4075 1050 4159; x_wconf 79' lang='lat' dir='ltr'>jttspatronatus</span> <span class='ocrx_word' id='word_1_389' title='bbox 1073 4081 1129 4136; x_wconf 90' lang='lat' dir='ltr'>aut</span> <span class='ocrx_word' id='word_1_390' title='bbox 1154 4073 1291 4159; x_wconf 93' lang='lat' dir='ltr'>alicujus</span> <span class='ocrx_word' id='word_1_391' title='bbox 1315 4073 1567 4154; x_wconf 89' lang='lat' dir='ltr'>consuetudinis,</span> <span class='ocrx_word' id='word_1_392' title='bbox 1591 4073 1710 4137; x_wconf 82' lang='lat' dir='ltr'>facient</span> <span class='ocrx_word' id='word_1_393' title='bbox 1735 4073 1814 4136; x_wconf 91' lang='lat' dir='ltr'>illud</span> <span class='ocrx_word' id='word_1_394' title='bbox 1839 4073 1940 4156; x_wconf 88' lang='lat' dir='ltr'>idem,</span> <span class='ocrx_word' id='word_1_395' title='bbox 1965 4081 1997 4137; x_wconf 92' lang='lat' dir='ltr'>ct</span> <span class='ocrx_word' id='word_1_396' title='bbox 2025 4074 2175 4138; x_wconf 88' lang='lat' dir='ltr'>Potestas</span> <span class='ocrx_word' id='word_1_397' title='bbox 2199 4081 2231 4136; x_wconf 88' lang='lat' dir='ltr'>et</span> <span class='ocrx_word' id='word_1_398' title='bbox 2254 4072 2433 4137; x_wconf 89' lang='lat' dir='ltr'>Commune</span> <span class='ocrx_word' id='word_1_399' title='bbox 2459 4072 2518 4137; x_wconf 92' lang='lat' dir='ltr'>Ba·</span> 
     </span>
     <span class='ocr_line' id='line_1_33' title="bbox 695 4179 2514 4266; baseline 0 -24"><span class='ocrx_word' id='word_1_400' title='bbox 695 4181 789 4244; x_wconf 90' lang='lat' dir='ltr'>nonie</span> <span class='ocrx_word' id='word_1_401' title='bbox 815 4181 1034 4262; x_wconf 87' lang='lat' dir='ltr'>satisfacient,</span> <span class='ocrx_word' id='word_1_402' title='bbox 1059 4181 1086 4243; x_wconf 91' lang='lat' dir='ltr'>si</span> <span class='ocrx_word' id='word_1_403' title='bbox 1110 4181 1195 4266; x_wconf 91' lang='lat' dir='ltr'>quod</span> <span class='ocrx_word' id='word_1_404' title='bbox 1219 4180 1499 4244; x_wconf 89' lang='lat' dir='ltr'>melioramentum</span> <span class='ocrx_word' id='word_1_405' title='bbox 1523 4179 1619 4244; x_wconf 89' lang='lat' dir='ltr'>fuerit</span> <span class='ocrx_word' id='word_1_406' title='bbox 1651 4181 1683 4243; x_wconf 93' lang='lat' dir='ltr'>in</span> <span class='ocrx_word' id='word_1_407' title='bbox 1716 4179 1863 4244; x_wconf 88' lang='lat' dir='ltr'>domibus</span> <span class='ocrx_word' id='word_1_408' title='bbox 1895 4181 1996 4244; x_wconf 89' lang='lat' dir='ltr'>sancti</span> <span class='ocrx_word' id='word_1_409' title='bbox 2021 4180 2260 4266; x_wconf 80' lang='lat' dir='ltr'>Appollinaris,</span> <span class='ocrx_word' id='word_1_410' title='bbox 2286 4187 2445 4265; x_wconf 89' lang='lat' dir='ltr'>quantum</span> <span class='ocrx_word' id='word_1_411' title='bbox 2477 4179 2514 4242; x_wconf 92' lang='lat' dir='ltr'>ad</span> 
     </span>
     <span class='ocr_line' id='line_1_34' title="bbox 696 4286 2516 4372; baseline -0.002 -22"><span class='ocrx_word' id='word_1_412' title='bbox 696 4287 807 4350; x_wconf 92' lang='lat' dir='ltr'>domos</span> <span class='ocrx_word' id='word_1_413' title='bbox 832 4287 935 4350; x_wconf 89' lang='lat' dir='ltr'>sancti</span> <span class='ocrx_word' id='word_1_414' title='bbox 959 4286 1134 4370; x_wconf 80' lang='lat' dir='ltr'>Ambrosii,</span> <span class='ocrx_word' id='word_1_415' title='bbox 1151 4295 1183 4350; x_wconf 88' lang='lat' dir='ltr'>et</span> <span class='ocrx_word' id='word_1_416' title='bbox 1206 4287 1376 4351; x_wconf 88' lang='lat' dir='ltr'>restituent</span> <span class='ocrx_word' id='word_1_417' title='bbox 1400 4295 1503 4350; x_wconf 93' lang='lat' dir='ltr'>totum</span> <span class='ocrx_word' id='word_1_418' title='bbox 1523 4288 1802 4352; x_wconf 87' lang='lat' dir='ltr'>melioramentum</span> <span class='ocrx_word' id='word_1_419' title='bbox 1819 4287 1859 4350; x_wconf 89' lang='lat' dir='ltr'>ad</span> <span class='ocrx_word' id='word_1_420' title='bbox 1876 4287 2119 4351; x_wconf 81' lang='lat' dir='ltr'>extimationem</span> <span class='ocrx_word' id='word_1_421' title='bbox 2135 4295 2166 4350; x_wconf 90' lang='lat' dir='ltr'>ct</span> <span class='ocrx_word' id='word_1_422' title='bbox 2184 4286 2352 4350; x_wconf 90' lang='lat' dir='ltr'>arbitrium</span> <span class='ocrx_word' id='word_1_423' title='bbox 2369 4287 2516 4372; x_wconf 86' lang='lat' dir='ltr'>magistri</span> 
     </span>
     <span class='ocr_line' id='line_1_35' title="bbox 695 4393 2515 4480; baseline -0.001 -24"><span class='ocrx_word' id='word_1_424' title='bbox 695 4393 824 4458; x_wconf 79' lang='lat' dir='ltr'>Alberti</span> <span class='ocrx_word' id='word_1_425' title='bbox 847 4393 886 4456; x_wconf 88' lang='lat' dir='ltr'>de</span> <span class='ocrx_word' id='word_1_426' title='bbox 910 4393 1071 4457; x_wconf 89' lang='lat' dir='ltr'>laborerio</span> <span class='ocrx_word' id='word_1_427' title='bbox 1096 4393 1204 4457; x_wconf 88' lang='lat' dir='ltr'>Sancti</span> <span class='ocrx_word' id='word_1_428' title='bbox 1221 4394 1322 4470; x_wconf 87' lang='lat' dir='ltr'>Petri,</span> <span class='ocrx_word' id='word_1_429' title='bbox 1340 4394 1460 4458; x_wconf 91' lang='lat' dir='ltr'>scilicet</span> <span class='ocrx_word' id='word_1_430' title='bbox 1485 4415 1586 4479; x_wconf 89' lang='lat' dir='ltr'>usque</span> <span class='ocrx_word' id='word_1_431' title='bbox 1611 4394 1652 4457; x_wconf 91' lang='lat' dir='ltr'>ad</span> <span class='ocrx_word' id='word_1_432' title='bbox 1669 4395 1882 4480; x_wconf 90' lang='lat' dir='ltr'>quantitatem</span> <span class='ocrx_word' id='word_1_433' title='bbox 1899 4395 2069 4479; x_wconf 84' lang='lat' dir='ltr'>sexaginta</span> <span class='ocrx_word' id='word_1_434' title='bbox 2087 4394 2243 4458; x_wconf 91' lang='lat' dir='ltr'>librarum</span> <span class='ocrx_word' id='word_1_435' title='bbox 2259 4394 2515 4472; x_wconf 89' lang='lat' dir='ltr'>bononiensimn,</span> 
     </span>
     <span class='ocr_line' id='line_1_36' title="bbox 695 4500 2516 4587; baseline -0.001 -23"><span class='ocrx_word' id='word_1_436' title='bbox 695 4523 752 4564; x_wconf 90' lang='lat' dir='ltr'>scu</span> <span class='ocrx_word' id='word_1_437' title='bbox 776 4502 849 4586; x_wconf 90' lang='lat' dir='ltr'>plus</span> <span class='ocrx_word' id='word_1_438' title='bbox 881 4501 933 4564; x_wconf 77' lang='lat' dir='ltr'>rel</span> <span class='ocrx_word' id='word_1_439' title='bbox 964 4501 1080 4582; x_wconf 90' lang='lat' dir='ltr'>minus,</span> <span class='ocrx_word' id='word_1_440' title='bbox 1105 4502 1281 4565; x_wconf 90' lang='lat' dir='ltr'>secundum</span> <span class='ocrx_word' id='word_1_441' title='bbox 1313 4502 1397 4587; x_wconf 90' lang='lat' dir='ltr'>quod</span> <span class='ocrx_word' id='word_1_442' title='bbox 1430 4502 1592 4565; x_wconf 74' lang='lat' dir='ltr'>taxaverit</span> <span class='ocrx_word' id='word_1_443' title='bbox 1619 4501 1674 4586; x_wconf 90' lang='lat' dir='ltr'>qui</span> <span class='ocrx_word' id='word_1_444' title='bbox 1706 4500 1800 4565; x_wconf 88' lang='lat' dir='ltr'>datus</span> <span class='ocrx_word' id='word_1_445' title='bbox 1832 4509 1880 4564; x_wconf 88' lang='lat' dir='ltr'>est</span> <span class='ocrx_word' id='word_1_446' title='bbox 1909 4501 1949 4564; x_wconf 90' lang='lat' dir='ltr'>ad</span> <span class='ocrx_word' id='word_1_447' title='bbox 1981 4501 2203 4564; x_wconf 74' lang='lat' dir='ltr'>estimandum</span> <span class='ocrx_word' id='word_1_448' title='bbox 2233 4509 2456 4564; x_wconf 90' lang='lat' dir='ltr'>casamentum</span> <span class='ocrx_word' id='word_1_449' title='bbox 2486 4512 2516 4562; x_wconf 91' lang='lat' dir='ltr'>et</span> 
     </span>
     <span class='ocr_line' id='line_1_37' title="bbox 693 4607 2515 4694; baseline 0 -24"><span class='ocrx_word' id='word_1_450' title='bbox 693 4609 804 4671; x_wconf 91' lang='lat' dir='ltr'>domos</span> <span class='ocrx_word' id='word_1_451' title='bbox 837 4609 941 4671; x_wconf 90' lang='lat' dir='ltr'>sancti</span> <span class='ocrx_word' id='word_1_452' title='bbox 965 4608 1187 4693; x_wconf 79' lang='lat' dir='ltr'>Appolliuaris</span> <span class='ocrx_word' id='word_1_453' title='bbox 1219 4617 1250 4671; x_wconf 91' lang='lat' dir='ltr'>et</span> <span class='ocrx_word' id='word_1_454' title='bbox 1279 4618 1498 4672; x_wconf 91' lang='lat' dir='ltr'>casamentum</span> <span class='ocrx_word' id='word_1_455' title='bbox 1530 4616 1562 4671; x_wconf 91' lang='lat' dir='ltr'>et</span> <span class='ocrx_word' id='word_1_456' title='bbox 1592 4608 1704 4672; x_wconf 86' lang='lat' dir='ltr'>denras</span> <span class='ocrx_word' id='word_1_457' title='bbox 1728 4617 1758 4672; x_wconf 88' lang='lat' dir='ltr'>et</span> <span class='ocrx_word' id='word_1_458' title='bbox 1782 4616 1885 4672; x_wconf 88' lang='lat' dir='ltr'>terras</span> <span class='ocrx_word' id='word_1_459' title='bbox 1909 4609 2011 4672; x_wconf 89' lang='lat' dir='ltr'>sancti</span> <span class='ocrx_word' id='word_1_460' title='bbox 2036 4608 2209 4672; x_wconf 83' lang='lat' dir='ltr'>Ambrosii.</span> <span class='ocrx_word' id='word_1_461' title='bbox 2234 4607 2328 4672; x_wconf 75' lang='lat' dir='ltr'>l&#39;nde</span> <span class='ocrx_word' id='word_1_462' title='bbox 2353 4609 2515 4694; x_wconf 87' lang='lat' dir='ltr'>predictus</span> 
     </span>
     <span class='ocr_line' id='line_1_38' title="bbox 692 4714 2513 4802; baseline 0 -24"><span class='ocrx_word' id='word_1_463' title='bbox 692 4715 839 4778; x_wconf 92' lang='lat' dir='ltr'>domiuus</span> <span class='ocrx_word' id='word_1_464' title='bbox 863 4714 1043 4800; x_wconf 87' lang='lat' dir='ltr'>Episcopus</span> <span class='ocrx_word' id='word_1_465' title='bbox 1067 4723 1099 4778; x_wconf 87' lang='lat' dir='ltr'>et</span> <span class='ocrx_word' id='word_1_466' title='bbox 1125 4715 1288 4798; x_wconf 89' lang='lat' dir='ltr'>Canonici,</span> <span class='ocrx_word' id='word_1_467' title='bbox 1307 4717 1362 4801; x_wconf 94' lang='lat' dir='ltr'>qui</span> <span class='ocrx_word' id='word_1_468' title='bbox 1385 4723 1460 4779; x_wconf 89' lang='lat' dir='ltr'>tanc</span> <span class='ocrx_word' id='word_1_469' title='bbox 1485 4726 1576 4779; x_wconf 86' lang='lat' dir='ltr'>erant</span> <span class='ocrx_word' id='word_1_470' title='bbox 1601 4725 1775 4802; x_wconf 88' lang='lat' dir='ltr'>presentes,</span> <span class='ocrx_word' id='word_1_471' title='bbox 1793 4714 1915 4780; x_wconf 86' lang='lat' dir='ltr'>seilicet</span> <span class='ocrx_word' id='word_1_472' title='bbox 1931 4715 2125 4778; x_wconf 76' lang='lat' dir='ltr'>venerabilis</span> <span class='ocrx_word' id='word_1_473' title='bbox 2142 4723 2235 4802; x_wconf 90' lang='lat' dir='ltr'>pater</span> <span class='ocrx_word' id='word_1_474' title='bbox 2251 4715 2400 4779; x_wconf 92' lang='lat' dir='ltr'>dominus</span> <span class='ocrx_word' id='word_1_475' title='bbox 2419 4715 2513 4780; x_wconf 91' lang='lat' dir='ltr'>Octa-</span> 
     </span>
     <span class='ocr_line' id='line_1_39' title="bbox 691 4822 2512 4908; baseline 0.001 -24"><span class='ocrx_word' id='word_1_476' title='bbox 691 4823 808 4885; x_wconf 79' lang='lat' dir='ltr'>uianus</span> <span class='ocrx_word' id='word_1_477' title='bbox 831 4831 941 4886; x_wconf 89' lang='lat' dir='ltr'>sancte</span> <span class='ocrx_word' id='word_1_478' title='bbox 967 4823 1068 4886; x_wconf 82' lang='lat' dir='ltr'>llario</span> <span class='ocrx_word' id='word_1_479' title='bbox 1094 4823 1126 4886; x_wconf 94' lang='lat' dir='ltr'>in</span> <span class='ocrx_word' id='word_1_480' title='bbox 1149 4825 1203 4886; x_wconf 77' lang='lat' dir='ltr'>via</span> <span class='ocrx_word' id='word_1_481' title='bbox 1225 4823 1309 4886; x_wconf 88' lang='lat' dir='ltr'>Lata</span> <span class='ocrx_word' id='word_1_482' title='bbox 1337 4823 1502 4886; x_wconf 89' lang='lat' dir='ltr'>Diaconos</span> <span class='ocrx_word' id='word_1_483' title='bbox 1520 4822 1710 4904; x_wconf 88' lang='lat' dir='ltr'>Cardinalis,</span> <span class='ocrx_word' id='word_1_484' title='bbox 1728 4823 1902 4908; x_wconf 87' lang='lat' dir='ltr'>apostolice</span> <span class='ocrx_word' id='word_1_485' title='bbox 1928 4823 2020 4886; x_wconf 89' lang='lat' dir='ltr'>Sedis</span> <span class='ocrx_word' id='word_1_486' title='bbox 2044 4822 2188 4908; x_wconf 86' lang='lat' dir='ltr'>Legatus</span> <span class='ocrx_word' id='word_1_487' title='bbox 2212 4831 2378 4908; x_wconf 88' lang='lat' dir='ltr'>tamquam</span> <span class='ocrx_word' id='word_1_488' title='bbox 2410 4823 2512 4888; x_wconf 91' lang='lat' dir='ltr'>Cano-</span> 
     </span>
     <span class='ocr_line' id='line_1_40' title="bbox 691 4931 2515 5018; baseline 0 -24"><span class='ocrx_word' id='word_1_489' title='bbox 691 4932 782 4995; x_wconf 92' lang='lat' dir='ltr'>nicus</span> <span class='ocrx_word' id='word_1_490' title='bbox 806 4931 1030 5014; x_wconf 90' lang='lat' dir='ltr'>bononiensis,</span> <span class='ocrx_word' id='word_1_491' title='bbox 1056 4931 1214 5018; x_wconf 88' lang='lat' dir='ltr'>presbiter</span> <span class='ocrx_word' id='word_1_492' title='bbox 1248 4931 1446 4996; x_wconf 75' lang='lat' dir='ltr'>Octavianus</span> <span class='ocrx_word' id='word_1_493' title='bbox 1471 4932 1510 4996; x_wconf 92' lang='lat' dir='ltr'>de</span> <span class='ocrx_word' id='word_1_494' title='bbox 1542 4931 1725 5014; x_wconf 87' lang='lat' dir='ltr'>Florentia,</span> <span class='ocrx_word' id='word_1_495' title='bbox 1750 4932 1897 4995; x_wconf 91' lang='lat' dir='ltr'>daminus</span> <span class='ocrx_word' id='word_1_496' title='bbox 1929 4932 2072 4996; x_wconf 87' lang='lat' dir='ltr'>Jacobus</span> <span class='ocrx_word' id='word_1_497' title='bbox 2104 4931 2261 4995; x_wconf 85' lang='lat' dir='ltr'>Guidotris</span> <span class='ocrx_word' id='word_1_498' title='bbox 2293 4931 2515 5014; x_wconf 89' lang='lat' dir='ltr'>Lambertini,</span> 
     </span>
     <span class='ocr_line' id='line_1_41' title="bbox 692 5038 2515 5126; baseline -0.001 -24"><span class='ocrx_word' id='word_1_499' title='bbox 692 5039 839 5103; x_wconf 89' lang='lat' dir='ltr'>dominus</span> <span class='ocrx_word' id='word_1_500' title='bbox 864 5041 1022 5125; x_wconf 91' lang='lat' dir='ltr'>presbiter</span> <span class='ocrx_word' id='word_1_501' title='bbox 1046 5039 1207 5124; x_wconf 73' lang='lat' dir='ltr'>l&#39;goliuus</span> <span class='ocrx_word' id='word_1_502' title='bbox 1231 5039 1271 5103; x_wconf 90' lang='lat' dir='ltr'>dc</span> <span class='ocrx_word' id='word_1_503' title='bbox 1294 5040 1486 5120; x_wconf 89' lang='lat' dir='ltr'>Barbarolo,</span> <span class='ocrx_word' id='word_1_504' title='bbox 1507 5040 1666 5126; x_wconf 90' lang='lat' dir='ltr'>presbiter</span> <span class='ocrx_word' id='word_1_505' title='bbox 1689 5039 1955 5120; x_wconf 90' lang='lat' dir='ltr'>Bartholameus,</span> <span class='ocrx_word' id='word_1_506' title='bbox 1979 5041 2134 5124; x_wconf 86' lang='lat' dir='ltr'>magister</span> <span class='ocrx_word' id='word_1_507' title='bbox 2157 5038 2342 5103; x_wconf 79' lang='lat' dir='ltr'>Bernartius</span> <span class='ocrx_word' id='word_1_508' title='bbox 2366 5061 2515 5125; x_wconf 90' lang='lat' dir='ltr'>parmen·</span> 
     </span>
     <span class='ocr_line' id='line_1_42' title="bbox 692 5145 2514 5232; baseline 0 -24"><span class='ocrx_word' id='word_1_509' title='bbox 692 5146 752 5228; x_wconf 91' lang='lat' dir='ltr'>sis,</span> <span class='ocrx_word' id='word_1_510' title='bbox 778 5147 926 5210; x_wconf 90' lang='lat' dir='ltr'>dominns</span> <span class='ocrx_word' id='word_1_511' title='bbox 951 5146 1151 5210; x_wconf 80' lang='lat' dir='ltr'>Arimundus</span> <span class='ocrx_word' id='word_1_512' title='bbox 1184 5146 1345 5232; x_wconf 92' lang='lat' dir='ltr'>quondam</span> <span class='ocrx_word' id='word_1_513' title='bbox 1370 5147 1489 5210; x_wconf 92' lang='lat' dir='ltr'>domiui</span> <span class='ocrx_word' id='word_1_514' title='bbox 1514 5146 1661 5228; x_wconf 77' lang='lat' dir='ltr'>Andalo,</span> <span class='ocrx_word' id='word_1_515' title='bbox 1685 5152 1716 5210; x_wconf 94' lang='lat' dir='ltr'>et</span> <span class='ocrx_word' id='word_1_516' title='bbox 1741 5147 1862 5210; x_wconf 92' lang='lat' dir='ltr'>domini</span> <span class='ocrx_word' id='word_1_517' title='bbox 1892 5147 2075 5210; x_wconf 78' lang='lat' dir='ltr'>l&#39;baldiuus</span> <span class='ocrx_word' id='word_1_518' title='bbox 2099 5153 2130 5210; x_wconf 87' lang='lat' dir='ltr'>et</span> <span class='ocrx_word' id='word_1_519' title='bbox 2156 5145 2354 5210; x_wconf 72' lang='lat' dir='ltr'>Octavianus</span> <span class='ocrx_word' id='word_1_520' title='bbox 2380 5163 2514 5232; x_wconf 87' lang='lat' dir='ltr'>nepotes</span> 
     </span>
     <span class='ocr_line' id='line_1_43' title="bbox 691 5253 2513 5340; baseline -0.001 -24"><span class='ocrx_word' id='word_1_521' title='bbox 691 5253 827 5340; x_wconf 89' lang='lat' dir='ltr'>predicti</span> <span class='ocrx_word' id='word_1_522' title='bbox 853 5254 975 5318; x_wconf 84' lang='lat' dir='ltr'>donrini</span> <span class='ocrx_word' id='word_1_523' title='bbox 1000 5253 1196 5337; x_wconf 89' lang='lat' dir='ltr'>Cardinalis,</span> <span class='ocrx_word' id='word_1_524' title='bbox 1215 5262 1394 5317; x_wconf 89' lang='lat' dir='ltr'>annuentes</span> <span class='ocrx_word' id='word_1_525' title='bbox 1418 5253 1625 5340; x_wconf 90' lang='lat' dir='ltr'>petitionibus</span> <span class='ocrx_word' id='word_1_526' title='bbox 1649 5254 1806 5318; x_wconf 89' lang='lat' dir='ltr'>dictorum</span> <span class='ocrx_word' id='word_1_527' title='bbox 1831 5253 2005 5318; x_wconf 89' lang='lat' dir='ltr'>Potestatis</span> <span class='ocrx_word' id='word_1_528' title='bbox 2029 5262 2060 5318; x_wconf 93' lang='lat' dir='ltr'>et</span> <span class='ocrx_word' id='word_1_529' title='bbox 2085 5253 2270 5318; x_wconf 87' lang='lat' dir='ltr'>Camnmnis</span> <span class='ocrx_word' id='word_1_530' title='bbox 2294 5253 2513 5321; x_wconf 81' lang='lat' dir='ltr'>bononiensis,</span> 
     </span>
     <span class='ocr_line' id='line_1_44' title="bbox 691 5361 2514 5449; baseline -0.001 -25"><span class='ocrx_word' id='word_1_531' title='bbox 691 5362 835 5425; x_wconf 81' lang='lat' dir='ltr'>tolentes</span> <span class='ocrx_word' id='word_1_532' title='bbox 860 5362 958 5425; x_wconf 90' lang='lat' dir='ltr'>etiam</span> <span class='ocrx_word' id='word_1_533' title='bbox 983 5369 1049 5424; x_wconf 90' lang='lat' dir='ltr'>tam</span> <span class='ocrx_word' id='word_1_534' title='bbox 1074 5361 1243 5425; x_wconf 92' lang='lat' dir='ltr'>Communi</span> <span class='ocrx_word' id='word_1_535' title='bbox 1267 5361 1475 5444; x_wconf 89' lang='lat' dir='ltr'>bononiensi,</span> <span class='ocrx_word' id='word_1_536' title='bbox 1494 5384 1589 5446; x_wconf 88' lang='lat' dir='ltr'>quam</span> <span class='ocrx_word' id='word_1_537' title='bbox 1614 5361 1894 5448; x_wconf 78' lang='lat' dir='ltr'>Archipresbitero</span> <span class='ocrx_word' id='word_1_538' title='bbox 1918 5368 1949 5425; x_wconf 92' lang='lat' dir='ltr'>et</span> <span class='ocrx_word' id='word_1_539' title='bbox 1974 5361 2123 5449; x_wconf 90' lang='lat' dir='ltr'>Capitula</span> <span class='ocrx_word' id='word_1_540' title='bbox 2148 5361 2289 5448; x_wconf 89' lang='lat' dir='ltr'>predicte</span> <span class='ocrx_word' id='word_1_541' title='bbox 2313 5361 2421 5447; x_wconf 89' lang='lat' dir='ltr'>plebis</span> <span class='ocrx_word' id='word_1_542' title='bbox 2443 5383 2514 5447; x_wconf 86' lang='lat' dir='ltr'>gra-</span> 
     </span>
     <span class='ocr_line' id='line_1_45' title="bbox 691 5467 2514 5556; baseline 0 -26"><span class='ocrx_word' id='word_1_543' title='bbox 691 5469 769 5531; x_wconf 90' lang='lat' dir='ltr'>tiam</span> <span class='ocrx_word' id='word_1_544' title='bbox 793 5467 899 5533; x_wconf 86' lang='lat' dir='ltr'>faeere</span> <span class='ocrx_word' id='word_1_545' title='bbox 922 5469 1106 5556; x_wconf 90' lang='lat' dir='ltr'>specialem,</span> <span class='ocrx_word' id='word_1_546' title='bbox 1124 5469 1291 5551; x_wconf 89' lang='lat' dir='ltr'>dederunt,</span> <span class='ocrx_word' id='word_1_547' title='bbox 1311 5475 1537 5532; x_wconf 89' lang='lat' dir='ltr'>concesserunt</span> <span class='ocrx_word' id='word_1_548' title='bbox 1561 5476 1593 5532; x_wconf 93' lang='lat' dir='ltr'>et</span> <span class='ocrx_word' id='word_1_549' title='bbox 1616 5469 1817 5533; x_wconf 90' lang='lat' dir='ltr'>tradiderunt</span> <span class='ocrx_word' id='word_1_550' title='bbox 1840 5469 2018 5556; x_wconf 89' lang='lat' dir='ltr'>predictam</span> <span class='ocrx_word' id='word_1_551' title='bbox 2042 5469 2211 5532; x_wconf 90' lang='lat' dir='ltr'>ecclesiam</span> <span class='ocrx_word' id='word_1_552' title='bbox 2228 5470 2331 5532; x_wconf 91' lang='lat' dir='ltr'>sancti</span> <span class='ocrx_word' id='word_1_553' title='bbox 2348 5469 2514 5532; x_wconf 82' lang='lat' dir='ltr'>Ambrosii</span> 
     </span>
     <span class='ocr_line' id='line_1_46' title="bbox 691 5575 2515 5662; baseline 0 -25"><span class='ocrx_word' id='word_1_554' title='bbox 691 5584 869 5658; x_wconf 72' lang='lat' dir='ltr'>vacantem,</span> <span class='ocrx_word' id='word_1_555' title='bbox 888 5598 961 5639; x_wconf 94' lang='lat' dir='ltr'>cum</span> <span class='ocrx_word' id='word_1_556' title='bbox 983 5575 1142 5658; x_wconf 91' lang='lat' dir='ltr'>domibus,</span> <span class='ocrx_word' id='word_1_557' title='bbox 1166 5576 1433 5662; x_wconf 89' lang='lat' dir='ltr'>possessionibus,</span> <span class='ocrx_word' id='word_1_558' title='bbox 1455 5576 1583 5660; x_wconf 89' lang='lat' dir='ltr'>juribus</span> <span class='ocrx_word' id='word_1_559' title='bbox 1607 5582 1638 5640; x_wconf 90' lang='lat' dir='ltr'>et</span> <span class='ocrx_word' id='word_1_560' title='bbox 1662 5576 1842 5640; x_wconf 90' lang='lat' dir='ltr'>actionibus</span> <span class='ocrx_word' id='word_1_561' title='bbox 1874 5583 1904 5640; x_wconf 88' lang='lat' dir='ltr'>et</span> <span class='ocrx_word' id='word_1_562' title='bbox 1930 5577 2001 5639; x_wconf 90' lang='lat' dir='ltr'>aliis</span> <span class='ocrx_word' id='word_1_563' title='bbox 2026 5577 2122 5640; x_wconf 88' lang='lat' dir='ltr'>rebus</span> <span class='ocrx_word' id='word_1_564' title='bbox 2150 5575 2322 5640; x_wconf 89' lang='lat' dir='ltr'>mobilibus</span> <span class='ocrx_word' id='word_1_565' title='bbox 2346 5583 2378 5639; x_wconf 91' lang='lat' dir='ltr'>et</span> <span class='ocrx_word' id='word_1_566' title='bbox 2404 5576 2515 5639; x_wconf 94' lang='lat' dir='ltr'>imma-</span> 
     </span>
     <span class='ocr_line' id='line_1_47' title="bbox 691 5681 2515 5770; baseline 0 -24"><span class='ocrx_word' id='word_1_567' title='bbox 691 5681 810 5746; x_wconf 92' lang='lat' dir='ltr'>bilibus</span> <span class='ocrx_word' id='word_1_568' title='bbox 834 5683 875 5746; x_wconf 92' lang='lat' dir='ltr'>ad</span> <span class='ocrx_word' id='word_1_569' title='bbox 899 5683 1018 5748; x_wconf 90' lang='lat' dir='ltr'>dictam</span> <span class='ocrx_word' id='word_1_570' title='bbox 1042 5683 1211 5747; x_wconf 89' lang='lat' dir='ltr'>eeclesiam</span> <span class='ocrx_word' id='word_1_571' title='bbox 1235 5683 1631 5770; x_wconf 87' lang='lat' dir='ltr'>pertinentibus,dan1ina</span> <span class='ocrx_word' id='word_1_572' title='bbox 1659 5683 1756 5748; x_wconf 87' lang='lat' dir='ltr'>Petro</span> <span class='ocrx_word' id='word_1_573' title='bbox 1789 5683 2058 5770; x_wconf 90' lang='lat' dir='ltr'>archipresbitero</span> <span class='ocrx_word' id='word_1_574' title='bbox 2082 5684 2165 5747; x_wconf 90' lang='lat' dir='ltr'>dicte</span> <span class='ocrx_word' id='word_1_575' title='bbox 2198 5683 2319 5770; x_wconf 83' lang='lat' dir='ltr'>plebia,</span> <span class='ocrx_word' id='word_1_576' title='bbox 2343 5683 2515 5770; x_wconf 90' lang='lat' dir='ltr'>recipienti</span> 
     </span>
     <span class='ocr_line' id='line_1_48' title="bbox 689 5790 2515 5878; baseline 0 -26"><span class='ocrx_word' id='word_1_577' title='bbox 689 5791 759 5855; x_wconf 77' lang='lat' dir='ltr'>rice</span> <span class='ocrx_word' id='word_1_578' title='bbox 790 5813 827 5854; x_wconf 92' lang='lat' dir='ltr'>ac</span> <span class='ocrx_word' id='word_1_579' title='bbox 860 5791 987 5855; x_wconf 90' lang='lat' dir='ltr'>nominc</span> <span class='ocrx_word' id='word_1_580' title='bbox 1014 5791 1114 5878; x_wconf 89' lang='lat' dir='ltr'>ipsius</span> <span class='ocrx_word' id='word_1_581' title='bbox 1138 5791 1241 5877; x_wconf 89' lang='lat' dir='ltr'>plebis</span> <span class='ocrx_word' id='word_1_582' title='bbox 1265 5792 1383 5855; x_wconf 90' lang='lat' dir='ltr'>dictam</span> <span class='ocrx_word' id='word_1_583' title='bbox 1408 5791 1570 5855; x_wconf 90' lang='lat' dir='ltr'>dationem</span> <span class='ocrx_word' id='word_1_584' title='bbox 1595 5793 1626 5855; x_wconf 94' lang='lat' dir='ltr'>in</span> <span class='ocrx_word' id='word_1_585' title='bbox 1651 5793 1981 5877; x_wconf 89' lang='lat' dir='ltr'>recompensationem</span> <span class='ocrx_word' id='word_1_586' title='bbox 2005 5791 2139 5855; x_wconf 89' lang='lat' dir='ltr'>ecclesie</span> <span class='ocrx_word' id='word_1_587' title='bbox 2164 5791 2266 5855; x_wconf 88' lang='lat' dir='ltr'>saneti</span> <span class='ocrx_word' id='word_1_588' title='bbox 2289 5790 2515 5877; x_wconf 81' lang='lat' dir='ltr'>Appollinaris</span> 
     </span>
     <span class='ocr_line' id='line_1_49' title="bbox 690 5897 2515 5986; baseline -0.001 -24"><span class='ocrx_word' id='word_1_589' title='bbox 690 5899 844 5983; x_wconf 90' lang='lat' dir='ltr'>predicte,</span> <span class='ocrx_word' id='word_1_590' title='bbox 871 5900 914 5962; x_wconf 91' lang='lat' dir='ltr'>ita</span> <span class='ocrx_word' id='word_1_591' title='bbox 939 5899 1089 5963; x_wconf 78' lang='lat' dir='ltr'>videlicet</span> <span class='ocrx_word' id='word_1_592' title='bbox 1113 5907 1148 5961; x_wconf 93' lang='lat' dir='ltr'>ut</span> <span class='ocrx_word' id='word_1_593' title='bbox 1171 5899 1210 5962; x_wconf 87' lang='lat' dir='ltr'>do</span> <span class='ocrx_word' id='word_1_594' title='bbox 1235 5907 1341 5963; x_wconf 89' lang='lat' dir='ltr'>cetero</span> <span class='ocrx_word' id='word_1_595' title='bbox 1366 5899 1451 5962; x_wconf 90' lang='lat' dir='ltr'>dicta</span> <span class='ocrx_word' id='word_1_596' title='bbox 1476 5899 1610 5962; x_wconf 88' lang='lat' dir='ltr'>ecclesia</span> <span class='ocrx_word' id='word_1_597' title='bbox 1635 5900 1737 5963; x_wconf 89' lang='lat' dir='ltr'>sancti</span> <span class='ocrx_word' id='word_1_598' title='bbox 1761 5899 1925 5963; x_wconf 75' lang='lat' dir='ltr'>Ambrosii</span> <span class='ocrx_word' id='word_1_599' title='bbox 1950 5899 2035 5986; x_wconf 91' lang='lat' dir='ltr'>plebi</span> <span class='ocrx_word' id='word_1_600' title='bbox 2057 5899 2267 5963; x_wconf 82' lang='lat' dir='ltr'>Montisbellii</span> <span class='ocrx_word' id='word_1_601' title='bbox 2291 5899 2381 5961; x_wconf 94' lang='lat' dir='ltr'>nullo</span> <span class='ocrx_word' id='word_1_602' title='bbox 2410 5897 2515 5962; x_wconf 91' lang='lat' dir='ltr'>medio</span> 
     </span>
     <span class='ocr_line' id='line_1_50' title="bbox 689 6005 2514 6093; baseline -0.001 -25"><span class='ocrx_word' id='word_1_603' title='bbox 689 6007 730 6069; x_wconf 89' lang='lat' dir='ltr'>sit</span> <span class='ocrx_word' id='word_1_604' title='bbox 755 6007 901 6090; x_wconf 85' lang='lat' dir='ltr'>subjecta</span> <span class='ocrx_word' id='word_1_605' title='bbox 923 6007 1006 6070; x_wconf 89' lang='lat' dir='ltr'>sicut</span> <span class='ocrx_word' id='word_1_606' title='bbox 1029 6006 1106 6070; x_wconf 93' lang='lat' dir='ltr'>olim</span> <span class='ocrx_word' id='word_1_607' title='bbox 1131 6005 1191 6070; x_wconf 84' lang='lat' dir='ltr'>fuit</span> <span class='ocrx_word' id='word_1_608' title='bbox 1215 6007 1351 6071; x_wconf 88' lang='lat' dir='ltr'>ecclesia</span> <span class='ocrx_word' id='word_1_609' title='bbox 1376 6007 1478 6070; x_wconf 89' lang='lat' dir='ltr'>sancti</span> <span class='ocrx_word' id='word_1_610' title='bbox 1495 6007 1735 6093; x_wconf 78' lang='lat' dir='ltr'>Appollinaris3</span> <span class='ocrx_word' id='word_1_611' title='bbox 1754 6016 1785 6070; x_wconf 93' lang='lat' dir='ltr'>et</span> <span class='ocrx_word' id='word_1_612' title='bbox 1804 6007 2075 6092; x_wconf 80' lang='lat' dir='ltr'>Arclripresbiter,</span> <span class='ocrx_word' id='word_1_613' title='bbox 2093 6007 2148 6093; x_wconf 89' lang='lat' dir='ltr'>qui</span> <span class='ocrx_word' id='word_1_614' title='bbox 2164 6028 2222 6092; x_wconf 92' lang='lat' dir='ltr'>pra</span> <span class='ocrx_word' id='word_1_615' title='bbox 2246 6013 2392 6090; x_wconf 88' lang='lat' dir='ltr'>tempore</span> <span class='ocrx_word' id='word_1_616' title='bbox 2419 6005 2514 6068; x_wconf 88' lang='lat' dir='ltr'>fuerit</span> 
     </span>
     <span class='ocr_line' id='line_1_51' title="bbox 689 6113 2514 6200; baseline -0.002 -23"><span class='ocrx_word' id='word_1_617' title='bbox 689 6115 722 6179; x_wconf 90' lang='lat' dir='ltr'>in</span> <span class='ocrx_word' id='word_1_618' title='bbox 746 6114 832 6178; x_wconf 92' lang='lat' dir='ltr'>dicta</span> <span class='ocrx_word' id='word_1_619' title='bbox 856 6115 961 6200; x_wconf 85' lang='lat' dir='ltr'>plebe,</span> <span class='ocrx_word' id='word_1_620' title='bbox 984 6114 1084 6178; x_wconf 90' lang='lat' dir='ltr'>libere</span> <span class='ocrx_word' id='word_1_621' title='bbox 1109 6114 1228 6178; x_wconf 88' lang='lat' dir='ltr'>habeat</span> <span class='ocrx_word' id='word_1_622' title='bbox 1251 6115 1484 6178; x_wconf 88' lang='lat' dir='ltr'>institutionem</span> <span class='ocrx_word' id='word_1_623' title='bbox 1509 6123 1540 6178; x_wconf 91' lang='lat' dir='ltr'>et</span> <span class='ocrx_word' id='word_1_624' title='bbox 1565 6114 1804 6178; x_wconf 87' lang='lat' dir='ltr'>destitutionem</span> <span class='ocrx_word' id='word_1_625' title='bbox 1828 6115 1861 6177; x_wconf 91' lang='lat' dir='ltr'>iu</span> <span class='ocrx_word' id='word_1_626' title='bbox 1885 6114 1970 6178; x_wconf 89' lang='lat' dir='ltr'>dicta</span> <span class='ocrx_word' id='word_1_627' title='bbox 1994 6114 2130 6178; x_wconf 87' lang='lat' dir='ltr'>ecclesia</span> <span class='ocrx_word' id='word_1_628' title='bbox 2154 6115 2256 6177; x_wconf 85' lang='lat' dir='ltr'>saneti</span> <span class='ocrx_word' id='word_1_629' title='bbox 2279 6113 2462 6194; x_wconf 80' lang='lat' dir='ltr'>Ambrosii,</span> <span class='ocrx_word' id='word_1_630' title='bbox 2486 6126 2514 6175; x_wconf 90' lang='lat' dir='ltr'>ct</span> 
     </span>
     <span class='ocr_line' id='line_1_52' title="bbox 689 6221 2514 6308; baseline -0.004 -22"><span class='ocrx_word' id='word_1_631' title='bbox 689 6245 785 6308; x_wconf 91' lang='lat' dir='ltr'>quem</span> <span class='ocrx_word' id='word_1_632' title='bbox 808 6230 864 6286; x_wconf 89' lang='lat' dir='ltr'>aut</span> <span class='ocrx_word' id='word_1_633' title='bbox 888 6244 969 6308; x_wconf 91' lang='lat' dir='ltr'>quos</span> <span class='ocrx_word' id='word_1_634' title='bbox 993 6222 1142 6304; x_wconf 78' lang='lat' dir='ltr'>voluerit,</span> <span class='ocrx_word' id='word_1_635' title='bbox 1166 6223 1267 6308; x_wconf 90' lang='lat' dir='ltr'>possit</span> <span class='ocrx_word' id='word_1_636' title='bbox 1292 6222 1336 6286; x_wconf 92' lang='lat' dir='ltr'>ibi</span> <span class='ocrx_word' id='word_1_637' title='bbox 1360 6222 1398 6286; x_wconf 89' lang='lat' dir='ltr'>dc</span> <span class='ocrx_word' id='word_1_638' title='bbox 1424 6222 1578 6285; x_wconf 84' lang='lat' dir='ltr'>tratribus</span> <span class='ocrx_word' id='word_1_639' title='bbox 1602 6223 1668 6285; x_wconf 93' lang='lat' dir='ltr'>suis</span> <span class='ocrx_word' id='word_1_640' title='bbox 1692 6223 1853 6286; x_wconf 89' lang='lat' dir='ltr'>canonicis</span> <span class='ocrx_word' id='word_1_641' title='bbox 1877 6243 2007 6308; x_wconf 90' lang='lat' dir='ltr'>ponere,</span> <span class='ocrx_word' id='word_1_642' title='bbox 2023 6229 2066 6304; x_wconf 90' lang='lat' dir='ltr'>ct,</span> <span class='ocrx_word' id='word_1_643' title='bbox 2088 6221 2216 6307; x_wconf 90' lang='lat' dir='ltr'>quanda</span> <span class='ocrx_word' id='word_1_644' title='bbox 2240 6221 2392 6302; x_wconf 75' lang='lat' dir='ltr'>soluerit,</span> <span class='ocrx_word' id='word_1_645' title='bbox 2412 6243 2514 6284; x_wconf 89' lang='lat' dir='ltr'>rema·</span> 
     </span>
     <span class='ocr_line' id='line_1_53' title="bbox 688 6327 2515 6416; baseline -0.002 -24"><span class='ocrx_word' id='word_1_646' title='bbox 688 6351 775 6412; x_wconf 82' lang='lat' dir='ltr'>rere,</span> <span class='ocrx_word' id='word_1_647' title='bbox 800 6330 979 6394; x_wconf 91' lang='lat' dir='ltr'>secundum</span> <span class='ocrx_word' id='word_1_648' title='bbox 1003 6330 1089 6416; x_wconf 94' lang='lat' dir='ltr'>quod</span> <span class='ocrx_word' id='word_1_649' title='bbox 1113 6329 1192 6393; x_wconf 86' lang='lat' dir='ltr'>facit</span> <span class='ocrx_word' id='word_1_650' title='bbox 1216 6330 1248 6393; x_wconf 91' lang='lat' dir='ltr'>in</span> <span class='ocrx_word' id='word_1_651' title='bbox 1272 6330 1343 6393; x_wconf 91' lang='lat' dir='ltr'>aliis</span> <span class='ocrx_word' id='word_1_652' title='bbox 1368 6331 1434 6392; x_wconf 89' lang='lat' dir='ltr'>suis</span> <span class='ocrx_word' id='word_1_653' title='bbox 1458 6329 1648 6393; x_wconf 88' lang='lat' dir='ltr'>obedientiis</span> <span class='ocrx_word' id='word_1_654' title='bbox 1672 6329 1876 6392; x_wconf 89' lang='lat' dir='ltr'>manualibus</span> <span class='ocrx_word' id='word_1_655' title='bbox 1901 6337 1932 6393; x_wconf 88' lang='lat' dir='ltr'>et</span> <span class='ocrx_word' id='word_1_656' title='bbox 1956 6329 2063 6394; x_wconf 86' lang='lat' dir='ltr'>facere</span> <span class='ocrx_word' id='word_1_657' title='bbox 2087 6329 2262 6394; x_wconf 79' lang='lat' dir='ltr'>consuerit.</span> <span class='ocrx_word' id='word_1_658' title='bbox 2287 6327 2325 6392; x_wconf 91' lang='lat' dir='ltr'>In</span> <span class='ocrx_word' id='word_1_659' title='bbox 2344 6328 2422 6392; x_wconf 93' lang='lat' dir='ltr'>aliis</span> <span class='ocrx_word' id='word_1_660' title='bbox 2440 6349 2515 6390; x_wconf 71' lang='lat' dir='ltr'>tero</span> 
     </span>
     <span class='ocr_line' id='line_1_54' title="bbox 684 6435 2515 6524; baseline -0.003 -23"><span class='ocrx_word' id='word_1_661' title='bbox 684 6438 812 6523; x_wconf 88' lang='lat' dir='ltr'>juribus</span> <span class='ocrx_word' id='word_1_662' title='bbox 836 6437 1059 6524; x_wconf 89' lang='lat' dir='ltr'>spiritualibus</span> <span class='ocrx_word' id='word_1_663' title='bbox 1084 6435 1267 6520; x_wconf 72' lang='lat' dir='ltr'>canolailci,</span> <span class='ocrx_word' id='word_1_664' title='bbox 1286 6438 1341 6523; x_wconf 90' lang='lat' dir='ltr'>qni</span> <span class='ocrx_word' id='word_1_665' title='bbox 1357 6460 1415 6523; x_wconf 91' lang='lat' dir='ltr'>pro</span> <span class='ocrx_word' id='word_1_666' title='bbox 1431 6444 1576 6524; x_wconf 88' lang='lat' dir='ltr'>tempore</span> <span class='ocrx_word' id='word_1_667' title='bbox 1593 6436 1712 6500; x_wconf 87' lang='lat' dir='ltr'>fuerint</span> <span class='ocrx_word' id='word_1_668' title='bbox 1736 6437 1768 6499; x_wconf 94' lang='lat' dir='ltr'>in</span> <span class='ocrx_word' id='word_1_669' title='bbox 1789 6437 1875 6500; x_wconf 89' lang='lat' dir='ltr'>dicta</span> <span class='ocrx_word' id='word_1_670' title='bbox 1895 6438 2030 6501; x_wconf 89' lang='lat' dir='ltr'>ecclesia</span> <span class='ocrx_word' id='word_1_671' title='bbox 2047 6437 2151 6500; x_wconf 91' lang='lat' dir='ltr'>sancti</span> <span class='ocrx_word' id='word_1_672' title='bbox 2166 6435 2340 6518; x_wconf 83' lang='lat' dir='ltr'>Ambrosii,</span> <span class='ocrx_word' id='word_1_673' title='bbox 2358 6435 2515 6500; x_wconf 91' lang='lat' dir='ltr'>obediant</span> 
     </span>
     <span class='ocr_line' id='line_1_55' title="bbox 687 6542 2513 6631; baseline -0.003 -22"><span class='ocrx_word' id='word_1_674' title='bbox 687 6553 719 6610; x_wconf 88' lang='lat' dir='ltr'>et</span> <span class='ocrx_word' id='word_1_675' title='bbox 743 6545 912 6609; x_wconf 87' lang='lat' dir='ltr'>intendant</span> <span class='ocrx_word' id='word_1_676' title='bbox 936 6545 1065 6609; x_wconf 91' lang='lat' dir='ltr'>damino</span> <span class='ocrx_word' id='word_1_677' title='bbox 1089 6544 1250 6631; x_wconf 84' lang='lat' dir='ltr'>Episcopo</span> <span class='ocrx_word' id='word_1_678' title='bbox 1274 6553 1306 6608; x_wconf 88' lang='lat' dir='ltr'>et</span> <span class='ocrx_word' id='word_1_679' title='bbox 1337 6544 1482 6609; x_wconf 76' lang='lat' dir='ltr'>Ecclesia</span> <span class='ocrx_word' id='word_1_680' title='bbox 1507 6544 1696 6608; x_wconf 90' lang='lat' dir='ltr'>bononiensi</span> <span class='ocrx_word' id='word_1_681' title='bbox 1719 6544 1895 6608; x_wconf 91' lang='lat' dir='ltr'>secuudum</span> <span class='ocrx_word' id='word_1_682' title='bbox 1926 6545 2011 6630; x_wconf 91' lang='lat' dir='ltr'>quod</span> <span class='ocrx_word' id='word_1_683' title='bbox 2043 6544 2205 6607; x_wconf 81' lang='lat' dir='ltr'>iaciebant</span> <span class='ocrx_word' id='word_1_684' title='bbox 2233 6542 2272 6606; x_wconf 94' lang='lat' dir='ltr'>ed</span> <span class='ocrx_word' id='word_1_685' title='bbox 2295 6543 2513 6621; x_wconf 85' lang='lat' dir='ltr'>obediebant,</span> 
     </span>
    </p>
   </div>
   <div class='ocr_carea' id='block_1_3' title="bbox 0 0 2750 7750">
    <p class='ocr_par' dir='ltr' id='par_1_3' title="bbox 0 0 2750 7750">
     <span class='ocr_line' id='line_1_56' title="bbox 0 0 2750 7750; baseline 0 0"><span class='ocrx_word' id='word_1_686' title='bbox 0 0 2750 7750; x_wconf 95' lang='lat' dir='ltr'> </span> 
     </span>
    </p>
   </div>
  </div>
 </body>
</html>
