5484 7746
850 704 1082 754 senosanam
1110 704 1162 753 nn
1190 702 1444 754 rnoressonns
1472 703 1681 754 unnrcrnnn
2094 682 2168 752 219

353 879 413 921 sua
435 865 468 922 et
490 858 642 944 exigendi
667 859 774 924 omnia
794 860 871 945 jura
894 881 963 942 sua,
981 859 1133 946 predictis
1158 859 1305 923 omnibus
1329 859 1491 922 solvendis
1515 865 1547 923 et
1570 857 1793 944 adimplendis,
1810 864 1844 922 et
1866 857 1973 922 omnia
1997 865 2029 922 et
2044 858 2173 943 singula

353 965 492 1030 faciendi
510 973 542 1030 et
557 967 745 1050 exercendi,
763 989 824 1054 que
842 968 874 1031 in
890 967 1043 1055 predictis
1059 974 1092 1032 et
1107 989 1165 1054 pro
1182 966 1274 1031 dictis
1291 966 1505 1052 adimplendis
1521 974 1553 1030 et
1568 966 1724 1031 faciendis
1740 965 1860 1030 fuerint
1882 974 2072 1053 opportuna.
2089 966 2173 1030 Item

353 1073 491 1160 reliquid
516 1073 645 1139 domino
670 1074 809 1158 Tusch0‚
827 1073 896 1139 viro
921 1097 989 1158 suo,
1006 1075 1141 1160 triginta
1164 1073 1264 1138 libras
1287 1074 1541 1156 bononenorum‚
1559 1095 1617 1159 pro
1642 1073 1758 1160 quibus
1780 1072 1884 1138 voluit
1906 1093 1980 1136 eum
2003 1095 2073 1137 esse
2097 1095 2172 1137 ocn-

354 1186 496 1264 tentum,
521 1202 593 1245 cum
615 1182 688 1266 jure
713 1181 774 1246 sibi
798 1182 991 1268 competenti
1015 1181 1047 1246 in
1071 1181 1145 1244 dote
1169 1187 1202 1244 et
1230 1180 1270 1244 de
1293 1180 1367 1245 dote
1389 1180 1488 1266 ipsius
1512 1181 1636 1244 ratione
1660 1179 1878 1244 extimationis
1902 1179 2031 1243 mobilia
2062 1179 2172 1244 habite

352 1295 497 1374 tempore
521 1289 677 1353 contracti
700 1289 896 1353 matrimonii
920 1290 1003 1354 inter
1026 1310 1081 1354 eos
1105 1311 1147 1354 ex
1171 1288 1275 1353 forma
1298 1289 1410 1352 statuti
1435 1287 1620 1352 Communis
1642 1286 1799 1350 Bononie.
1822 1286 1866 1351 Et
1889 1287 1916 1349 si
1939 1286 2008 1372 ipse
2028 1287 2080 1350 vir
2101 1289 2171 1371 ejus

352 1401 478 1481 peteret
501 1395 623 1481 aliquid
647 1396 745 1478 aliud,
763 1397 814 1461 vel
838 1395 1008 1460 detrahere
1032 1395 1131 1461 vellet
1154 1394 1193 1460 de
1218 1395 1291 1459 dote
1316 1416 1374 1459 sua
1399 1395 1483 1458 ultra
1507 1394 1626 1458 dictam
1647 1393 1860 1479 quantitatem
1877 1393 1984 1478 aliquo
2003 1395 2087 1478 jure,
2108 1394 2172 1479 pri-

353 1503 443 1566 vavit
466 1524 540 1566 eum
563 1503 648 1568 dicto
671 1504 798 1588 legato,
822 1511 855 1568 et
879 1503 920 1567 ad
944 1503 1079 1567 heredes
1104 1524 1178 1568 suos
1201 1501 1284 1566 illud
1307 1502 1410 1566 voluit
1433 1501 1612 1588 pervenire.
1637 1501 1676 1564 In
1708 1501 1855 1564 omnibus
1887 1501 1958 1564 aliis
1990 1502 2056 1564 suis
2079 1501 2172 1565 bonis

353 1609 525 1674 mobilibus
550 1617 583 1674 et
611 1610 829 1674 immobilibus
853 1617 885 1674 et
906 1611 1034 1695 juribus
1062 1617 1094 1674 et
1118 1609 1297 1674 actionibus
1321 1609 1352 1673 ei
1375 1609 1631 1694 competentibus
1654 1614 1687 1672 et
1709 1607 1946 1694 conrpetituris,
1971 1608 2172 1672 Conventum

353 1715 506 1780 Fratrum
528 1716 774 1782 Predicatorum
797 1718 943 1782 Bononie
967 1717 1028 1782 sibi
1052 1739 1109 1804 pro
1135 1717 1243 1780 anima
1267 1737 1326 1780 sua
1349 1715 1501 1780 heredem
1525 1715 1665 1779 instituit
1695 1722 1727 1780 et
1757 1714 1904 1800 reliquid.
1928 1715 1971 1778 Et
1995 1715 2078 1779 hanc
2101 1735 2172 1780 esse

352 1824 457 1888 voluit
479 1846 571 1888 suam
594 1825 741 1888 ultimam
756 1825 974 1908 voluntatem3
992 1847 1099 1910 quam,
1117 1832 1152 1888 ut
1175 1823 1322 1909 superius
1346 1824 1537 1905 continetur,
1556 1822 1721 1886 observari
1737 1823 1882 1908 precepit
1897 1828 1930 1885 et
1945 1822 2053 1886 valere
2070 1823 2173 1888 voluit

350 1931 424 2015 jure
448 1931 650 2014 testamenti3
674 1937 707 1995 et
729 1931 756 1994 si
780 1953 844 1996 non
867 1932 991 1996 valeret
1012 1933 1063 1996 vel
1088 1951 1151 1995 non
1175 1930 1298 1995 valebit
1318 1931 1392 2014 jure
1416 1931 1610 2012 testamenti,
1628 1930 1743 1993 saltem
1766 1930 1876 1993 valere
1900 1928 2002 1993 voluit
2022 1930 2095 2013 jure
2120 1951 2172 1995 co·

353 2038 552 2122 dicillorum‚
577 2045 609 2102 et
630 2041 704 2122 jure
728 2040 959 2124 cujuscumque
982 2039 1094 2103 ultime
1118 2038 1312 2120 voluntatis,
1337 2059 1399 2123 quo
1422 2037 1537 2101 melius
1560 2037 1669 2101 valere
1703 2043 1825 2122 potest:
1851 2037 1963 2100 volens
1994 2044 2027 2100 et
2054 2038 2172 2121 jubens

354 2147 459 2233 ipsum
483 2154 676 2211 conventum
700 2169 770 2210 esse
795 2153 980 2211 contentum
1004 2146 1089 2210 dieta
1111 2145 1291 2210 hereditate
1324 2145 1410 2210 omni
1433 2165 1471 2208 oo
1495 2144 1582 2230 quod
1605 2145 1764 2230 supererit
1787 2144 1826 2208 de
1850 2144 1943 2208 bonis
1971 2145 2036 2208 suis
2061 2166 2172 2233 apre-

354 2253 447 2318 dictis
470 2254 587 2338 legetis
611 2261 643 2318 et
666 2254 797 2337 relictis,
822 2261 854 2318 et
878 2254 963 2339 quod
987 2254 1111 2318 ratione
1136 2253 1264 2316 falcidis
1289 2252 1501 2339 nonpossint
1525 2251 1646 2338 aliquid
1670 2251 1840 2315 detrahere
1866 2251 1918 2316 vel
1947 2252 2108 2316 defalcare
2133 2253 2172 2318 de

353 2361 446 2425 bonis
470 2363 535 2424 suis
560 2383 619 2426 nec
642 2361 759 2446 legatis
784 2361 946 2447 predictis,
970 2361 1095 2426 ratione
1119 2361 1202 2424 dicte
1227 2359 1454 2442 institutionis3
1480 2366 1512 2423 et
1535 2360 1580 2423 ita
1603 2359 1701 2423 scribi
1723 2359 1835 2423 voluit.

443 2468 562 2533 Actum
586 2469 618 2532 in
642 2467 738 2533 domo
762 2467 949 2532 monasterii
972 2469 1074 2532 sancti
1099 2468 1258 2532 Johannis
1281 2466 1463 2553 Baptisthe,
1480 2467 1512 2530 in
1530 2487 1593 2552 qua
1609 2473 1776 2530 morantur
1792 2465 1908 2531 fratres
1929 2467 1985 2552 qui
2007 2476 2174 2532 morantur

355 2575 484 2658 ibidem,
509 2598 617 2640 coram
642 2575 742 2639 fratre
765 2575 996 2639 Bartholcmeo
1020 2575 1059 2639 de
1083 2574 1240 2638 Rouzano
1263 2580 1296 2638 et
1318 2574 1419 2638 fratre
1442 2573 1616 2638 Francisco
1639 2573 1784 2660 predicto
1812 2573 1851 2636 de
1876 2573 1997 2638 Ordine
2020 2574 2172 2639 Predica·

353 2689 470 2765 torum,
492 2682 670 2769 predictam
694 2681 962 2767 cognoscentibus
985 2682 1194 2746 testatricem.
1218 2680 1428 2745 Presentibus
1453 2679 1553 2743 fratre
1575 2679 1743 2744 Bernardo
1767 2687 1800 2743 et
1823 2679 1922 2744 fratre
1946 2680 2094 2764 Daniele,
2111 2682 2172 2746 Or·

355 2790 438 2854 dinis
462 2791 565 2854 sancti
588 2790 766 2874 Augustini
789 2789 828 2854 de
853 2788 1071 2871 Columbaria,
1089 2788 1143 2874 qui
1164 2794 1331 2852 morantur
1355 2788 1396 2851 ad
1420 2787 1650 2852 monasterium
1674 2787 1777 2851 sancti
1800 2787 1960 2852 lobannis
1983 2789 2173 2874 predictum,

353 2898 483 2963 domino
506 2897 605 2962 Petro
629 2897 791 2982 quondam
814 2896 945 2960 Andree
969 2895 1008 2960 de
1034 2903 1147 2960 sancta
1169 2895 1298 2959 Helena
1325 2894 1364 2959 de
1395 2895 1499 2979 burgo
1530 2894 1721 2976 Predelate,
1745 2894 1886 2958 Martius
1914 2895 1980 2959 filio
2011 2897 2173 2981 quondam

355 3004 527 3069 Gerardini
550 3002 739 3068 Marehisini
762 3002 801 3066 de
825 3002 974 3084 Unaola,
999 3001 1054 3087 qui
1076 3009 1243 3066 morantur
1266 3001 1299 3064 in
1323 3000 1408 3064 dicto
1431 3000 1549 3084 burgo,
1575 3000 1790 3082 Zannebsllo,
1815 3000 1870 3086 qui
1892 3007 2026 3066 vocatur
2049 3003 2172 3088 Berga-

354 3112 459 3175 minus
483 3111 522 3174 de
546 3111 720 3196 Borgamo,
745 3110 800 3195 qui
823 3116 968 3174 moratur
990 3110 1031 3173 sd
1056 3109 1176 3172 dictum
1201 3109 1440 3190 monasterium,
1457 3107 1634 3172 Benedicta
1659 3107 1819 3193 quondam
1844 3108 1936 3192 Gilii,
1954 3116 1986 3172 et
2008 3111 2173 3196 Agynello

353 3219 419 3284 tilio
444 3218 606 3304 quondam
629 3218 818 3282 Bonezunte
842 3217 881 3280 de
907 3216 1057 3299 Galeria,
1083 3217 1136 3302 qui
1168 3222 1335 3280 morantur
1361 3215 1393 3278 in
1421 3216 1525 3300 burgo
1557 3215 1660 3279 sancti
1688 3215 1817 3301 Ysaye,
1841 3216 1976 3280 testibus
2008 3219 2173 3302 rogatisa

354 3327 440 3390 dicta
464 3326 638 3407 testatrice,
656 3346 718 3410 que
741 3324 845 3388 voluit
867 3324 951 3388 hanc
976 3345 1068 3387 suam
1092 3322 1239 3387 ultimam
1262 3323 1462 3387 voluntatem
1486 3329 1643 3385 secretam
1666 3343 1747 3405 esse,
1764 3329 1796 3386 et
1820 3323 1938 3408 deponi
1961 3331 2039 3410 aput
2067 3347 2172 3390 saere-

354 3434 448 3497 stiam
472 3431 624 3496 Fratrum
647 3431 892 3496 Predicatorum
916 3431 1062 3495 Bononie
1085 3429 1293 3514 sigillandum
1316 3429 1423 3514 sigillo
1447 3428 1569 3492 Prioris
1594 3429 1739 3512 ejusdem
1763 3437 1950 3494 cenventus.

444 3539 503 3622 (L.
520 3540 543 3621 †
560 3539 607 3621 S.)
632 3539 703 3624 Ego
726 3539 925 3603 Bonvicinus
949 3537 1112 3624 quondam
1137 3536 1300 3600 Leonardi
1320 3536 1457 3617 iirurani,
1482 3535 1642 3621 imperiali
1667 3537 1859 3600 auctoritate
1883 3537 2041 3618 notarius,
2059 3559 2172 3624 supra-

353 3648 507 3734 scriptam
530 3647 678 3710 ultimam
700 3646 902 3710 voluntatem
924 3645 1099 3710 testatricis
1123 3644 1276 3730 predicte,
1301 3643 1400 3729 ipsius
1426 3664 1560 3708 assensu
1584 3649 1617 3706 et
1639 3644 1815 3726 voluntate,
1841 3645 1964 3730 scripsi.

443 3863 493 3946 [A
516 3860 628 3948 terpa]
651 3861 894 3926 Testamentum
918 3859 1045 3924 domine
1069 3858 1228 3922 Bonafilie
1252 3858 1292 3921 de
1315 3857 1470 3942 Vignatio
1495 3857 1596 3921 sancti
1621 3855 1761 3922 Proculi.

442 3970 514 4056 Ego
538 3970 639 4034 frater
662 3969 855 4033 Franciscus
880 3967 1088 4032 bononiensis
1113 3966 1160 4030 fui
1191 3966 1382 4029 constitutus
1411 3971 1600 4052 procurator
1631 3965 1673 4028 ad
1705 3965 1930 4051 deponendum
1962 3968 2046 4031 istud
2074 3976 2172 4033 testa-

352 4086 496 4143 mentum
520 4079 552 4141 in
577 4076 724 4140 sacristia
747 4076 883 4140 fratrum
908 4074 1157 4162 predicatorum.

1221 4394 1299 4458 vn.

1108 4611 1207 4693 1274,
1234 4609 1275 4672 re
1298 4611 1417 4694 aprus.

385 4827 437 4892 Ex
462 4827 594 4890 archivo
618 4825 722 4890 sancti
744 4823 924 4907 Michaelis,
948 4824 1047 4910 vulgo
1071 4826 1105 4887 in
1129 4823 1233 4908 Basca,
1258 4844 1342 4888 nuuc
1366 4824 1400 4887 in
1423 4822 1504 4887 Tab.
1528 4822 1617 4886 Max.
1642 4824 1734 4906 bon,
1760 4830 1836 4887 sect.
1867 4824 2089 4889 «Derrroniole
2112 4851 2142 4908 ›,

547 4955 633 4997 num.
650 4913 723 5027 ᾗῇ,
749 4933 780 4996 in
804 4933 867 4996 lib.
877 4931 943 4996 VI:
968 4931 1174 4996 instrumenti
1197 4953 1212 4996 e
1236 4931 1388 4996 Scritturc
1411 4931 1581 4995 dnll'anno
1605 4932 1691 4994 1270
1712 4932 1859 4996 oll’anno
1883 4931 1979 4995 1278.

441 5147 480 5210 In
505 5149 633 5212 nomine
658 5146 814 5230 [Domini]
838 5147 940 5210 nostri
963 5147 1043 5210 lesu
1067 5146 1197 5228 Christi,
1214 5167 1318 5210 amen.
1343 5145 1439 5210 Anno
1463 5146 1641 5210 nativitatis
1665 5146 1735 5229 ejus
1759 5145 1928 5210 millesimo
1952 5146 2171 5212 ducentesimo

353 5255 592 5341 septuagesimo
617 5261 742 5340 quarto,
759 5253 933 5318 indictione
957 5254 1108 5336 secunda,
1125 5254 1177 5318 die
1201 5253 1423 5318 decimotertia
1446 5260 1585 5317 exeunte
1609 5252 1778 5339 aprilio?
1795 5253 1948 5338 magister
1974 5252 2171 5340 Synicardus

352 5362 602 5448 archipresbiter
626 5361 832 5426 bononiensis
851 5360 1006 5444 Ecclesia,
1024 5361 1156 5446 physice
1173 5360 1347 5447 professor,
1364 5360 1561 5443 desiderans,
1580 5360 1733 5446 quamdiu
1750 5360 1858 5445 vigeat
1875 5360 1906 5424 in
1924 5361 2066 5446 corporis
2082 5382 2171 5425 men·

352 5469 418 5533 bris
444 5469 534 5555 quies
563 5476 596 5533 et
619 5469 701 5532 ratio
725 5467 809 5553 regit
833 5473 990 5551 mentem,
1016 5467 1226 5532 condictionis
1248 5467 1389 5532 humane
1414 5467 1613 5532 immutabile
1637 5467 1781 5531 debitum
1807 5467 1975 5553 prevenire
1999 5489 2072 5532 cum
2096 5490 2171 5555 sepe

352 5577 433 5641 adeo
457 5577 616 5640 rationem
639 5576 754 5661 langor
778 5575 954 5658 obnubilet,
972 5581 1008 5639 ut
1031 5596 1095 5640 non
1119 5575 1223 5639 solum
1247 5575 1473 5660 temporalium
1497 5596 1615 5657 rerum,
1632 5595 1744 5638 verum
1767 5574 1864 5638 etiam
1888 5575 1938 5638 sui
1958 5575 2059 5660 ipsius
2077 5583 2172 5662 cogat

352 5685 452 5771 ipsius
467 5684 611 5769 langoris
627 5683 832 5748 vehementia
849 5683 1004 5766 oblivisci,
1021 5683 1097 5747 licet
1120 5683 1265 5747 infirmus
1289 5690 1374 5746 esset
1396 5704 1540 5769 corpore,
1558 5682 1705 5768 cognitus
1730 5705 1749 5746 a
1769 5682 1962 5746 monetario
1980 5682 2171 5769 subscripto,

352 5814 403 5857 res
424 5799 457 5856 et
472 5792 557 5855 bone
581 5812 713 5877 suaper
731 5812 862 5876 presens
879 5790 1133 5876 nuncupatiium
1149 5796 1377 5854 testamentum
1393 5797 1461 5854 tum
1478 5789 1546 5853 sine
1563 5789 1690 5875 scriptis
1707 5789 1864 5876 disposuit
1881 5788 1913 5852 in
1930 5788 2015 5853 hunc
2030 5789 2170 5854 modum.

351 5899 391 5963 In
408 5899 519 5984 primis
542 5920 600 5984 pro
624 5899 687 5963 Dei
711 5919 820 5961 amore
845 5919 882 5961 ae
905 5898 1027 5962 honore
1051 5904 1083 5961 et
1106 5918 1235 5961 suorum
1256 5897 1397 5961 remedio
1418 5904 1623 5983 pcccatorum
1640 5897 1810 5982 animeque
1827 5918 1884 5960 sue
1901 5896 2015 5978 salute,
2033 5896 2171 5982 reliquid

352 6007 468 6091 majori
493 6005 626 6070 ecclesie
650 6006 737 6069 beati
760 6006 851 6070 Petri
873 6005 1019 6070 Bononie
1043 6027 1101 6091 pro
1126 6027 1191 6069 una
1215 6004 1418 6091 cappellania
1440 6005 1509 6088 jam
1537 6004 1686 6068 ordinata
1708 6025 1767 6090 per
1794 6025 1868 6068 eum
1893 6004 1933 6067 ad
1957 6003 2059 6066 altare
2083 6002 2171 6067 beati

351 6114 482 6178 Andree
507 6114 607 6200 ipsius
631 6115 766 6178 ecclesie
789 6119 945 6200 perpetuo
969 6112 1119 6176 habenda
1142 6119 1174 6176 et
1197 6112 1367 6196 servanda,
1391 6113 1512 6198 petiam
1534 6133 1632 6176 unam
1656 6120 1740 6175 terre
1765 6111 1904 6176 aratoris
1921 6110 2031 6175 decem
2052 6117 2084 6174 et
2100 6120 2171 6176 octo

352 6228 602 6303 tornaturarum,
619 6221 757 6306 positam
778 6222 811 6284 in
835 6220 925 6284 curia
948 6227 1058 6284 sancte
1074 6219 1177 6283 Mario
1193 6219 1310 6284 Indcni
1325 6221 1358 6283 in
1374 6220 1444 6284 loco
1462 6219 1517 6304 qui
1532 6219 1649 6283 dicitur
1664 6218 1903 6304 Laguinellum,
1921 6225 1981 6282 etc.
2000 6218 2172 6304 posthanc

352 6337 385 6394 et
409 6327 678 6415 quedenrlllalia,
696 6351 757 6415 que
782 6329 814 6394 in
838 6329 923 6393 dicto
947 6350 1004 6392 suo
1028 6333 1220 6393 testamento
1245 6327 1412 6413 disposuit,
1430 6327 1475 6392 sic
1499 6326 1656 6413 disposuit
1679 6327 1728 6390 his
1752 6315 1859 6391 serbis
1884 6325 2071 6413 expressim.
2088 6326 2173 6390 Item

431 6562 470 6629 (1)
491 6562 543 6613 Sic.
