5492 7750
636 636 684 706 62
1419 652 1659 703 uouuuuuun

631 818 663 876 et
694 813 839 898 singulos
871 812 1016 877 Bononie
1047 817 1079 875 et
1109 809 1241 892 Ymole,
1267 809 1352 895 quod
1382 810 1537 874 deberent
1569 808 1822 874 satisfactionem
1854 816 1886 874 et
1917 809 2110 874 solutionem
2140 810 2250 874 salarii
2281 817 2313 874 et
2335 807 2454 896 Jrerum

632 923 815 987 ablatarum
838 921 945 984 faeere
969 920 1073 983 eidem
1093 918 1221 982 domiuo
1239 917 1423 999 Guilielmo‚
1443 923 1475 980 et
1491 917 1725 982 restitutionem
1750 917 1922 1004 pignorum
1946 923 1978 980 et
2002 918 2238 982 restitutionem
2253 919 2451 1001 cautionum,

630 1039 662 1094 et
686 1028 939 1093 satisfactionem
962 1027 1153 1090 damnorum
1177 1031 1209 1088 et
1232 1025 1439 1109 injuriarum,
1465 1024 1607 1110 alioquin
1632 1025 1775 1088 Comuue
1798 1024 1975 1088 Mediolani
1998 1024 2182 1110 provideret
2210 1025 2294 1090 dioto
2318 1025 2449 1090 domino

631 1136 817 1201 Guillielmo
842 1141 953 1199 eontra
977 1154 1052 1216 eos3
1069 1139 1101 1196 et
1118 1132 1203 1218 quod
1219 1131 1369 1195 viderunt
1385 1131 1644 1196 denuntiationes
1667 1131 1771 1195 factas
1795 1153 1853 1218 per
1875 1131 2037 1218 predictos
2061 1131 2289 1196 umbaxatores
2304 1133 2448 1217 Vicario,

630 1244 790 1309 Conseilio
811 1250 844 1307 et
864 1241 1000 1307 Comani
1023 1239 1169 1306 Bononie
1193 1261 1251 1304 suo
1276 1239 1415 1321 nomine,
1439 1246 1472 1303 et
1495 1238 1631 1303 Comani
1654 1238 1771 1303 Ymole
1795 1261 1837 1303 ex
1861 1247 1952 1326 perte
1976 1240 2194 1326 predictorum
2217 1240 2392 1305 Potestatis
2417 1249 2451 1306 et

630 1351 782 1418 Comanis
802 1349 978 1416 Mediolani
994 1355 1026 1413 et
1043 1347 1242 1412 dominorum
1261 1347 1291 1410 N
1293 1347 1458 1433 apaleonis
1482 1354 1515 1411 et
1536 1346 1740 1429 Francisebi,
1758 1347 1798 1410 ad
1819 1347 2007 1433 petitionem
2024 1347 2102 1412 dicti
2124 1348 2246 1413 domini
2270 1348 2449 1412 Guillielmi

628 1481 725 1546 super
748 1456 980 1539 solutionibus,
1004 1455 1278 1520 satisfactionibus
1302 1461 1335 1519 et
1359 1454 1614 1518 restitutionibus
1638 1453 1794 1518 faciendis
1818 1455 1922 1519 eidem
1945 1454 2074 1520 domiuo
2099 1454 2286 1520 Guillielmo
2310 1457 2349 1520 de
2373 1477 2448 1543 pre-

627 1569 720 1632 dictis
749 1565 985 1647 eomminando,
1010 1563 1181 1650 quodnisi
1212 1562 1366 1645 facerent,
1400 1561 1543 1627 Comune
1574 1562 1750 1627 Mediolani
1781 1569 1813 1626 et
1843 1562 1921 1627 dicti
1951 1562 2072 1626 domini
2096 1563 2135 1627 de
2159 1563 2192 1627 la
2216 1563 2319 1628 Turre
2344 1571 2390 1628 161
2414 1571 2448 1629 61

627 1681 735 1738 166166
763 1671 898 1756 injurias
929 1677 961 1735 et
992 1671 1110 1734 damna
1141 1670 1279 1733 tolerare
1311 1690 1374 1732 non
1407 1668 1567 1751 66166166,
1592 1668 1759 1733 studerent
1785 1669 1819 1730 iu
1849 1667 2001 1754 predictis
2030 1669 2178 1733 omnibus
2207 1669 2292 1733 dicto
2321 1669 2450 1736 domiuo

628 1775 1420 1866 (1611116166,6666166166661,666611666;(16
1449 1777 1564 1862 quibus
1593 1775 1890 1840 denuntiationibus
1923 1783 2014 1839 extat
2045 1776 2293 1841 instrumentum
2325 1777 2449 1842 sactum

626 1887 912 1970 MOOLXXHH,
936 1887 1040 1971 primo
1064 1885 1115 1948 die
1140 1884 1259 1948 mensis
1286 1883 1360 1967 julii
1391 1905 1449 1969 per
1482 1882 1674 1948 Guifredum
1706 1882 1888 1947 Caniollum
1919 1883 2099 1966 notarium;
2122 1890 2155 1946 et
2183 1884 2269 1970 quod
2297 1885 2450 1950 viderunt

626 2003 725 2062 testes
749 1996 790 2060 ab
815 2015 853 2060 eo
877 1995 1006 2059 domino
1030 1992 1217 2058 Guillielmo
1241 1991 1431 2077 productos,
1455 1998 1487 2055 et
1511 1990 1704 2055 audiverunt
1732 1990 1945 2074 allegationes
1968 1990 2068 2076 ipsius
2100 1991 2222 2056 domini
2251 1991 2449 2076 Guillielmi,

626 2111 659 2168 et
687 2103 953 2168 deliberationem
985 2101 1168 2165 habuerunt
1198 2099 1386 2183 diligentem
1417 2120 1514 2184 super
1544 2097 1715 2183 predictis3
1740 2104 1772 2161 et
1800 2097 2102 2180 consideraverunt,
2128 2099 2214 2184 quod
2242 2099 2384 2164 Comune
2416 2108 2449 2164 et

624 2211 771 2276 homines
788 2209 904 2274 Ymole
928 2208 1064 2273 subsunt
1087 2207 1224 2273 Comuni
1248 2213 1279 2270 et
1303 2205 1487 2270 bominibus
1511 2205 1656 2269 Bononie
1681 2211 1714 2269 et
1736 2204 1823 2290 quod
1845 2204 2046 2269 denuntiatio
2071 2204 2158 2269 facta
2178 2205 2314 2271 Comuni
2338 2215 2370 2272 et
2391 2208 2448 2273 bo-

624 2319 765 2383 minibus
789 2317 936 2382 Bononie
959 2315 1147 2380 tantundem
1172 2320 1305 2400 prestat,
1322 2313 1374 2377 uel
1398 2314 1501 2399 quasi,
1518 2333 1556 2376 ae
1579 2313 1606 2376 si
1629 2312 1716 2376 faeta
1740 2319 1824 2376 esset
1847 2311 2030 2377 bominibus
2051 2311 2186 2396 Ymole;
2211 2319 2244 2377 et
2268 2315 2353 2399 quod
2377 2315 2447 2401 ipse

625 2426 773 2490 dominus
797 2423 1003 2489 Gnillielmus
1027 2443 1136 2486 seeum
1159 2421 1253 2484 duxit
1276 2428 1308 2484 et
1332 2421 1434 2484 tenuit
1457 2442 1515 2484 sex
1535 2420 1679 2504 judiees,
1704 2419 1825 2484 scilieet
1856 2419 2020 2482 domiuum
2044 2419 2216 2485 Albertum
2248 2421 2288 2485 de
2319 2423 2445 2488 Deren-

624 2555 717 2618 zago,
733 2532 844 2618 legum
864 2531 1037 2613 doctorem,
1055 2528 1238 2594 Gnidonem
1261 2528 1439 2610 Nodinum,
1457 2527 1659 2593 Grimaldum
1684 2525 1887 2608 Anzimondi,
1904 2526 2064 2591 daeobum
2089 2527 2128 2592 de
2155 2528 2326 2612 Surexina,
2343 2529 2446 2594 Fran·

627 2641 747 2705 eiacum
778 2640 818 2703 de
843 2639 953 2721 Sexto,
978 2644 1010 2702 et
1035 2636 1235 2723 Gasparrum
1258 2637 1297 2700 de
1319 2635 1552 2721 Garbagniate,
1577 2643 1609 2699 et
1637 2642 1775 2720 quatuor
1802 2634 1920 2698 milites
1947 2634 1987 2698 de
2011 2635 2137 2720 magnis
2166 2643 2197 2700 et
2226 2637 2387 2702 nobilibus
2414 2647 2448 2702 et

626 2748 772 2813 discretis
796 2746 982 2828 Mediolani,
1006 2745 1072 2810 tale
1096 2751 1161 2809 est:
1185 2743 1347 2826 videlieet,

712 2854 806 2929 Quod
830 2853 924 2918 detur
947 2857 1184 2916 sacramentum
1207 2851 1292 2914 dieto
1316 2850 1444 2914 domiuo
1469 2849 1670 2931 Guillielmo,
1695 2856 1731 2913 ut
1751 2851 1839 2934 juret
1862 2849 1904 2913 ad
1935 2855 2047 2914 saneta
2077 2849 2140 2914 Dei
2167 2852 2340 2937 evangelia
2372 2875 2442 2918 eor·

621 2963 777 3050 poraliter
800 2967 901 3043 taeta,
926 2959 1012 3045 quod
1035 2960 1102 3044 ipse
1134 2958 1282 3022 dominus
1306 2957 1511 3022 Guillielmus
1543 2955 1600 3020 1611
1625 2955 1795 3042 adipsum
1824 2957 1968 3041 regimen
2000 2957 2067 3020 sive
2096 2957 2254 3042 regimina
2284 2959 2443 3044 predicta·

623 3093 694 3135 rum
725 3069 892 3134 civitatum
921 3067 1067 3132 Bononia
1099 3072 1131 3130 et
1161 3065 1279 3130 Ymole
1310 3066 1392 3129 bene
1423 3072 1454 3128 et
1484 3062 1658 3128 honorifice
1689 3071 1721 3127 et
1752 3063 1912 3146 decenter,
1937 3085 2008 3128 cum
2030 3063 2208 3148 judicibus,
2233 3065 2387 3131 militibus
2412 3075 2445 3132 et

623 3178 774 3260 notariis,
797 3175 985 3257 borrneriis,
1010 3173 1205 3255 domicellis,
1231 3172 1409 3254 scutiferis,
1433 3179 1469 3235 ut
1499 3171 1639 3235 debebat
1670 3171 1846 3234 secuudum
1870 3171 2006 3235 formam
2030 3171 2197 3236 literarum
2213 3173 2251 3236 'ei
2278 3182 2444 3258 presenta-

622 3293 730 3351 tarum
754 3284 793 3348 de
817 3284 902 3348 dieto
925 3282 1081 3368 regimine
1105 3303 1162 3345 seu
1186 3280 1414 3366 regiminibus3
1436 3285 1468 3342 et
1499 3279 1597 3343 etiam
1628 3299 1736 3342 secum
1768 3277 1882 3342 babuit
1905 3278 1977 3365 plus
2001 3301 2101 3343 uuum
2122 3279 2265 3364 judicem
2290 3287 2321 3344 et
2345 3302 2445 3346 unum

621 3393 767 3476 militem,
792 3413 890 3478 quam
913 3390 1071 3472 debebat3
1095 3396 1127 3454 et
1150 3388 1236 3474 quod
1259 3389 1348 3451 stetit
1375 3387 1409 3451 in
1432 3387 1516 3450 (11616
1539 3387 1714 3471 regimine,
1739 3392 1771 3450 et
1802 3385 1907 3472 ipsum
1939 3386 2082 3470 regimen
2107 3387 2250 3473 ipsarum
2274 3389 2442 3454 civitatum

622 3500 699 3565 fecit
721 3521 779 3586 per
802 3519 945 3562 mensem
968 3518 1085 3579 unum,
1111 3496 1208 3577 duos,
1232 3500 1315 3576 tres,
1340 3500 1478 3580 quatuor
1501 3499 1533 3558 et
1557 3494 1655 3557 etiam
1679 3494 1764 3558 circa
1788 3493 1947 3578 quinque;
1970 3500 2003 3556 et
2027 3493 2129 3578 quod,
2154 3495 2232 3558 ortis
2263 3498 2440 3561 eontentio·

622 3608 717 3673 nibus
741 3613 773 3671 et
796 3605 1007 3670 seditionibus
1038 3605 1122 3668 inter
1152 3610 1261 3689 partes
1293 3602 1333 3665 de
1365 3601 1519 3664 Zeremiis
1550 3608 1582 3664 et
1612 3600 1846 3665 Lambertaaiis
1873 3600 1913 3664 de
1943 3601 2092 3664 Bononia
2123 3608 2156 3664 et
2188 3601 2265 3687 ipsis
2296 3605 2442 3689 partibus

622 3715 752 3780 insimul
774 3713 1004 3801 preliantibus,
1029 3711 1116 3775 misit
1146 3711 1186 3775 de
1209 3709 1364 3774 militibus
1388 3709 1472 3791 suis,
1496 3708 1630 3772 notariis
1659 3714 1691 3772 61
1720 3708 1913 3790 berrueriis,
1938 3707 2115 3772 domicellis
2146 3715 2178 3772 et
2210 3711 2369 3774 scutiferis
2401 3712 2443 3775 ed

622 3822 830 3888 dividendum
854 3821 940 3885 diota
962 3819 1049 3884 bella
1073 3824 1105 3882 et
1132 3818 1308 3882 discordias
1338 3817 1476 3903 pluries;
1500 3821 1532 3879 et
1565 3816 1651 3901 quod
1679 3815 1824 3879 homines
1851 3815 1994 3901 predicte
2018 3816 2157 3880 civitatis
2181 3816 2326 3882 Bononie
2351 3827 2443 3882 erant

622 3931 653 3996 ei
675 3938 708 3996 et
731 3931 777 3994 616
801 3928 1039 4010 inobedientes,
1064 3933 1096 3990 et
1119 3926 1205 4012 quod
1228 3926 1261 3989 in
1285 3926 1355 4009 ejus
1380 3924 1586 4010 obprobrium
1611 3929 1643 3987 61
1667 3923 1894 3988 contumeliam
1923 3930 1954 3987 et
1982 3923 2134 4008 injuriam
2158 3933 2386 4010 percusserunt
2409 3935 2442 3990 et

621 4038 875 4102 vulneraverunt
897 4034 1006 4120 plures
1029 4033 1069 4097 de
1092 4033 1258 4115 militibus,
1275 4031 1459 4113 berrueriis,
1477 4029 1620 4112 notariis,
1637 4030 1814 4094 domicellis
1836 4036 1868 4094 et
1891 4029 1963 4093 aliis
1987 4029 2026 4093 de
2050 4030 2173 4094 familia
2193 4031 2293 4116 ipsius
2317 4032 2438 4096 domini

622 4143 810 4225 Guillielmi,
835 4149 867 4206 et
889 4143 999 4228 plnres
1022 4161 1122 4226 equos
1145 4139 1223 4204 dicti
1246 4139 1367 4203 domini
1391 4137 1579 4220 Guillielmi,
1596 4158 1660 4202 nou
1685 4136 1943 4222 obtemperantes
1967 4159 2025 4200 nec
2050 4137 2235 4202 obedientes
2259 4139 2390 4221 eisdem,
2409 4148 2442 4203 et

622 4251 709 4338 quod
732 4250 832 4315 sensit
854 4249 1008 4314 damnum
1030 4269 1089 4333 per
1111 4246 1369 4311 vulnerationem
1392 4245 1550 4310 dictorum
1573 4265 1729 4329 equorum
1752 4265 1884 4308 suorum
1907 4245 1940 4307 in
1957 4245 2136 4329 quantitate
2153 4244 2310 4309 librarum
2327 4246 2440 4332 trigin-

622 4358 816 4444 taquinque;
834 4362 866 4421 et
890 4355 985 4441 qnod,
1009 4355 1222 4419 existentibus
1245 4352 1397 4440 predictis
1422 4351 1598 4434 discordiis,
1617 4350 1760 4416 Comune
1784 4358 1816 4416 et
1846 4352 1992 4416 homines
2016 4352 2155 4416 civitatis
2179 4352 2326 4417 Bononie
2349 4375 2441 4418 recu·

622 4466 739 4531 666661
762 4463 928 4529 attendere
952 4470 984 4526 et
1007 4462 1179 4527 observare
1202 4467 1355 4548 precepta
1378 4459 1478 4546 ipsius
1509 4459 1631 4523 domiui
1662 4459 1858 4542 Gnillielmi,
1882 4459 2050 4544 preliando
2081 4481 2155 4524 eum
2183 4460 2225 4524 ad
2256 4461 2386 4524 domum
2409 4469 2442 4526 et

622 4572 814 4660 apponendo
838 4571 942 4636 scolas
967 4570 1008 4634 ad
1029 4591 1147 4653 muros,
1164 4569 1309 4633 66166166
1326 4567 1446 4632 intrare
1463 4567 1567 4652 ipsam
1583 4566 1711 4631 domum
1728 4573 1849 4630 etcum
1866 4587 1991 4651 aspere,
2009 4573 2041 4630 et
2057 4567 2296 4632 exclamantes:
2315 4605 2357 4614 -
2373 4591 2441 4634 mo-

620 4682 733 4762 riatur,
759 4678 914 4743 moriatur
936 4713 980 4722 -
1004 4683 1036 4740 et
1058 4675 1157 4740 etiam
1179 4675 1325 4739 volentes
1348 4694 1468 4760 ponere
1491 4673 1600 4758 ignem
1623 4679 1656 4736 et
1678 4673 1853 4737 accendere
1877 4680 2005 4758 portam
2032 4673 2242 4738 habitationis
2274 4675 2351 4738 dieti
2384 4675 2440 4739 do·

620 4789 700 4853 mini
723 4785 903 4852 Gnillielmi
927 4791 1002 4848 tuuc
1024 4783 1218 4865 Potestatis3
1236 4787 1269 4846 et
1291 4781 1378 4867 quod
1401 4781 1522 4845 dictum
1547 4779 1689 4844 Comune
1713 4787 1745 4844 et
1767 4779 1914 4844 homines
1938 4780 2096 4863 Bononie,
2114 4781 2183 4867 ipso
2201 4781 2331 4846 domino
2348 4781 2440 4846 Guil-

619 4896 729 4961 lielmo
752 4894 912 4958 existente
935 4893 969 4957 16
992 4891 1078 4956 (11616
1102 4889 1277 4975 regimine,
1302 4895 1415 4954 eontra
1445 4889 1646 4952 voluntatem
1676 4887 1777 4972 ipsius
1809 4887 1930 4951 domini
1955 4887 2132 4952 Guillielmi
2156 4889 2441 4974 apprehenderunt

617 5004 776 5090 palatium
800 5008 833 5065 61
855 5008 960 5065 turres
984 4998 1136 5064 Comanis
1159 4996 1306 5061 Bononie
1322 5002 1355 5060 et
1370 4995 1511 5059 maxime
1526 4994 1665 5080 populus
1681 4994 1828 5058 Bononie
1845 5001 1877 5058 et
1892 5015 1968 5079 pars
1985 4994 2025 5059 de
2041 4995 2287 5079 Geremiuistll3
2306 5003 2337 5060 et
2354 4996 2439 5081 quod

620 5115 815 5196 aeceperunt
834 5107 968 5173 balistas
992 5105 1069 5170 dicti
1085 5103 1238 5169 Oomunis
1261 5124 1321 5166 sua
1343 5102 1545 5184 auctoritate,
1563 5123 1625 5187 que
1648 5107 1741 5165 erant
1764 5123 1861 5188 super
1884 5101 2024 5188 palatio;
2042 5109 2074 5166 et
2091 5102 2176 5187 quod
2193 5103 2353 5166 intantum
2373 5109 2440 5166 tur·

618 5219 780 5283 barerunt
811 5215 956 5301 regimen
986 5214 1057 5298 ejus
1094 5218 1126 5276 et
1157 5213 1263 5298 ipsum
1294 5210 1548 5296 impediverunt,
1573 5208 1659 5294 quod
1692 5229 1756 5272 nou
1787 5209 1892 5293 potuit
1928 5209 1981 5272 661
2021 5230 2085 5273 666
2128 5216 2256 5295 poterat
2288 5231 2441 5274 exercere

620 5327 741 5390 dictum
764 5324 927 5409 regimen3
953 5327 984 5385 et
1008 5319 1093 5406 quod
1117 5320 1269 5383 dixerunt
1292 5317 1353 5404 ipsi
1376 5317 1505 5381 domino
1531 5316 1717 5380 Guillielmo
1749 5315 1834 5401 qnod
1864 5316 2019 5380 nolebant
2048 5315 2134 5402 quod
2162 5323 2290 5402 regeret
2313 5317 2376 5380 6161
2399 5316 2440 5380 ad

619 5434 820 5499 uoluntatem
843 5429 945 5516 partis
968 5428 1008 5493 (16
1033 5426 1225 5509 (1666611616,
1250 5425 1392 5511 61166616
1417 5424 1594 5488 abstineret
1618 5424 1657 5487 de
1682 5423 1766 5487 dieto
1790 5423 1964 5508 regimine,
1989 5430 2021 5487 61
2052 5424 2137 5509 quod
2169 5445 2245 5509 pars
2274 5423 2313 5487 do
2341 5423 2439 5488 Lam-

618 5539 770 5606 bertaciis
794 5536 932 5623 expulsa
955 5535 1017 5599 fuit
1041 5535 1080 5600 de
1104 5534 1234 5598 61611616
1257 5533 1403 5596 Β666616
1426 5553 1485 5618 per
1508 5538 1634 5617 partem
1657 5530 1696 5594 de
1722 5529 1921 5613 Gereminis,
1945 5537 1977 5594 et
2001 5531 2086 5616 quod
2107 5553 2183 5617 pars
2200 5531 2240 5595 de
2257 5530 2439 5594 Gereminis

619 5648 718 5734 elegit
742 5646 880 5710 alterum
902 5644 1117 5724 Potestatem,
1141 5640 1293 5704 videlieet
1316 5639 1481 5703 dominum
1503 5637 1689 5702 Rolandum
1712 5637 1899 5722 Putagium,
1917 5638 1986 5724 ipso
2005 5638 2135 5702 domino
2160 5638 2346 5703 Guillielmo
2369 5639 2439 5702 exi·

619 5761 724 5819 stente
749 5753 781 5816 in
805 5751 935 5815 civitate
958 5749 1123 5831 Bononie;
1149 5755 1181 5812 et
1204 5747 1443 5833 quodpropter
1466 5744 1612 5830 predicta
1644 5745 1712 5829 ipse
1744 5744 1891 5809 dominus
1923 5745 2128 5809 Gnillielmus
2162 5766 2294 5809 neeesse
2325 5744 2439 5809 habuit

619 5860 785 5926 discedere
816 5865 848 5922 et
879 5857 1026 5923 discessit
1052 5856 1093 5920 ab
1125 5856 1195 5942 ipso
1226 5854 1399 5940 regimine,
1424 5859 1456 5916 et
1488 5851 1583 5937 quod,
1608 5852 1706 5915 etiam
1737 5852 1807 5937 ipso
1838 5851 1966 5916 domino
1998 5851 2185 5916 Guillielmo
2216 5851 2374 5916 existente
2406 5851 2439 5914 in

617 5969 757 6056 hospitio
790 5967 822 6030 in
854 5987 917 6053 quo
945 5964 1070 6030 solebat
1093 5985 1244 6027 exercere
1268 5961 1413 6046 regimen
1437 5981 1548 6043 suum,
1573 5965 1648 6023 6616
1673 5980 1770 6045 quam
1794 5959 1855 6023 iret
1878 5959 1919 6022 ad
1944 5959 2073 6023 domum
2101 5959 2254 6023 Fratrum
2276 5959 2438 6023 Minorum

617 6098 676 6163 per
700 6081 839 6161 quatuor
863 6073 931 6138 dies
954 6071 1007 6136 661
1030 6078 1113 6154 tres,
1138 6070 1307 6154 elegerunt
1337 6069 1385 6131 illi
1415 6068 1454 6130 de
1485 6073 1577 6152 parte
1606 6066 1645 6130 de
1674 6066 1863 6130 Geremiuis.
1887 6073 2026 6152 quatuor
2049 6067 2195 6130 homines
2219 6067 2258 6130 de
2282 6073 2373 6152 parte
2397 6065 2437 6129 de

619 6183 800 6249 Gereminis
824 6182 866 6246 ad
889 6180 1083 6261 faciendum,
1101 6186 1133 6242 et
1158 6178 1212 6264 qni
1235 6176 1409 6258 faciebant,
1426 6175 1570 6259 regimen
1591 6174 1677 6237 illius
1702 6173 1858 6255 616116116;
1876 6183 1907 6236 61
1931 6174 2015 6259 quod
2040 6172 2093 6238 ille
2117 6174 2265 6237 dominus
2290 6173 2437 6237 Guilliel-

618 6315 688 6358 mus
711 6292 859 6357 discessit
883 6312 902 6354 a
926 6289 1020 6354 domo
1045 6287 1198 6354 Comanis
1220 6285 1366 6351 Bononie
1390 6290 1422 6348 et
1445 6283 1504 6347 1611
1528 6283 1569 6347 ad
1593 6282 1722 6346 domum
1741 6281 1893 6345 Fratrum
1913 6281 2075 6345 Minorum
2096 6303 2169 6346 cum
2185 6282 2275 6367 equis
2292 6289 2324 6345 61
2340 6280 2437 6344 armis

698 6525 736 6589 (r)
757 6521 808 6574 66.
