5484 7746
1066 679 1257 730 APPENDIX
1283 678 1431 728 ALTERA

399 834 577 919 Gregorius
604 834 774 900 Bonifacio
805 836 908 920 primo
940 835 1119 900 defensed:
1155 842 1219 918 post

332 965 450 1027 panca:
464 942 549 1017 Quia
564 943 663 1028 igitur
688 942 893 1007 defensorum
910 943 1049 1008 officium
1066 943 1097 1006 in
1114 941 1219 1006 causis

334 1049 479 1115 Ecclesia
503 1057 535 1114 et
556 1049 718 1135 obsequiis
750 1051 892 1114 noscitur
919 1050 1068 1115 laborare
1092 1049 1219 1135 pontifi·

335 1180 417 1240 cuin,
435 1160 496 1222 hac
520 1179 574 1222 eos
596 1179 748 1222 concessa
765 1159 988 1244 perspeximus
1005 1177 1218 1244 reconpensa-

335 1267 431 1330 tionis
455 1267 663 1352 prerogativa
686 1265 839 1351 gaudere,
857 1268 1087 1330 constituentes
1109 1273 1144 1329 ut
1160 1265 1219 1328 sci·

334 1375 409 1439 ilcet
433 1375 466 1438 in
487 1373 605 1438 Schola
622 1375 819 1438 notariorum
836 1381 932 1459 atquc
950 1374 1219 1438 subdiaconorum

335 1503 393 1568 per
417 1481 575 1546 indultam
599 1482 695 1566 longe
717 1487 802 1546 retro
819 1481 1012 1546 Pontificum
1034 1481 1219 1566 largitatem

335 1590 399 1652 sint
422 1589 599 1674 regionarii
622 1589 798 1670 constituti,
823 1595 884 1653 etc.

400 1697 473 1782 Cap.
500 1699 636 1782 sequenti
662 1695 720 1760 C..·

399 1804 439 1878 Q.
453 1826 538 1890 papa
556 1804 732 1887 Gregorius
745 1802 891 1866 Romano
909 1802 1070 1867 defensori
1086 1800 1220 1864 adauxit

338 1912 505 1976 honorem.

399 2017 575 2102 Gregorius
592 2017 690 2082 Petro
707 2016 903 2080 subdiacono
921 2015 1029 2080 Sicilie
1046 2015 1085 2080 dc
1103 2014 1219 2079 divinis

336 2129 458 2192 causis:
483 2129 563 2190 inter
585 2135 721 2191 caetera:
743 2126 927 2190 Romanum
962 2125 1163 2188 defensorem
1187 2123 1219 2186 iu

335 2236 442 2322 gratia
461 2233 691 2298 familiaritatis
708 2234 825 2320 recepi.
844 2233 961 2298 Coram
978 2232 1062 2296 clero
1078 2230 1219 2317 polypti-

337 2364 410 2407 enrn
433 2342 554 2406 deduxi
578 2341 792 2428 presbiterum
816 2348 848 2404 et
872 2341 959 2403 auxi.
983 2339 1021 2402 ln
1052 2340 1122 2404 loco
1146 2359 1220 2402 eum

337 2451 540 2536 superiorum
564 2450 647 2513 inter
672 2449 857 2513 defensores
882 2447 985 2534 posui,
1010 2455 1070 2511 etc.

403 2557 477 2640 Cap.
505 2555 593 2620 CIX.
618 2556 751 2620 eiusdem
775 2555 866 2618 libri:

398 2663 492 2738 Quod
526 2661 681 2748 Spiritum
713 2661 866 2726 Sanctum
896 2661 1139 2746 blasphemant,
1165 2660 1220 2745 qni

336 2777 449 2835 contra
473 2792 581 2834 sacros
605 2791 744 2834 oenones
769 2790 919 2854 perverse
944 2774 1056 2852 agunt.

399 2877 576 2961 Gregorius
600 2897 685 2962 papa
705 2877 848 2940 Johami
872 2877 1021 2962 episcopo
1039 2874 1219 2940 Corinthio·

339 3008 419 3049 rum.
437 2985 643 3070 Aequitatem
661 2992 757 3070 atque
775 2985 1023 3048 sollicitudinem
1044 2983 1220 3048 Secundini

336 3093 444 3156 fratris
468 3100 500 3156 ct
524 3093 704 3179 coepiscopi
729 3092 838 3173 nostri,
857 3111 918 3176 que
936 3092 1012 3154 olim
1029 3091 1120 3155 nobis
1137 3091 1219 3154 benc

337 3207 406 3263 crat
429 3200 575 3284 cognita,
600 3199 699 3262 etiam
727 3199 827 3262 series
848 3197 995 3282 judicata
1018 3198 1218 3262 monstravit.

337 3307 375 3370 In
399 3329 462 3392 qua
486 3328 520 3370 re
545 3306 640 3370 valde
665 3306 785 3391 placuit
814 3306 959 3391 latosque
984 3305 1132 3386 reddidit,
1158 3311 1218 3368 etc.

392 3416 557 3479 Plurimae
567 3416 647 3478 aliae
658 3414 721 3478 diri
736 3415 878 3498 Greporii
891 3415 1029 3496 epistolae
1040 3414 1222 3496 afferuntur

336 3523 421 3587 libris
440 3522 640 3607 sequentibus,
658 3542 735 3606 quas
757 3529 858 3585 tornea
881 3521 929 3584 liic
958 3522 1134 3603 arrrittimus,
1150 3542 1220 3584 cura

338 3634 370 3694 iu
396 3632 523 3714 tntlpatis
542 3630 686 3713 Gregorii
708 3629 795 3692 libris
818 3628 999 3692 habeantur.
1016 3629 1133 3712 Aliqua
1150 3635 1218 3692 tan·

337 3747 400 3803 turn
437 3738 484 3801 bic
508 3738 685 3802 adiiciemus
709 3737 745 3800 de
776 3738 814 3799 ils
844 3736 932 3800 libris
963 3738 1016 3820 qui
1046 3738 1079 3798 iu
1113 3735 1219 3801 Codice

337 3845 509 3909 Barberino
525 3844 750 3908 desiderantur.
770 3843 831 3907 Sed
840 3845 946 3928 primo
966 3844 1136 3907 ndartdum
1159 3865 1217 3908 nu·

337 3975 456 4018 merum
478 3954 683 4036 capitulorum
706 3954 739 4014 in
759 3951 812 4015 boc
832 3950 938 4016 Codice
955 3954 1078 4016 nrinr'nre
1094 3973 1217 4035 respon·

334 4062 405 4126 dere
429 4063 466 4125 iis
482 4083 559 4146 quae
575 4062 608 4123 in
625 4059 797 4124 Barberino
813 4062 993 4124 rictarirnus.
1011 4058 1073 4141 Ita,
1090 4060 1219 4144 eaernpli

332 4171 446 4253 pratia,
463 4167 539 4233 liber
553 4169 677 4251 primus
700 4169 830 4231 contiuet
849 4167 984 4250 capilula
1001 4165 1219 4250 LXXXIX,

340 4277 492 4340 secundas
514 4273 699 4338 LXXXII.
710 4324 718 4356 ,
731 4273 808 4337 liber
829 4276 937 4338 tertius
964 4273 1027 4337 CX
1032 4272 1128 4355 VII,
1144 4273 1220 4338 liber

338 4390 467 4468 quartus
484 4380 576 4464 LV.,
593 4380 669 4445 liber
686 4383 812 4466 quietius
824 4379 1047 4463 LXXVIII,
1063 4381 1140 4445 liber
1153 4401 1219 4446 sec-

337 4499 386 4555 tus
412 4488 509 4572 CCL,
532 4488 609 4553 liber
631 4491 775 4573 septimus
801 4487 917 4554 CCIX.

399 4596 494 4661 Liber
517 4595 610 4660 VIII.
621 4647 629 4678 ,
647 4603 679 4660 ut
702 4599 765 4660 iarn
784 4597 827 4660 ad
846 4617 911 4661 reru
929 4599 1094 4679 veniainns,
1111 4598 1219 4660 iuscri-

338 4706 421 4768 bifnr
443 4704 493 4768 De
517 4703 644 4790 Lapsis.
672 4702 810 4768 Continet
832 4704 967 4788 capitula
982 4702 1169 4788 XXXIX,
1185 4706 1219 4768 in

339 4811 447 4897 quibus
464 4812 568 4895 primo
588 4813 758 4896 generatim
773 4813 878 4896 apitur
900 4812 937 4875 de
960 4812 1085 4893 clericis,
1101 4819 1165 4874 tum
1182 4811 1220 4876 de

339 4921 491 5004 episcopis,
502 4917 698 5002 presbyteris,
714 4920 897 5002 caeterisque
918 4921 952 4981 iu
976 4918 1147 4983 mitioribus
1169 4939 1219 4982 or-

338 5026 461 5090 dinibus
483 5027 660 5089 constitutis.
684 5025 731 5088 Ac
748 5026 847 5108 plura
869 5025 924 5089 liae
946 5025 1023 5089 libro
1041 5026 1222 5108 afferrentur

338 5136 458 5198 decreta
481 5154 518 5196 ec
543 5133 692 5217 Greporio
712 5131 758 5195 M.
778 5132 937 5211 Quaedam
952 5135 1041 5197 etiam
1059 5155 1095 5198 ec
1111 5133 1221 5198 Stricio

332 5264 418 5328 papa
441 5249 468 5306 et
494 5239 658 5325 Cypriane.

402 5348 492 5412 Libri
514 5346 577 5412 IX.
595 5349 730 5430 capita-la
753 5355 825 5412 sunt
847 5346 994 5431 LXIX,
1012 5350 1045 5411 in
1062 5348 1170 5432 quibus
1184 5348 1222 5413 de

340 5457 545 5521 Sacramentis
565 5455 636 5538 fuse
656 5457 770 5541 cipitur.
787 5455 919 5519 Decreta
935 5477 1013 5540 quae
1028 5455 1137 5520 ibidem
1152 5477 1221 5520 con·

2087 657 2161 728 283

1283 833 1453 920 desinitque
1468 835 1544 898 liber
1561 837 1593 898 in
1610 836 1795 919 explicandis
1810 837 1994 920 capitationis
2004 835 2161 921 proditus.

1284 940 1413 1005 Praeter
1435 942 1588 1028 Greporii,
1604 942 1800 1028 Hieronymi,
1816 945 2009 1028 aliorumque
2032 964 2163 1006 snmnm·

1282 1071 1355 1113 ruru
1377 1051 1553 1134 pontificum
1579 1053 1703 1116 riornina
1725 1051 1768 1114 ad
1788 1059 1879 1136 caput
1900 1050 2032 1114 XXIX.
2050 1052 2099 1116 Dc
2117 1072 2165 1115 se·

1281 1157 1450 1241 paratione
1481 1158 1743 1242 coniugatorum,
1770 1159 1824 1244 qui
1858 1158 1958 1221 filium
1994 1158 2165 1222 defunctae

1283 1270 1502 1349 susceperunt,
1526 1267 1640 1329 citatur
1662 1265 1850 1348 Deusdedit,
1874 1275 1995 1330 satiatae
2018 1287 2165 1330 rmrrauae

1282 1369 1433 1435 Ecclesiae
1450 1378 1476 1434 et
1491 1373 1670 1456 apostolicae
1685 1372 1862 1458 Episcopus,
1876 1373 2040 1437 Gordiano
2057 1375 2165 1459 hispa-

1283 1477 1403 1542 niensis
1419 1477 1563 1542 Ecclssie
1585 1481 1773 1566 coepiscopo
1790 1487 1822 1544 et
1838 1481 1929 1544 fratri
1946 1481 2164 1563 dilectissimo,

1283 1593 1335 1651 etc.

1346 1695 1398 1757 Ad
1420 1702 1511 1778 caput
1535 1693 1659 1757 XXXI
1669 1694 1704 1758 V.
1721 1698 1892 1760 recitantur
1914 1697 2071 1761 duodecim
2088 1719 2165 1762 nna·

1282 1802 1466 1866 tbeenatisrui
1481 1804 1578 1866 sancti
1598 1803 1741 1887 Greqorii
1757 1802 1802 1866 M.
1815 1806 1895 1867 circa
1912 1825 1976 1868 rem
1991 1825 2164 1868 sacrurnen·

1283 1909 1406 1972 lariani.
1430 1908 1483 1972 En
1507 1911 1648 1973 initium:

1347 2016 1381 2079 Si
1405 2017 1476 2102 quis
1499 2017 1711 2102 presbiteram
1738 2019 1741 2035 ¹

1348 2123 1383 2187 Si
1406 2124 1476 2208 quis
1500 2123 1669 2188 diaconam

1348 2230 1476 2316 Siquis
1500 2232 1692 2296 monacham
1770 2235 1803 2297 in
1827 2236 2013 2320 conjugium
2037 2235 2166 2300 duxerit

1347 2337 1381 2403 Si
1405 2339 1476 2423 quis
1500 2347 1674 2403 cornutrem
1843 2343 2016 2406 anathema
2040 2343 2091 2406 sit.

1347 2446 1382 2510 Si
1406 2448 1476 2532 quis
1501 2467 1642 2510 sororem

1348 2553 1381 2617 Si
1406 2554 1476 2638 quis
1501 2561 1640 2640 neptem,
1661 2560 1740 2638 etc.¹

1346 2660 1436 2724 Libri
1464 2661 1526 2725 XI.
1551 2663 1685 2745 capitula
1711 2671 1783 2727 sterit
1807 2662 1951 2726 LXXV.
1975 2663 2025 2727 De
2048 2683 2163 2726 escorn-

1284 2770 1487 2832 municatione
1511 2768 1620 2832 ibidem
1643 2771 1758 2852 aqitnr.
1774 2772 1876 2855 Atque
1899 2771 1980 2833 iliud
2001 2772 2082 2834 inter
2101 2791 2165 2834 cne-

1283 2884 1349 2939 tera
1381 2876 1515 2958 affertur
1545 2899 1582 2940 ea
1619 2879 1740 2943 Gelasio
1765 2900 1859 2962 papa.
1892 2878 1984 2953 Quod
2026 2878 2164 2941 Aeacius

1281 2984 1368 3067 juste
1393 2991 1424 3047 et
1449 2985 1601 3048 canonice
1625 2986 1667 3048 sit
1690 2985 1870 3049 damnatus.
1893 2985 1980 3049 Haec
2001 2985 2165 3050 declaratio

1283 3091 1337 3155 sub
1362 3094 1483 3155 riorrrine
1501 3092 1618 3155 Gelasii
1637 3092 1765 3156 liabetur
1778 3095 1893 3178 [arpina
1910 3093 1985 3175 245,
2001 3114 2036 3156 ac
2056 3093 2167 3156 desinit

1282 3220 1352 3285 pap.
1378 3199 1453 3262 254.
1481 3199 1530 3262 Sic
1562 3201 1683 3283 incipit:
1708 3198 1857 3263 Gelasius
1888 3200 2056 3286 episeopus
2082 3198 2164 3262 Dar-

1285 3307 1390 3372 danis.
1407 3307 1513 3372 Valde
1537 3308 1644 3372 mirati
1668 3329 1787 3389 sumus,
1806 3309 1882 3393 quia
1905 3315 2013 3372 vestra
2037 3307 2165 3371 dilectio

1285 3415 1377 3500 quasi
1399 3437 1515 3478 novam
1533 3423 1565 3478 ct
1580 3415 1680 3478 veluti
1697 3415 1858 3480 difficilem
1875 3416 2093 3500 questionem,
2111 3423 2162 3478 etc.

1347 3523 1442 3586 Liber
1459 3524 1581 3587 tandem
1599 3522 1680 3587 XII.
1698 3525 1833 3607 capitula
1850 3522 2020 3587 XXVIII.
2038 3524 2163 3607 comple·

1282 3633 1389 3696 ctitur:
1405 3631 1455 3695 De
1472 3631 1613 3696 vindicta
1637 3639 1669 3694 et
1692 3632 1915 3716 persecutione
1936 3633 2034 3714 justa.
2057 3631 2164 3694 Piera·

1283 3761 1349 3824 que,
1367 3762 1444 3824 quae
1466 3740 1518 3804 boc
1542 3739 1618 3804 libro
1640 3742 1844 3822 corrtinentur,
1860 3747 1933 3803 scint
1949 3740 2117 3824 Auprcstirii
2138 3746 2164 3802 el

1284 3849 1437 3934 Greporii,
1460 3850 1487 3911 si
1510 3850 1661 3912 nmenulla
1687 3849 1804 3912 Gelasii
1827 3851 1966 3932 ercipias.

1695 4045 1755 4111 VI.

1345 4207 1397 4270 Ea
1422 4205 1528 4273 Codice
1557 4207 1703 4272 Vaticano
1726 4230 1756 4272 n.
1778 4207 1876 4288 2280,
1899 4209 2067 4271 continente
2089 4205 2161 4270 Hu-

1283 4315 1447 4400 guccionis
1479 4316 1612 4379 Summa
1643 4337 1740 4402 super
1770 4315 1928 4396 Decrcto,
1951 4337 1971 4378 a
1995 4314 2052 4396 sol.
2078 4315 2096 4376 1
2123 4315 2166 4378 nd

1279 4423 1336 4505 fol.
1354 4423 1430 4506 371,
1454 4444 1523 4486 crem
1545 4423 1753 4488 additionibus
1775 4424 1818 4486 ad
1844 4423 1979 4487 eamdem
2005 4421 2165 4484 Summum

1283 4529 1438 4596 Jolrannis
1461 4531 1498 4594 de
1522 4531 1598 4614 Deo,
1621 4553 1640 4594 a
1664 4531 1743 4595 dicto
1762 4531 1818 4613 sol.
1842 4531 1884 4594 ad
1907 4530 1973 4593 388
1986 4531 2034 4594 (ll.

1345 4694 1411 4759 Fal.
1435 4693 1463 4758 I.
1489 4696 1611 4779 incipit:

1343 4803 1396 4867 Ad
1418 4803 1572 4867 honorem
1594 4823 1720 4887 sponse,
1737 4800 1820 4863 idest
1840 4799 1994 4864 Ecclesia.
2019 4799 2098 4863 Post
2118 4798 2164 4862 lc·

1284 4931 1358 4996 gam
1381 4909 1562 4974 naturalem
1598 4917 1708 4972 secuta
1732 4915 1781 4970 cst
1804 4907 1962 4989 mosaica,
1987 4906 2060 4970 inde
2091 4928 2164 4992 pro·

1284 5018 1430 5103 phetica,
1455 5023 1568 5101 postca
1595 5015 1802 5100 evangelica,
1827 5013 1944 5078 exinde
1970 5013 2163 5099 apostolioa;

1285 5125 1413 5189 demum
1431 5131 1467 5187 ut
1489 5123 1593 5209 gloria
1610 5143 1726 5208 sponse
1742 5121 1868 5207 plenius
1885 5121 2070 5206 refulgeret,
2088 5121 2164 5184 sub·

1284 5241 1395 5298 secuta
1418 5240 1467 5296 est
1490 5233 1548 5296 lux
1571 5231 1744 5312 canonica,
1765 5229 1975 5316 multiplicem
1999 5230 2032 5292 in
2055 5251 2089 5293 se
2114 5249 2165 5292 ca·

1285 5362 1405 5406 nonum
1435 5341 1502 5404 sive
1531 5339 1732 5403 decretorum
1764 5338 1930 5402 continens
1962 5337 2163 5401 varietatem.

1347 5447 1434 5512 Haec
1457 5447 1581 5512 uberius
1604 5445 1743 5511 describit
1751 5470 1762 5530 ,·
1784 5454 1850 5509 tum
1877 5445 2025 5508 Gratiani
2050 5451 2164 5509 tentum

339 5569 487 5648 tincutur,
512 5585 549 5628 ec
571 5563 751 5628 Alexandro
774 5562 859 5627 urbis
883 5562 999 5628 Romae
1022 5566 1165 5647 episcopa,
1185 5585 1222 5628 ea
1278 5565 1427 5643 perpetuo
1445 5554 1669 5620 Commentario
1685 5554 1820 5618 illustrat
1835 5553 1878 5616 ad
1887 5575 1960 5638 paq.
1977 5573 2073 5637 nsque
2089 5552 2163 5614 370.

340 5674 497 5755 Silrestro,
521 5671 640 5754 Leone,
668 5671 805 5737 Gelasio.
831 5670 1002 5754 Clemente,
1024 5671 1221 5755 Innocentio,

341 5779 509 5845 ltelcliiade
532 5779 710 5863 deprompta
739 5787 821 5844 sunt.
848 5779 1008 5858 Quaedam
1039 5781 1130 5844 etiam
1163 5779 1221 5866 Cp-

333 5891 462 5974 priani,
490 5888 634 5972 Greqorii
656 5885 702 5950 M.
727 5894 754 5950 et
778 5887 947 5972 Anqustini
969 5910 1078 5953 nornen
1095 5911 1221 5974 praese-

336 5997 456 6079 ferunt.

403 6102 497 6166 Liber
529 6101 571 6165 X.
595 6101 682 6166 liabet
712 6103 846 6186 capitula
869 6101 1036 6168 LXXIII.
1061 6103 1102 6168 Iu
1126 6107 1164 6168 iis
1186 6105 1224 6170 de

340 6217 530 6274 sacramento
553 6211 742 6274 matrimonii
768 6212 899 6274 acroteria
929 6213 1028 6275 omnis
1051 6214 1223 6296 exponitur,

404 6465 443 6527 (1)
463 6460 555 6512 Codex
574 6477 690 6530 magnas
709 6461 789 6513 molis
808 6461 968 6512 membrana
987 6460 1014 6512 in
1035 6460 1081 6512 fol.
1101 6477 1174 6513 max.
1189 6477 1223 6514 ax

341 6557 410 6620 post.
430 6568 502 6604 saec.
521 6551 600 6602 XIII.

1286 5666 1362 5752 Pap.
1381 5665 1446 5730 371
1469 5671 1642 5749 sequautur
1664 5662 1834 5727 additiones
1857 5660 2011 5725 Juliannis
2034 5661 2071 5724 de
2098 5659 2165 5723 Deo

1284 5775 1416 5860 liispani,
1441 5793 1574 5858 quaram
1597 5770 1774 5835 huiusmodi
1796 5777 1838 5833 est
1860 5769 2002 5832 initium:

1347 5880 1536 5945 Venerabili
1552 5886 1660 5942 nostro
1674 5877 1822 5942 Deodato
1839 5876 1904 5970 filie
1921 5875 2062 5940 Prcfecti
2076 5874 2166 5938 urbis

1285 5989 1399 6071 Rome,
1417 6009 1455 6053 ac
1478 5986 1640 6072 magistris
1657 5993 1689 6048 et
1705 5984 1905 6048 scholaribus
1929 5983 2086 6047 universis
2102 5981 2166 6046 Bo·

1287 6098 1381 6163 nonie
1406 6095 1606 6159 morantibus
1630 6093 1783 6178 magister
1792 6092 1830 6155 (2)
1843 6092 2009 6156 lohannes
2033 6089 2072 6153 de
2096 6089 2167 6152 Deo

1286 6206 1439 6290 Yspanus
1463 6202 1585 6267 Doctor
1609 6201 1810 6266 decretorum
1823 6198 1862 6263 (³)
1875 6207 1927 6262 etc.

1349 6460 1389 6525 (2)
1407 6457 1483 6520 Nat,
1501 6455 1528 6507 id
1548 6459 1589 6506 est
1608 6461 1713 6506 noster:
1730 6455 1777 6507 scd
1796 6455 1857 6523 lege
1876 6454 2011 6518 mapister.

1351 6549 1390 6614 (3)
1409 6547 1522 6616 Legitur
1540 6547 1684 6597 doctarum.
