<?xml version="1.0" encoding="UTF-8"?>
<!DOCTYPE html PUBLIC "-//W3C//DTD XHTML 1.0 Transitional//EN"
    "http://www.w3.org/TR/xhtml1/DTD/xhtml1-transitional.dtd">
<html xmlns="http://www.w3.org/1999/xhtml" xml:lang="en" lang="en">
 <head>
  <title>
</title>
<meta http-equiv="Content-Type" content="text/html;charset=utf-8" />
  <meta name='ocr-system' content='tesseract 3.04.00' />
  <meta name='ocr-capabilities' content='ocr_page ocr_carea ocr_par ocr_line ocrx_word'/>
</head>
<body>
  <div class='ocr_page' id='page_1' title='image "./declarisarchigy01albigoog_0241.png"; bbox 0 0 5484 7746; ppageno 0'>
   <div class='ocr_carea' id='block_1_1' title="bbox 842 681 1669 735">
    <p class='ocr_par' dir='ltr' id='par_1_1' title="bbox 842 681 1669 735">
     <span class='ocr_line' id='line_1_1' title="bbox 842 681 1669 735; baseline -0.007 0"><span class='ocrx_word' id='word_1_1' title='bbox 842 685 1072 735; x_wconf 80' lang='lat' dir='ltr'>SPECTANTIA</span> <span class='ocrx_word' id='word_1_2' title='bbox 1100 687 1151 734; x_wconf 87' lang='lat' dir='ltr'>AD</span> <span class='ocrx_word' id='word_1_3' title='bbox 1180 683 1434 734; x_wconf 83' lang='lat' dir='ltr'><strong>PROFESSORES</strong></span> <span class='ocrx_word' id='word_1_4' title='bbox 1462 681 1669 731; x_wconf 81' lang='lat' dir='ltr'>MEDIOINAE</span> 
     </span>
    </p>
   </div>
   <div class='ocr_carea' id='block_1_2' title="bbox 531 1051 1984 1566">
    <p class='ocr_par' dir='ltr' id='par_1_2' title="bbox 531 1051 1984 1566">
     <span class='ocr_line' id='line_1_2' title="bbox 1209 1051 1306 1115; baseline 0 -1"><span class='ocrx_word' id='word_1_5' title='bbox 1209 1051 1306 1115; x_wconf 91' lang='lat' dir='ltr'>XIII.</span> 
     </span>
     <span class='ocr_line' id='line_1_3' title="bbox 1108 1266 1410 1348; baseline -0.003 -19"><span class='ocrx_word' id='word_1_6' title='bbox 1108 1266 1204 1348; x_wconf 85' lang='lat'>1295,</span> <span class='ocrx_word' id='word_1_7' title='bbox 1229 1267 1272 1328; x_wconf 87' lang='lat'>20</span> <span class='ocrx_word' id='word_1_8' title='bbox 1296 1267 1410 1330; x_wconf 77' lang='grc'><strong>(1191111.</strong></span> 
     </span>
     <span class='ocr_line' id='line_1_4' title="bbox 531 1479 1984 1566; baseline -0.005 -17"><span class='ocrx_word' id='word_1_9' title='bbox 531 1486 583 1549; x_wconf 85' lang='lat' dir='ltr'>Ex</span> <span class='ocrx_word' id='word_1_10' title='bbox 608 1485 707 1548; x_wconf 87' lang='lat' dir='ltr'>Areh.</span> <span class='ocrx_word' id='word_1_11' title='bbox 732 1483 821 1546; x_wconf 85' lang='lat' dir='ltr'>Max.</span> <span class='ocrx_word' id='word_1_12' title='bbox 847 1484 939 1566; x_wconf 81' lang='lat' dir='ltr'>bon,</span> <span class='ocrx_word' id='word_1_13' title='bbox 965 1484 996 1545; x_wconf 94' lang='lat' dir='ltr'>in</span> <span class='ocrx_word' id='word_1_14' title='bbox 1020 1481 1150 1546; x_wconf 84' lang='lat' dir='ltr'><strong><em>Memor.</em></strong></span> <span class='ocrx_word' id='word_1_15' title='bbox 1178 1479 1375 1564; x_wconf 70' lang='lat' dir='ltr'>Cornrriirra5</span> <span class='ocrx_word' id='word_1_16' title='bbox 1398 1479 1494 1543; x_wconf 88' lang='lat' dir='ltr'>Mem.</span> <span class='ocrx_word' id='word_1_17' title='bbox 1518 1479 1607 1544; x_wconf 91' lang='lat' dir='ltr'>Petri</span> <span class='ocrx_word' id='word_1_18' title='bbox 1631 1480 1670 1543; x_wconf 90' lang='lat' dir='ltr'>de</span> <span class='ocrx_word' id='word_1_19' title='bbox 1695 1479 1853 1562; x_wconf 83' lang='lat' dir='ltr'>Floranis,</span> <span class='ocrx_word' id='word_1_20' title='bbox 1879 1501 1906 1544; x_wconf 93' lang='lat' dir='ltr'>c.</span> <span class='ocrx_word' id='word_1_21' title='bbox 1931 1482 1984 1542; x_wconf 78' lang='lat'>47.</span> 
     </span>
    </p>
   </div>
   <div class='ocr_carea' id='block_1_3' title="bbox 342 1693 2169 6179">
    <p class='ocr_par' dir='ltr' id='par_1_3' title="bbox 347 1693 1691 1888">
     <span class='ocr_line' id='line_1_5' title="bbox 347 1693 1691 1779; baseline -0.005 -16"><span class='ocrx_word' id='word_1_22' title='bbox 347 1701 491 1765; x_wconf 79' lang='lat' dir='ltr'>Societas</span> <span class='ocrx_word' id='word_1_23' title='bbox 553 1698 724 1761; x_wconf 88' lang='lat' dir='ltr'>Millesimo</span> <span class='ocrx_word' id='word_1_24' title='bbox 749 1697 967 1760; x_wconf 76' lang='lat' dir='ltr'>ducentesimo</span> <span class='ocrx_word' id='word_1_25' title='bbox 992 1693 1200 1779; x_wconf 81' lang='lat' dir='ltr'>nonagesImo</span> <span class='ocrx_word' id='word_1_26' title='bbox 1225 1694 1346 1778; x_wconf 92' lang='lat' dir='ltr'>quinto,</span> <span class='ocrx_word' id='word_1_27' title='bbox 1369 1693 1542 1758; x_wconf 89' lang='lat' dir='ltr'>indictione</span> <span class='ocrx_word' id='word_1_28' title='bbox 1568 1700 1691 1757; x_wconf 85' lang='lat' dir='ltr'>octava.</span> 
     </span>
     <span class='ocr_line' id='line_1_6' title="bbox 348 1802 1266 1888; baseline -0.007 -18"><span class='ocrx_word' id='word_1_29' title='bbox 348 1843 523 1852; x_wconf 83' lang='lat'>——</span> <span class='ocrx_word' id='word_1_30' title='bbox 555 1807 616 1869; x_wconf 94' lang='lat' dir='ltr'>Die</span> <span class='ocrx_word' id='word_1_31' title='bbox 640 1805 800 1869; x_wconf 91' lang='lat' dir='ltr'>dominica</span> <span class='ocrx_word' id='word_1_32' title='bbox 823 1805 981 1888; x_wconf 86' lang='lat' dir='ltr'>vigesima</span> <span class='ocrx_word' id='word_1_33' title='bbox 1006 1802 1124 1866; x_wconf 90' lang='lat' dir='ltr'>mensis</span> <span class='ocrx_word' id='word_1_34' title='bbox 1148 1802 1266 1864; x_wconf 86' lang='lat' dir='ltr'>martii.</span> 
     </span>
    </p>

    <p class='ocr_par' dir='ltr' id='par_1_4' title="bbox 342 1907 2168 4462">
     <span class='ocr_line' id='line_1_7' title="bbox 433 1907 2163 1998; baseline -0.004 -20"><span class='ocrx_word' id='word_1_35' title='bbox 433 1919 484 1991; x_wconf 52' lang='lat' dir='ltr'>q?</span> <span class='ocrx_word' id='word_1_36' title='bbox 494 1914 649 1998; x_wconf 79' lang='lat' dir='ltr'>Magister</span> <span class='ocrx_word' id='word_1_37' title='bbox 673 1913 802 1976; x_wconf 85' lang='lat' dir='ltr'>Jentilis</span> <span class='ocrx_word' id='word_1_38' title='bbox 828 1913 866 1976; x_wconf 92' lang='lat' dir='ltr'>de</span> <span class='ocrx_word' id='word_1_39' title='bbox 892 1911 1053 1997; x_wconf 83' lang='lat' dir='ltr'>Oingnllo,</span> <span class='ocrx_word' id='word_1_40' title='bbox 1070 1911 1155 1972; x_wconf 86' lang='lat' dir='ltr'>filius</span> <span class='ocrx_word' id='word_1_41' title='bbox 1179 1909 1300 1972; x_wconf 90' lang='lat' dir='ltr'>domini</span> <span class='ocrx_word' id='word_1_42' title='bbox 1323 1909 1516 1993; x_wconf 84' lang='lat' dir='ltr'>Benvenuti,</span> <span class='ocrx_word' id='word_1_43' title='bbox 1533 1910 1644 1973; x_wconf 91' lang='lat' dir='ltr'>doctor</span> <span class='ocrx_word' id='word_1_44' title='bbox 1667 1909 1698 1971; x_wconf 95' lang='lat' dir='ltr'>in</span> <span class='ocrx_word' id='word_1_45' title='bbox 1723 1907 1862 1992; x_wconf 88' lang='lat' dir='ltr'>logicha,</span> <span class='ocrx_word' id='word_1_46' title='bbox 1880 1908 2041 1971; x_wconf 79' lang='lat' dir='ltr'>contraxit</span> <span class='ocrx_word' id='word_1_47' title='bbox 2064 1909 2163 1972; x_wconf 89' lang='lat' dir='ltr'>socic-</span> 
     </span>
     <span class='ocr_line' id='line_1_8' title="bbox 345 2016 2164 2106; baseline -0.005 -18"><span class='ocrx_word' id='word_1_48' title='bbox 345 2031 443 2088; x_wconf 88' lang='lat' dir='ltr'>tatem</span> <span class='ocrx_word' id='word_1_49' title='bbox 468 2043 540 2086; x_wconf 89' lang='lat' dir='ltr'>curn</span> <span class='ocrx_word' id='word_1_50' title='bbox 566 2021 720 2106; x_wconf 89' lang='lat' dir='ltr'>magistro</span> <span class='ocrx_word' id='word_1_51' title='bbox 745 2019 951 2101; x_wconf 78' lang='lat' dir='ltr'>Guilliolmo,</span> <span class='ocrx_word' id='word_1_52' title='bbox 976 2019 1042 2082; x_wconf 91' lang='lat' dir='ltr'>filio</span> <span class='ocrx_word' id='word_1_53' title='bbox 1067 2018 1229 2103; x_wconf 88' lang='lat' dir='ltr'>quondam</span> <span class='ocrx_word' id='word_1_54' title='bbox 1252 2017 1373 2081; x_wconf 90' lang='lat' dir='ltr'>domini</span> <span class='ocrx_word' id='word_1_55' title='bbox 1395 2017 1524 2082; x_wconf 77' lang='lat' dir='ltr'>Milonis</span> <span class='ocrx_word' id='word_1_56' title='bbox 1548 2018 1587 2082; x_wconf 92' lang='lat' dir='ltr'>de</span> <span class='ocrx_word' id='word_1_57' title='bbox 1611 2018 1758 2098; x_wconf 71' lang='lat' dir='ltr'>Deraia,</span> <span class='ocrx_word' id='word_1_58' title='bbox 1780 2017 1915 2080; x_wconf 85' lang='lat' dir='ltr'>astensis</span> <span class='ocrx_word' id='word_1_59' title='bbox 1939 2016 2084 2098; x_wconf 88' lang='lat' dir='ltr'>diocesis,</span> <span class='ocrx_word' id='word_1_60' title='bbox 2109 2017 2164 2101; x_wconf 96' lang='lat' dir='ltr'>qui</span> 
     </span>
     <span class='ocr_line' id='line_1_9' title="bbox 345 2123 2163 2211; baseline -0.005 -16"><span class='ocrx_word' id='word_1_61' title='bbox 345 2137 489 2195; x_wconf 90' lang='lat' dir='ltr'>moratur</span> <span class='ocrx_word' id='word_1_62' title='bbox 512 2131 545 2192; x_wconf 93' lang='lat' dir='ltr'>in</span> <span class='ocrx_word' id='word_1_63' title='bbox 569 2128 663 2192; x_wconf 93' lang='lat' dir='ltr'>domo</span> <span class='ocrx_word' id='word_1_64' title='bbox 687 2127 808 2191; x_wconf 93' lang='lat' dir='ltr'>domini</span> <span class='ocrx_word' id='word_1_65' title='bbox 833 2127 978 2190; x_wconf 82' lang='lat' dir='ltr'>Ventura</span> <span class='ocrx_word' id='word_1_66' title='bbox 1002 2124 1171 2211; x_wconf 80' lang='lat' dir='ltr'>prepositi,</span> <span class='ocrx_word' id='word_1_67' title='bbox 1196 2124 1228 2188; x_wconf 93' lang='lat' dir='ltr'>in</span> <span class='ocrx_word' id='word_1_68' title='bbox 1254 2124 1378 2210; x_wconf 88' lang='lat' dir='ltr'>capella</span> <span class='ocrx_word' id='word_1_69' title='bbox 1405 2126 1507 2189; x_wconf 84' lang='grc'><strong>9911911</strong></span> <span class='ocrx_word' id='word_1_70' title='bbox 1531 2125 1756 2209; x_wconf 88' lang='lat' dir='ltr'>Archangelli,</span> <span class='ocrx_word' id='word_1_71' title='bbox 1781 2131 1812 2187; x_wconf 92' lang='lat' dir='ltr'>et</span> <span class='ocrx_word' id='word_1_72' title='bbox 1836 2124 1891 2208; x_wconf 91' lang='lat' dir='ltr'>qui</span> <span class='ocrx_word' id='word_1_73' title='bbox 1915 2123 2061 2187; x_wconf 90' lang='lat' dir='ltr'>dominus</span> <span class='ocrx_word' id='word_1_74' title='bbox 2085 2123 2163 2187; x_wconf 86' lang='lat' dir='ltr'>Jen-</span> 
     </span>
     <span class='ocr_line' id='line_1_10' title="bbox 346 2231 2163 2318; baseline -0.004 -16"><span class='ocrx_word' id='word_1_75' title='bbox 346 2238 412 2302; x_wconf 88' lang='lat' dir='ltr'>tilis</span> <span class='ocrx_word' id='word_1_76' title='bbox 436 2244 579 2302; x_wconf 91' lang='lat' dir='ltr'>moratur</span> <span class='ocrx_word' id='word_1_77' title='bbox 603 2237 636 2298; x_wconf 89' lang='lat' dir='ltr'>in</span> <span class='ocrx_word' id='word_1_78' title='bbox 660 2236 754 2300; x_wconf 90' lang='lat' dir='ltr'>domo</span> <span class='ocrx_word' id='word_1_79' title='bbox 780 2234 901 2298; x_wconf 92' lang='lat' dir='ltr'>domini</span> <span class='ocrx_word' id='word_1_80' title='bbox 926 2232 1076 2298; x_wconf 89' lang='lat' dir='ltr'>Jacobini</span> <span class='ocrx_word' id='word_1_81' title='bbox 1100 2232 1139 2296; x_wconf 93' lang='lat' dir='ltr'>de</span> <span class='ocrx_word' id='word_1_82' title='bbox 1162 2231 1319 2296; x_wconf 85' lang='lat' dir='ltr'>Munariis</span> <span class='ocrx_word' id='word_1_83' title='bbox 1343 2233 1376 2294; x_wconf 87' lang='lat' dir='ltr'>iu</span> <span class='ocrx_word' id='word_1_84' title='bbox 1392 2233 1517 2318; x_wconf 89' lang='lat' dir='ltr'>capella</span> <span class='ocrx_word' id='word_1_85' title='bbox 1533 2233 1635 2296; x_wconf 88' lang='lat' dir='ltr'>sancti</span> <span class='ocrx_word' id='word_1_86' title='bbox 1651 2232 1830 2314; x_wconf 74' lang='grc'><strong>1111191111,</strong></span> <span class='ocrx_word' id='word_1_87' title='bbox 1848 2231 2052 2318; x_wconf 87' lang='lat' dir='ltr'>infrascripto</span> <span class='ocrx_word' id='word_1_88' title='bbox 2069 2231 2163 2295; x_wconf 93' lang='lat' dir='ltr'>modo</span> 
     </span>
     <span class='ocr_line' id='line_1_11' title="bbox 347 2338 2163 2429; baseline -0.004 -20"><span class='ocrx_word' id='word_1_89' title='bbox 347 2353 379 2409; x_wconf 91' lang='lat' dir='ltr'>et</span> <span class='ocrx_word' id='word_1_90' title='bbox 402 2345 614 2429; x_wconf 78' lang='lat' dir='ltr'>infrascriptis</span> <span class='ocrx_word' id='word_1_91' title='bbox 637 2343 740 2429; x_wconf 75' lang='lat' dir='ltr'>pactis</span> <span class='ocrx_word' id='word_1_92' title='bbox 765 2349 797 2406; x_wconf 92' lang='grc'>91</span> <span class='ocrx_word' id='word_1_93' title='bbox 823 2342 972 2427; x_wconf 87' lang='lat' dir='ltr'>capitulis</span> <span class='ocrx_word' id='word_1_94' title='bbox 997 2341 1080 2404; x_wconf 89' lang='lat' dir='ltr'>inter</span> <span class='ocrx_word' id='word_1_95' title='bbox 1104 2362 1159 2403; x_wconf 89' lang='lat' dir='ltr'>eos</span> <span class='ocrx_word' id='word_1_96' title='bbox 1184 2339 1271 2402; x_wconf 88' lang='lat' dir='ltr'>initis</span> <span class='ocrx_word' id='word_1_97' title='bbox 1295 2346 1327 2403; x_wconf 91' lang='lat' dir='ltr'>et</span> <span class='ocrx_word' id='word_1_98' title='bbox 1350 2339 1461 2421; x_wconf 70' lang='lat' dir='ltr'>factis,</span> <span class='ocrx_word' id='word_1_99' title='bbox 1486 2340 1635 2403; x_wconf 89' lang='lat' dir='ltr'>videlicet</span> <span class='ocrx_word' id='word_1_100' title='bbox 1657 2339 1742 2424; x_wconf 94' lang='lat' dir='ltr'>quod</span> <span class='ocrx_word' id='word_1_101' title='bbox 1764 2339 1911 2425; x_wconf 88' lang='lat' dir='ltr'>promisit</span> <span class='ocrx_word' id='word_1_102' title='bbox 1935 2338 2038 2402; x_wconf 88' lang='lat' dir='ltr'>dictus</span> <span class='ocrx_word' id='word_1_103' title='bbox 2062 2339 2163 2424; x_wconf 88' lang='lat' dir='ltr'>magi·</span> 
     </span>
     <span class='ocr_line' id='line_1_12' title="bbox 347 2444 2163 2534; baseline -0.003 -20"><span class='ocrx_word' id='word_1_104' title='bbox 347 2458 413 2514; x_wconf 88' lang='lat' dir='ltr'>ster</span> <span class='ocrx_word' id='word_1_105' title='bbox 436 2449 573 2513; x_wconf 81' lang='lat' dir='ltr'>Gentilis</span> <span class='ocrx_word' id='word_1_106' title='bbox 597 2470 655 2534; x_wconf 87' lang='lat' dir='ltr'>per</span> <span class='ocrx_word' id='word_1_107' title='bbox 678 2448 920 2534; x_wconf 83' lang='lat' dir='ltr'>stipulationem</span> <span class='ocrx_word' id='word_1_108' title='bbox 944 2447 1028 2510; x_wconf 91' lang='lat' dir='ltr'>dicto</span> <span class='ocrx_word' id='word_1_109' title='bbox 1051 2446 1206 2530; x_wconf 89' lang='lat' dir='ltr'>magistro</span> <span class='ocrx_word' id='word_1_110' title='bbox 1231 2445 1426 2527; x_wconf 83' lang='lat' dir='ltr'>Guillielmo,</span> <span class='ocrx_word' id='word_1_111' title='bbox 1450 2446 1573 2510; x_wconf 90' lang='lat' dir='ltr'>doctori</span> <span class='ocrx_word' id='word_1_112' title='bbox 1596 2447 1628 2509; x_wconf 94' lang='lat' dir='ltr'>in</span> <span class='ocrx_word' id='word_1_113' title='bbox 1653 2445 1766 2508; x_wconf 87' lang='lat' dir='ltr'>eadem</span> <span class='ocrx_word' id='word_1_114' title='bbox 1790 2444 1938 2526; x_wconf 88' lang='lat' dir='ltr'>scientia,</span> <span class='ocrx_word' id='word_1_115' title='bbox 1964 2445 2163 2530; x_wconf 87' lang='grc'><strong>9911191919</strong></span> 
     </span>
     <span class='ocr_line' id='line_1_13' title="bbox 346 2551 2163 2642; baseline -0.003 -21"><span class='ocrx_word' id='word_1_116' title='bbox 346 2558 510 2642; x_wconf 88' lang='lat' dir='ltr'>sequentis</span> <span class='ocrx_word' id='word_1_117' title='bbox 531 2556 628 2619; x_wconf 88' lang='lat' dir='ltr'>studii</span> <span class='ocrx_word' id='word_1_118' title='bbox 643 2556 752 2640; x_wconf 90' lang='lat' dir='ltr'>legere</span> <span class='ocrx_word' id='word_1_119' title='bbox 769 2555 1024 2619; x_wconf 84' lang='lat' dir='ltr'>extraordinarie</span> <span class='ocrx_word' id='word_1_120' title='bbox 1041 2554 1074 2616; x_wconf 87' lang='lat' dir='ltr'>iu</span> <span class='ocrx_word' id='word_1_121' title='bbox 1091 2552 1304 2639; x_wconf 76' lang='lat' dir='ltr'>phylosophia</span> <span class='ocrx_word' id='word_1_122' title='bbox 1328 2553 1360 2616; x_wconf 93' lang='lat' dir='ltr'>in</span> <span class='ocrx_word' id='word_1_123' title='bbox 1377 2552 1494 2617; x_wconf 90' lang='lat' dir='ltr'>scholis</span> <span class='ocrx_word' id='word_1_124' title='bbox 1511 2553 1588 2616; x_wconf 90' lang='lat' dir='ltr'>dicti</span> <span class='ocrx_word' id='word_1_125' title='bbox 1604 2553 1749 2637; x_wconf 82' lang='lat' dir='ltr'>magistri</span> <span class='ocrx_word' id='word_1_126' title='bbox 1766 2551 1953 2634; x_wconf 80' lang='lat' dir='ltr'>Guillielmi,</span> <span class='ocrx_word' id='word_1_127' title='bbox 1971 2569 2002 2615; x_wconf 89' lang='lat' dir='ltr'>et</span> <span class='ocrx_word' id='word_1_128' title='bbox 2019 2551 2057 2614; x_wconf 97' lang='lat' dir='ltr'>de</span> <span class='ocrx_word' id='word_1_129' title='bbox 2073 2553 2163 2616; x_wconf 89' lang='lat' dir='ltr'>lucro</span> 
     </span>
     <span class='ocr_line' id='line_1_14' title="bbox 345 2659 2163 2750; baseline -0.003 -22"><span class='ocrx_word' id='word_1_130' title='bbox 345 2665 384 2728; x_wconf 93' lang='lat' dir='ltr'>dc</span> <span class='ocrx_word' id='word_1_131' title='bbox 408 2664 588 2750; x_wconf 81' lang='lat' dir='ltr'>phylosofia</span> <span class='ocrx_word' id='word_1_132' title='bbox 612 2663 688 2726; x_wconf 87' lang='lat' dir='ltr'>dare</span> <span class='ocrx_word' id='word_1_133' title='bbox 716 2669 865 2748; x_wconf 84' lang='lat' dir='ltr'>quartam</span> <span class='ocrx_word' id='word_1_134' title='bbox 889 2668 1013 2748; x_wconf 88' lang='lat' dir='ltr'>partem</span> <span class='ocrx_word' id='word_1_135' title='bbox 1037 2661 1122 2724; x_wconf 91' lang='lat' dir='ltr'>dioto</span> <span class='ocrx_word' id='word_1_136' title='bbox 1153 2661 1307 2745; x_wconf 89' lang='lat' dir='ltr'>magistro</span> <span class='ocrx_word' id='word_1_137' title='bbox 1337 2660 1540 2742; x_wconf 78' lang='lat' dir='ltr'>Girillielmo,</span> <span class='ocrx_word' id='word_1_138' title='bbox 1565 2668 1597 2723; x_wconf 93' lang='lat' dir='ltr'>et</span> <span class='ocrx_word' id='word_1_139' title='bbox 1620 2681 1684 2724; x_wconf 93' lang='lat' dir='ltr'>non</span> <span class='ocrx_word' id='word_1_140' title='bbox 1708 2659 1816 2744; x_wconf 89' lang='lat' dir='ltr'>legere</span> <span class='ocrx_word' id='word_1_141' title='bbox 1841 2659 2001 2723; x_wconf 88' lang='lat' dir='ltr'>ordinarie</span> <span class='ocrx_word' id='word_1_142' title='bbox 2024 2659 2163 2744; x_wconf 82' lang='lat' dir='ltr'>logicam</span> 
     </span>
     <span class='ocr_line' id='line_1_15' title="bbox 345 2765 2163 2855; baseline -0.003 -22"><span class='ocrx_word' id='word_1_143' title='bbox 345 2791 446 2854; x_wconf 89' lang='lat' dir='ltr'>usque</span> <span class='ocrx_word' id='word_1_144' title='bbox 471 2769 511 2832; x_wconf 86' lang='lat' dir='ltr'>ad</span> <span class='ocrx_word' id='word_1_145' title='bbox 535 2777 661 2855; x_wconf 88' lang='lat' dir='ltr'>tempus</span> <span class='ocrx_word' id='word_1_146' title='bbox 687 2769 785 2831; x_wconf 93' lang='lat' dir='ltr'>trium</span> <span class='ocrx_word' id='word_1_147' title='bbox 809 2789 984 2850; x_wconf 76' lang='lat' dir='ltr'>annorum3</span> <span class='ocrx_word' id='word_1_148' title='bbox 1001 2774 1033 2830; x_wconf 90' lang='lat' dir='ltr'>et</span> <span class='ocrx_word' id='word_1_149' title='bbox 1050 2787 1144 2830; x_wconf 84' lang='grc'><strong>19199</strong></span> <span class='ocrx_word' id='word_1_150' title='bbox 1163 2765 1233 2829; x_wconf 84' lang='lat' dir='ltr'>vice</span> <span class='ocrx_word' id='word_1_151' title='bbox 1250 2765 1353 2829; x_wconf 88' lang='lat' dir='ltr'>dictus</span> <span class='ocrx_word' id='word_1_152' title='bbox 1370 2767 1523 2850; x_wconf 87' lang='lat' dir='ltr'>magister</span> <span class='ocrx_word' id='word_1_153' title='bbox 1540 2765 1744 2829; x_wconf 82' lang='lat' dir='ltr'>Guillielmus</span> <span class='ocrx_word' id='word_1_154' title='bbox 1761 2787 1817 2850; x_wconf 89' lang='lat' dir='ltr'>per</span> <span class='ocrx_word' id='word_1_155' title='bbox 1833 2765 2074 2850; x_wconf 83' lang='lat' dir='ltr'>stipulationem</span> <span class='ocrx_word' id='word_1_156' title='bbox 2090 2787 2163 2851; x_wconf 92' lang='lat' dir='ltr'>pro·</span> 
     </span>
     <span class='ocr_line' id='line_1_16' title="bbox 346 2873 2167 2960; baseline -0.003 -19"><span class='ocrx_word' id='word_1_157' title='bbox 346 2878 432 2941; x_wconf 90' lang='lat' dir='ltr'>misit</span> <span class='ocrx_word' id='word_1_158' title='bbox 456 2877 540 2940; x_wconf 92' lang='lat' dir='ltr'>dicto</span> <span class='ocrx_word' id='word_1_159' title='bbox 564 2878 719 2960; x_wconf 89' lang='lat' dir='ltr'>magistro</span> <span class='ocrx_word' id='word_1_160' title='bbox 745 2875 860 2939; x_wconf 84' lang='lat' dir='ltr'>Jentili</span> <span class='ocrx_word' id='word_1_161' title='bbox 883 2875 991 2959; x_wconf 86' lang='lat' dir='ltr'>legere</span> <span class='ocrx_word' id='word_1_162' title='bbox 1016 2873 1177 2938; x_wconf 90' lang='lat' dir='ltr'>ordinarie</span> <span class='ocrx_word' id='word_1_163' title='bbox 1200 2874 1233 2936; x_wconf 93' lang='lat' dir='ltr'>in</span> <span class='ocrx_word' id='word_1_164' title='bbox 1256 2873 1373 2958; x_wconf 88' lang='lat' dir='ltr'>loycha</span> <span class='ocrx_word' id='word_1_165' title='bbox 1395 2894 1496 2958; x_wconf 89' lang='lat' dir='ltr'>usque</span> <span class='ocrx_word' id='word_1_166' title='bbox 1522 2873 1562 2935; x_wconf 88' lang='lat' dir='ltr'>ad</span> <span class='ocrx_word' id='word_1_167' title='bbox 1585 2879 1712 2958; x_wconf 89' lang='lat' dir='ltr'>tempus</span> <span class='ocrx_word' id='word_1_168' title='bbox 1735 2874 1832 2935; x_wconf 91' lang='lat' dir='ltr'>trium</span> <span class='ocrx_word' id='word_1_169' title='bbox 1856 2893 2023 2955; x_wconf 88' lang='lat' dir='ltr'>annorum,</span> <span class='ocrx_word' id='word_1_170' title='bbox 2040 2880 2072 2936; x_wconf 90' lang='lat' dir='ltr'>et</span> <span class='ocrx_word' id='word_1_171' title='bbox 2095 2894 2167 2958; x_wconf 89' lang='lat' dir='ltr'>pre·</span> 
     </span>
     <span class='ocr_line' id='line_1_17' title="bbox 347 2979 2166 3068; baseline -0.001 -22"><span class='ocrx_word' id='word_1_172' title='bbox 347 2991 475 3048; x_wconf 83' lang='lat' dir='ltr'>eantare</span> <span class='ocrx_word' id='word_1_173' title='bbox 498 2984 537 3047; x_wconf 95' lang='grc'>19</span> <span class='ocrx_word' id='word_1_174' title='bbox 562 2983 706 3068; x_wconf 92' lang='lat' dir='ltr'>quolibet</span> <span class='ocrx_word' id='word_1_175' title='bbox 730 2982 848 3046; x_wconf 89' lang='lat' dir='ltr'>scolari</span> <span class='ocrx_word' id='word_1_176' title='bbox 873 2989 978 3045; x_wconf 76' lang='lat' dir='ltr'>stante</span> <span class='ocrx_word' id='word_1_177' title='bbox 1003 2983 1035 3045; x_wconf 93' lang='lat' dir='ltr'>in</span> <span class='ocrx_word' id='word_1_178' title='bbox 1059 2981 1208 3044; x_wconf 89' lang='lat' dir='ltr'>duodena</span> <span class='ocrx_word' id='word_1_179' title='bbox 1239 3002 1298 3043; x_wconf 90' lang='lat' dir='ltr'>sua</span> <span class='ocrx_word' id='word_1_180' title='bbox 1325 2981 1376 3043; x_wconf 82' lang='lat' dir='ltr'>vel</span> <span class='ocrx_word' id='word_1_181' title='bbox 1390 2979 1428 3044; x_wconf 83' lang='lat'>(1)</span> <span class='ocrx_word' id='word_1_182' title='bbox 1452 2980 1660 3065; x_wconf 85' lang='lat' dir='ltr'>repetitarum</span> <span class='ocrx_word' id='word_1_183' title='bbox 1689 3001 1819 3043; x_wconf 87' lang='lat' dir='ltr'>suorum</span> <span class='ocrx_word' id='word_1_184' title='bbox 1843 2985 1875 3042; x_wconf 92' lang='lat' dir='ltr'>et</span> <span class='ocrx_word' id='word_1_185' title='bbox 1899 2979 2077 3063; x_wconf 84' lang='lat' dir='ltr'>societatis,</span> <span class='ocrx_word' id='word_1_186' title='bbox 2103 3001 2166 3044; x_wconf 93' lang='lat' dir='ltr'>non</span> 
     </span>
     <span class='ocr_line' id='line_1_18' title="bbox 349 3088 2167 3176; baseline -0.002 -22"><span class='ocrx_word' id='word_1_187' title='bbox 349 3089 511 3176; x_wconf 89' lang='lat' dir='ltr'>afugentis</span> <span class='ocrx_word' id='word_1_188' title='bbox 536 3090 701 3154; x_wconf 90' lang='lat' dir='ltr'>duodenas</span> <span class='ocrx_word' id='word_1_189' title='bbox 725 3110 878 3153; x_wconf 86' lang='lat' dir='ltr'>comunes</span> <span class='ocrx_word' id='word_1_190' title='bbox 903 3096 1035 3175; x_wconf 88' lang='lat' dir='ltr'>propter</span> <span class='ocrx_word' id='word_1_191' title='bbox 1062 3095 1296 3174; x_wconf 83' lang='lat' dir='ltr'>paupertatem,</span> <span class='ocrx_word' id='word_1_192' title='bbox 1314 3088 1454 3172; x_wconf 89' lang='lat' dir='ltr'>treginta</span> <span class='ocrx_word' id='word_1_193' title='bbox 1475 3088 1593 3151; x_wconf 88' lang='lat' dir='ltr'>solidos</span> <span class='ocrx_word' id='word_1_194' title='bbox 1616 3088 1869 3168; x_wconf 88' lang='lat' dir='ltr'>bononenorum,</span> <span class='ocrx_word' id='word_1_195' title='bbox 1890 3093 1922 3150; x_wconf 92' lang='lat' dir='ltr'>et</span> <span class='ocrx_word' id='word_1_196' title='bbox 1945 3094 2167 3173; x_wconf 86' lang='lat' dir='ltr'>representare</span> 
     </span>
     <span class='ocr_line' id='line_1_19' title="bbox 345 3193 2166 3281; baseline -0.002 -20"><span class='ocrx_word' id='word_1_197' title='bbox 345 3199 471 3263; x_wconf 92' lang='lat' dir='ltr'>lucrum</span> <span class='ocrx_word' id='word_1_198' title='bbox 494 3197 640 3261; x_wconf 90' lang='lat' dir='ltr'>habitum</span> <span class='ocrx_word' id='word_1_199' title='bbox 664 3198 703 3261; x_wconf 93' lang='lat' dir='ltr'>de</span> <span class='ocrx_word' id='word_1_200' title='bbox 729 3196 858 3278; x_wconf 89' lang='lat' dir='ltr'>scholis,</span> <span class='ocrx_word' id='word_1_201' title='bbox 883 3197 969 3260; x_wconf 90' lang='lat' dir='ltr'>faeta</span> <span class='ocrx_word' id='word_1_202' title='bbox 993 3196 1170 3260; x_wconf 88' lang='lat' dir='ltr'>soluotioue</span> <span class='ocrx_word' id='word_1_203' title='bbox 1194 3196 1394 3277; x_wconf 86' lang='lat' dir='ltr'>scholarum,</span> <span class='ocrx_word' id='word_1_204' title='bbox 1419 3201 1452 3258; x_wconf 91' lang='grc'>91</span> <span class='ocrx_word' id='word_1_205' title='bbox 1475 3201 1660 3281; x_wconf 89' lang='lat' dir='ltr'>presentare</span> <span class='ocrx_word' id='word_1_206' title='bbox 1684 3193 1780 3276; x_wconf 93' lang='lat' dir='ltr'>illud,</span> <span class='ocrx_word' id='word_1_207' title='bbox 1806 3195 1891 3279; x_wconf 94' lang='lat' dir='ltr'>quod</span> <span class='ocrx_word' id='word_1_208' title='bbox 1914 3194 1955 3257; x_wconf 89' lang='lat' dir='ltr'>ab</span> <span class='ocrx_word' id='word_1_209' title='bbox 1979 3195 2050 3258; x_wconf 88' lang='lat' dir='ltr'>aliis</span> <span class='ocrx_word' id='word_1_210' title='bbox 2075 3195 2166 3258; x_wconf 91' lang='lat' dir='ltr'>scho-</span> 
     </span>
     <span class='ocr_line' id='line_1_20' title="bbox 348 3301 2168 3390; baseline -0.002 -21"><span class='ocrx_word' id='word_1_211' title='bbox 348 3306 469 3369; x_wconf 89' lang='lat' dir='ltr'>laribus</span> <span class='ocrx_word' id='word_1_212' title='bbox 493 3305 689 3390; x_wconf 85' lang='lat' dir='ltr'>pauperibus</span> <span class='ocrx_word' id='word_1_213' title='bbox 714 3325 777 3367; x_wconf 89' lang='lat' dir='ltr'>non</span> <span class='ocrx_word' id='word_1_214' title='bbox 803 3304 964 3367; x_wconf 89' lang='lat' dir='ltr'>stantibus</span> <span class='ocrx_word' id='word_1_215' title='bbox 989 3303 1022 3366; x_wconf 89' lang='grc'>111</span> <span class='ocrx_word' id='word_1_216' title='bbox 1049 3302 1197 3367; x_wconf 90' lang='lat' dir='ltr'>duodena</span> <span class='ocrx_word' id='word_1_217' title='bbox 1224 3302 1373 3384; x_wconf 86' lang='lat' dir='ltr'>habebit,</span> <span class='ocrx_word' id='word_1_218' title='bbox 1399 3309 1431 3365; x_wconf 91' lang='lat' dir='ltr'>et</span> <span class='ocrx_word' id='word_1_219' title='bbox 1462 3302 1539 3366; x_wconf 90' lang='lat' dir='ltr'>dare</span> <span class='ocrx_word' id='word_1_220' title='bbox 1570 3302 1675 3365; x_wconf 90' lang='lat' dir='ltr'>cidem</span> <span class='ocrx_word' id='word_1_221' title='bbox 1705 3301 1860 3385; x_wconf 88' lang='lat' dir='ltr'>magistro</span> <span class='ocrx_word' id='word_1_222' title='bbox 1890 3301 2004 3365; x_wconf 84' lang='lat' dir='ltr'>Jentili</span> <span class='ocrx_word' id='word_1_223' title='bbox 2034 3302 2168 3366; x_wconf 86' lang='lat' dir='ltr'>terciam</span> 
     </span>
     <span class='ocr_line' id='line_1_21' title="bbox 346 3409 2166 3499; baseline -0.002 -23"><span class='ocrx_word' id='word_1_224' title='bbox 346 3419 471 3499; x_wconf 90' lang='lat' dir='ltr'>partem</span> <span class='ocrx_word' id='word_1_225' title='bbox 495 3412 596 3476; x_wconf 85' lang='lat' dir='ltr'>tocius</span> <span class='ocrx_word' id='word_1_226' title='bbox 621 3411 712 3474; x_wconf 85' lang='lat' dir='ltr'>istius</span> <span class='ocrx_word' id='word_1_227' title='bbox 737 3411 832 3492; x_wconf 88' lang='lat' dir='ltr'>lueri,</span> <span class='ocrx_word' id='word_1_228' title='bbox 859 3411 920 3474; x_wconf 88' lang='lat' dir='ltr'>hiis</span> <span class='ocrx_word' id='word_1_229' title='bbox 946 3410 1065 3474; x_wconf 88' lang='lat' dir='ltr'>habitis</span> <span class='ocrx_word' id='word_1_230' title='bbox 1089 3411 1192 3495; x_wconf 90' lang='lat' dir='ltr'>pactis</span> <span class='ocrx_word' id='word_1_231' title='bbox 1220 3410 1303 3473; x_wconf 90' lang='lat' dir='ltr'>inter</span> <span class='ocrx_word' id='word_1_232' title='bbox 1334 3431 1406 3490; x_wconf 85' lang='lat' dir='ltr'>eos,</span> <span class='ocrx_word' id='word_1_233' title='bbox 1431 3409 1516 3493; x_wconf 92' lang='lat' dir='ltr'>quod</span> <span class='ocrx_word' id='word_1_234' title='bbox 1540 3416 1674 3493; x_wconf 90' lang='lat' dir='ltr'>uterque</span> <span class='ocrx_word' id='word_1_235' title='bbox 1706 3429 1817 3471; x_wconf 88' lang='lat' dir='ltr'>corum</span> <span class='ocrx_word' id='word_1_236' title='bbox 1840 3409 2007 3493; x_wconf 89' lang='lat' dir='ltr'>promittat</span> <span class='ocrx_word' id='word_1_237' title='bbox 2029 3409 2166 3472; x_wconf 89' lang='lat' dir='ltr'>alterurn</span> 
     </span>
     <span class='ocr_line' id='line_1_22' title="bbox 342 3515 2167 3604; baseline -0.002 -21"><span class='ocrx_word' id='word_1_238' title='bbox 342 3523 458 3604; x_wconf 85' lang='lat' dir='ltr'>juvare</span> <span class='ocrx_word' id='word_1_239' title='bbox 482 3519 670 3598; x_wconf 85' lang='lat' dir='ltr'>bonafide,</span> <span class='ocrx_word' id='word_1_240' title='bbox 695 3525 726 3582; x_wconf 91' lang='lat' dir='ltr'>et</span> <span class='ocrx_word' id='word_1_241' title='bbox 751 3539 825 3582; x_wconf 90' lang='lat' dir='ltr'>curn</span> <span class='ocrx_word' id='word_1_242' title='bbox 851 3518 940 3582; x_wconf 92' lang='lat' dir='ltr'>nullo</span> <span class='ocrx_word' id='word_1_243' title='bbox 964 3517 1102 3582; x_wconf 89' lang='lat' dir='ltr'>aliorum</span> <span class='ocrx_word' id='word_1_244' title='bbox 1125 3518 1352 3601; x_wconf 88' lang='lat' dir='ltr'>magistrorum</span> <span class='ocrx_word' id='word_1_245' title='bbox 1376 3517 1522 3580; x_wconf 83' lang='lat' dir='ltr'>Bononia</span> <span class='ocrx_word' id='word_1_246' title='bbox 1546 3516 1757 3579; x_wconf 80' lang='lat' dir='ltr'>existencium</span> <span class='ocrx_word' id='word_1_247' title='bbox 1786 3515 1839 3578; x_wconf 89' lang='lat' dir='ltr'>vel</span> <span class='ocrx_word' id='word_1_248' title='bbox 1866 3517 2167 3600; x_wconf 87' lang='lat' dir='ltr'>supravenicncium</span> 
     </span>
     <span class='ocr_line' id='line_1_23' title="bbox 345 3622 2165 3713; baseline -0.001 -23"><span class='ocrx_word' id='word_1_249' title='bbox 345 3627 465 3713; x_wconf 89' lang='lat' dir='ltr'>pacisci</span> <span class='ocrx_word' id='word_1_250' title='bbox 488 3626 521 3688; x_wconf 93' lang='lat' dir='ltr'>in</span> <span class='ocrx_word' id='word_1_251' title='bbox 545 3626 700 3689; x_wconf 88' lang='lat' dir='ltr'>lesionem</span> <span class='ocrx_word' id='word_1_252' title='bbox 725 3625 874 3708; x_wconf 78' lang='lat' dir='ltr'>alterius3</span> <span class='ocrx_word' id='word_1_253' title='bbox 899 3626 982 3688; x_wconf 88' lang='grc'><strong>9191</strong></span> <span class='ocrx_word' id='word_1_254' title='bbox 1007 3625 1104 3688; x_wconf 91' lang='lat' dir='ltr'>fuerit</span> <span class='ocrx_word' id='word_1_255' title='bbox 1128 3624 1244 3708; x_wconf 88' lang='lat' dir='ltr'>aliquis</span> <span class='ocrx_word' id='word_1_256' title='bbox 1268 3623 1463 3688; x_wconf 86' lang='lat' dir='ltr'>scholarium</span> <span class='ocrx_word' id='word_1_257' title='bbox 1487 3623 1641 3686; x_wconf 88' lang='lat' dir='ltr'>stantium</span> <span class='ocrx_word' id='word_1_258' title='bbox 1664 3622 1697 3685; x_wconf 91' lang='lat' dir='ltr'>in</span> <span class='ocrx_word' id='word_1_259' title='bbox 1720 3622 1882 3704; x_wconf 89' lang='lat' dir='ltr'>duodena,</span> <span class='ocrx_word' id='word_1_260' title='bbox 1908 3624 1962 3707; x_wconf 95' lang='lat' dir='ltr'>qui</span> <span class='ocrx_word' id='word_1_261' title='bbox 1986 3623 2165 3708; x_wconf 85' lang='lat' dir='ltr'>aufugeret,</span> 
     </span>
     <span class='ocr_line' id='line_1_24' title="bbox 345 3729 2168 3818; baseline -0.001 -21"><span class='ocrx_word' id='word_1_262' title='bbox 345 3735 391 3798; x_wconf 89' lang='lat' dir='ltr'>ita</span> <span class='ocrx_word' id='word_1_263' title='bbox 415 3733 499 3818; x_wconf 94' lang='lat' dir='ltr'>quod</span> <span class='ocrx_word' id='word_1_264' title='bbox 524 3733 627 3796; x_wconf 86' lang='lat' dir='ltr'>dictus</span> <span class='ocrx_word' id='word_1_265' title='bbox 651 3732 808 3816; x_wconf 90' lang='lat' dir='ltr'>magister</span> <span class='ocrx_word' id='word_1_266' title='bbox 833 3731 1028 3796; x_wconf 81' lang='lat' dir='ltr'>Guilielmus</span> <span class='ocrx_word' id='word_1_267' title='bbox 1051 3753 1116 3794; x_wconf 88' lang='lat' dir='ltr'>non</span> <span class='ocrx_word' id='word_1_268' title='bbox 1142 3731 1244 3816; x_wconf 88' lang='lat' dir='ltr'>possit</span> <span class='ocrx_word' id='word_1_269' title='bbox 1273 3730 1393 3794; x_wconf 87' lang='lat' dir='ltr'>habere</span> <span class='ocrx_word' id='word_1_270' title='bbox 1422 3730 1619 3794; x_wconf 87' lang='lat' dir='ltr'>solucionem</span> <span class='ocrx_word' id='word_1_271' title='bbox 1646 3750 1705 3815; x_wconf 94' lang='lat' dir='ltr'>pro</span> <span class='ocrx_word' id='word_1_272' title='bbox 1737 3729 1792 3791; x_wconf 93' lang='lat' dir='ltr'>illo</span> <span class='ocrx_word' id='word_1_273' title='bbox 1822 3730 1874 3793; x_wconf 82' lang='lat' dir='ltr'>vel</span> <span class='ocrx_word' id='word_1_274' title='bbox 1908 3751 1966 3815; x_wconf 92' lang='lat' dir='ltr'>pro</span> <span class='ocrx_word' id='word_1_275' title='bbox 1998 3730 2078 3813; x_wconf 89' lang='lat' dir='ltr'>illis,</span> <span class='ocrx_word' id='word_1_276' title='bbox 2103 3754 2168 3796; x_wconf 93' lang='lat' dir='ltr'>nou</span> 
     </span>
     <span class='ocr_line' id='line_1_25' title="bbox 344 3836 2168 3925; baseline -0.001 -20"><span class='ocrx_word' id='word_1_277' title='bbox 344 3850 492 3905; x_wconf 89' lang='lat' dir='ltr'>teneatur</span> <span class='ocrx_word' id='word_1_278' title='bbox 524 3840 647 3924; x_wconf 90' lang='lat' dir='ltr'>aliquid</span> <span class='ocrx_word' id='word_1_279' title='bbox 677 3847 919 3925; x_wconf 86' lang='lat' dir='ltr'>representare;</span> <span class='ocrx_word' id='word_1_280' title='bbox 944 3846 975 3902; x_wconf 93' lang='lat' dir='ltr'>et</span> <span class='ocrx_word' id='word_1_281' title='bbox 1009 3839 1036 3902; x_wconf 88' lang='grc'>91</span> <span class='ocrx_word' id='word_1_282' title='bbox 1061 3838 1177 3923; x_wconf 87' lang='lat' dir='ltr'>aliquis</span> <span class='ocrx_word' id='word_1_283' title='bbox 1201 3859 1265 3901; x_wconf 92' lang='lat' dir='ltr'>non</span> <span class='ocrx_word' id='word_1_284' title='bbox 1288 3838 1387 3900; x_wconf 85' lang='lat' dir='ltr'>vellet</span> <span class='ocrx_word' id='word_1_285' title='bbox 1417 3836 1495 3901; x_wconf 89' lang='lat' dir='ltr'>dare</span> <span class='ocrx_word' id='word_1_286' title='bbox 1522 3836 1686 3919; x_wconf 85' lang='lat' dir='ltr'>salarium,</span> <span class='ocrx_word' id='word_1_287' title='bbox 1711 3843 1860 3900; x_wconf 88' lang='lat' dir='ltr'>teneatur</span> <span class='ocrx_word' id='word_1_288' title='bbox 1886 3837 1989 3900; x_wconf 84' lang='lat' dir='ltr'>dictus</span> <span class='ocrx_word' id='word_1_289' title='bbox 2013 3839 2168 3923; x_wconf 88' lang='lat' dir='ltr'>magister</span> 
     </span>
     <span class='ocr_line' id='line_1_26' title="bbox 347 3943 2168 4032; baseline -0.002 -19"><span class='ocrx_word' id='word_1_290' title='bbox 347 3948 552 4013; x_wconf 73' lang='lat' dir='ltr'>(luiIIIelmus</span> <span class='ocrx_word' id='word_1_291' title='bbox 577 3949 682 4032; x_wconf 85' lang='lat' dir='ltr'>ipsum</span> <span class='ocrx_word' id='word_1_292' title='bbox 707 3947 899 4032; x_wconf 89' lang='lat' dir='ltr'>compellere</span> <span class='ocrx_word' id='word_1_293' title='bbox 925 3968 1033 4010; x_wconf 91' lang='lat' dir='ltr'>coram</span> <span class='ocrx_word' id='word_1_294' title='bbox 1057 3946 1167 4031; x_wconf 88' lang='lat' dir='ltr'>aliqua</span> <span class='ocrx_word' id='word_1_295' title='bbox 1189 3967 1337 4032; x_wconf 87' lang='lat' dir='ltr'>persona,</span> <span class='ocrx_word' id='word_1_296' title='bbox 1356 3966 1417 4030; x_wconf 92' lang='lat' dir='ltr'>que</span> <span class='ocrx_word' id='word_1_297' title='bbox 1441 3945 1481 4008; x_wconf 91' lang='lat' dir='ltr'>de</span> <span class='ocrx_word' id='word_1_298' title='bbox 1501 3945 1575 4028; x_wconf 89' lang='lat' dir='ltr'>jure</span> <span class='ocrx_word' id='word_1_299' title='bbox 1600 3944 1711 4008; x_wconf 90' lang='lat' dir='ltr'>audire</span> <span class='ocrx_word' id='word_1_300' title='bbox 1734 3943 1863 4026; x_wconf 89' lang='lat' dir='ltr'>habeat,</span> <span class='ocrx_word' id='word_1_301' title='bbox 1880 3950 1913 4007; x_wconf 89' lang='lat' dir='ltr'>et</span> <span class='ocrx_word' id='word_1_302' title='bbox 1936 3945 1963 4007; x_wconf 90' lang='lat' dir='ltr'>si</span> <span class='ocrx_word' id='word_1_303' title='bbox 1980 3965 2044 4008; x_wconf 91' lang='lat' dir='ltr'>non</span> <span class='ocrx_word' id='word_1_304' title='bbox 2059 3953 2168 4030; x_wconf 89' lang='lat' dir='ltr'>posset</span> 
     </span>
     <span class='ocr_line' id='line_1_27' title="bbox 346 4051 2167 4140; baseline -0.002 -19"><span class='ocrx_word' id='word_1_305' title='bbox 346 4056 535 4121; x_wconf 87' lang='lat' dir='ltr'>convincere</span> <span class='ocrx_word' id='word_1_306' title='bbox 561 4054 750 4140; x_wconf 90' lang='lat' dir='ltr'>predictum,</span> <span class='ocrx_word' id='word_1_307' title='bbox 770 4053 845 4139; x_wconf 86' lang='lat' dir='ltr'>quia</span> <span class='ocrx_word' id='word_1_308' title='bbox 867 4054 1030 4138; x_wconf 88' lang='lat' dir='ltr'>judicaret</span> <span class='ocrx_word' id='word_1_309' title='bbox 1053 4055 1092 4118; x_wconf 91' lang='lat' dir='ltr'>de</span> <span class='ocrx_word' id='word_1_310' title='bbox 1116 4055 1271 4140; x_wconf 87' lang='lat' dir='ltr'>pauciori,</span> <span class='ocrx_word' id='word_1_311' title='bbox 1296 4053 1328 4116; x_wconf 93' lang='lat' dir='ltr'>id</span> <span class='ocrx_word' id='word_1_312' title='bbox 1352 4059 1477 4116; x_wconf 87' lang='lat' dir='ltr'>tantum</span> <span class='ocrx_word' id='word_1_313' title='bbox 1501 4059 1650 4116; x_wconf 87' lang='lat' dir='ltr'>teneatur</span> <span class='ocrx_word' id='word_1_314' title='bbox 1672 4059 1817 4137; x_wconf 87' lang='lat' dir='ltr'>prestare</span> <span class='ocrx_word' id='word_1_315' title='bbox 1841 4058 1873 4115; x_wconf 92' lang='lat' dir='ltr'>et</span> <span class='ocrx_word' id='word_1_316' title='bbox 1895 4051 1927 4115; x_wconf 91' lang='lat' dir='ltr'>id</span> <span class='ocrx_word' id='word_1_317' title='bbox 1952 4052 2094 4117; x_wconf 84' lang='lat' dir='ltr'>dividere</span> <span class='ocrx_word' id='word_1_318' title='bbox 2119 4075 2167 4118; x_wconf 88' lang='grc'>99-</span> 
     </span>
     <span class='ocr_line' id='line_1_28' title="bbox 350 4158 2167 4247; baseline -0.002 -20"><span class='ocrx_word' id='word_1_319' title='bbox 350 4163 489 4227; x_wconf 90' lang='lat' dir='ltr'>cundum</span> <span class='ocrx_word' id='word_1_320' title='bbox 514 4162 598 4247; x_wconf 92' lang='lat' dir='ltr'>quod</span> <span class='ocrx_word' id='word_1_321' title='bbox 624 4161 836 4243; x_wconf 88' lang='lat' dir='ltr'>dictumest,</span> <span class='ocrx_word' id='word_1_322' title='bbox 862 4161 969 4224; x_wconf 86' lang='lat' dir='ltr'>dando</span> <span class='ocrx_word' id='word_1_323' title='bbox 993 4162 1023 4224; x_wconf 93' lang='lat' dir='ltr'>ei</span> <span class='ocrx_word' id='word_1_324' title='bbox 1047 4162 1179 4225; x_wconf 88' lang='lat' dir='ltr'>terciam</span> <span class='ocrx_word' id='word_1_325' title='bbox 1203 4168 1345 4247; x_wconf 86' lang='lat' dir='ltr'>partein,</span> <span class='ocrx_word' id='word_1_326' title='bbox 1370 4167 1402 4224; x_wconf 93' lang='lat' dir='ltr'>et</span> <span class='ocrx_word' id='word_1_327' title='bbox 1424 4161 1485 4224; x_wconf 91' lang='lat' dir='ltr'>hoo</span> <span class='ocrx_word' id='word_1_328' title='bbox 1509 4159 1638 4244; x_wconf 91' lang='lat' dir='ltr'>quidem</span> <span class='ocrx_word' id='word_1_329' title='bbox 1669 4158 1871 4243; x_wconf 88' lang='lat' dir='ltr'>iutelligatur</span> <span class='ocrx_word' id='word_1_330' title='bbox 1898 4159 1936 4222; x_wconf 97' lang='lat' dir='ltr'>de</span> <span class='ocrx_word' id='word_1_331' title='bbox 1968 4159 2167 4224; x_wconf 88' lang='lat' dir='ltr'>scholaribus</span> 
     </span>
     <span class='ocr_line' id='line_1_29' title="bbox 348 4265 2167 4352; baseline -0.001 -18"><span class='ocrx_word' id='word_1_332' title='bbox 348 4270 550 4334; x_wconf 79' lang='lat' dir='ltr'>venientibus</span> <span class='ocrx_word' id='word_1_333' title='bbox 575 4270 614 4332; x_wconf 89' lang='lat' dir='ltr'>ad</span> <span class='ocrx_word' id='word_1_334' title='bbox 640 4268 781 4332; x_wconf 86' lang='lat' dir='ltr'>studium</span> <span class='ocrx_word' id='word_1_335' title='bbox 805 4275 880 4332; x_wconf 89' lang='lat' dir='ltr'>ante</span> <span class='ocrx_word' id='word_1_336' title='bbox 905 4269 1022 4332; x_wconf 84' lang='lat' dir='ltr'>festum</span> <span class='ocrx_word' id='word_1_337' title='bbox 1047 4269 1245 4332; x_wconf 77' lang='lat' dir='ltr'>Natiuitatis.</span> <span class='ocrx_word' id='word_1_338' title='bbox 1270 4269 1319 4332; x_wconf 92' lang='lat' dir='ltr'>De</span> <span class='ocrx_word' id='word_1_339' title='bbox 1344 4267 1546 4332; x_wconf 86' lang='lat' dir='ltr'>venientibus</span> <span class='ocrx_word' id='word_1_340' title='bbox 1570 4273 1642 4352; x_wconf 87' lang='lat' dir='ltr'>post</span> <span class='ocrx_word' id='word_1_341' title='bbox 1672 4265 1789 4329; x_wconf 86' lang='lat' dir='ltr'>festum</span> <span class='ocrx_word' id='word_1_342' title='bbox 1820 4273 1968 4330; x_wconf 88' lang='lat' dir='ltr'>tencatur</span> <span class='ocrx_word' id='word_1_343' title='bbox 2001 4268 2167 4352; x_wconf 88' lang='lat' dir='ltr'>assignare</span> 
     </span>
     <span class='ocr_line' id='line_1_30' title="bbox 348 4373 1827 4462; baseline -0.003 -22"><span class='ocrx_word' id='word_1_344' title='bbox 348 4378 483 4459; x_wconf 88' lang='lat' dir='ltr'>luorum,</span> <span class='ocrx_word' id='word_1_345' title='bbox 508 4377 591 4462; x_wconf 93' lang='lat' dir='ltr'>quod</span> <span class='ocrx_word' id='word_1_346' title='bbox 616 4376 758 4457; x_wconf 90' lang='lat' dir='ltr'>habebit,</span> <span class='ocrx_word' id='word_1_347' title='bbox 784 4375 869 4440; x_wconf 88' lang='lat' dir='ltr'>bona</span> <span class='ocrx_word' id='word_1_348' title='bbox 894 4376 967 4458; x_wconf 90' lang='lat' dir='ltr'>fide,</span> <span class='ocrx_word' id='word_1_349' title='bbox 992 4383 1024 4439; x_wconf 91' lang='lat' dir='ltr'>et</span> <span class='ocrx_word' id='word_1_350' title='bbox 1047 4376 1124 4440; x_wconf 88' lang='lat' dir='ltr'>dare</span> <span class='ocrx_word' id='word_1_351' title='bbox 1149 4375 1210 4439; x_wconf 87' lang='lat' dir='ltr'>sibi</span> <span class='ocrx_word' id='word_1_352' title='bbox 1233 4375 1408 4438; x_wconf 91' lang='lat' dir='ltr'>secundum</span> <span class='ocrx_word' id='word_1_353' title='bbox 1431 4374 1609 4460; x_wconf 90' lang='lat' dir='ltr'>predictam</span> <span class='ocrx_word' id='word_1_354' title='bbox 1633 4373 1827 4459; x_wconf 91' lang='lat' dir='ltr'>porcionem.</span> 
     </span>
    </p>

    <p class='ocr_par' dir='ltr' id='par_1_5' title="bbox 349 4481 2169 5105">
     <span class='ocr_line' id='line_1_31' title="bbox 437 4481 2168 4568; baseline -0.001 -21"><span class='ocrx_word' id='word_1_355' title='bbox 437 4485 530 4566; x_wconf 83' lang='lat' dir='ltr'>Item,</span> <span class='ocrx_word' id='word_1_356' title='bbox 552 4485 579 4546; x_wconf 91' lang='lat' dir='ltr'>si</span> <span class='ocrx_word' id='word_1_357' title='bbox 603 4483 805 4568; x_wconf 85' lang='lat' dir='ltr'>contIngeret</span> <span class='ocrx_word' id='word_1_358' title='bbox 828 4483 950 4547; x_wconf 92' lang='lat' dir='ltr'>dictum</span> <span class='ocrx_word' id='word_1_359' title='bbox 972 4485 1163 4567; x_wconf 86' lang='lat' dir='ltr'>magistrum</span> <span class='ocrx_word' id='word_1_360' title='bbox 1188 4482 1410 4545; x_wconf 86' lang='lat' dir='ltr'>Guillielmum</span> <span class='ocrx_word' id='word_1_361' title='bbox 1434 4503 1497 4545; x_wconf 90' lang='lat' dir='ltr'>non</span> <span class='ocrx_word' id='word_1_362' title='bbox 1520 4503 1614 4566; x_wconf 88' lang='grc'><strong>99999</strong></span> <span class='ocrx_word' id='word_1_363' title='bbox 1639 4481 1746 4565; x_wconf 88' lang='lat' dir='ltr'>aliquo</span> <span class='ocrx_word' id='word_1_364' title='bbox 1771 4487 1914 4567; x_wconf 89' lang='lat' dir='ltr'>tempore</span> <span class='ocrx_word' id='word_1_365' title='bbox 1939 4481 2046 4565; x_wconf 89' lang='lat' dir='ltr'>legere</span> <span class='ocrx_word' id='word_1_366' title='bbox 2071 4503 2168 4546; x_wconf 85' lang='grc'><strong>991199</strong></span> 
     </span>
     <span class='ocr_line' id='line_1_32' title="bbox 349 4588 2168 4676; baseline -0.001 -20"><span class='ocrx_word' id='word_1_367' title='bbox 349 4591 487 4676; x_wconf 88' lang='lat' dir='ltr'>alicujus</span> <span class='ocrx_word' id='word_1_368' title='bbox 511 4591 705 4654; x_wconf 87' lang='lat' dir='ltr'>infirmitatis</span> <span class='ocrx_word' id='word_1_369' title='bbox 731 4591 874 4676; x_wconf 89' lang='grc'><strong>99199119</strong></span> <span class='ocrx_word' id='word_1_370' title='bbox 898 4591 950 4655; x_wconf 79' lang='lat' dir='ltr'>vel</span> <span class='ocrx_word' id='word_1_371' title='bbox 975 4590 1040 4654; x_wconf 91' lang='grc'><strong>9119</strong></span> <span class='ocrx_word' id='word_1_372' title='bbox 1063 4589 1279 4654; x_wconf 87' lang='lat' dir='ltr'>rectionabilli</span> <span class='ocrx_word' id='word_1_373' title='bbox 1303 4610 1411 4671; x_wconf 89' lang='lat' dir='ltr'>causa,</span> <span class='ocrx_word' id='word_1_374' title='bbox 1428 4596 1461 4652; x_wconf 94' lang='lat' dir='ltr'>et</span> <span class='ocrx_word' id='word_1_375' title='bbox 1483 4610 1546 4652; x_wconf 91' lang='lat' dir='ltr'>nou</span> <span class='ocrx_word' id='word_1_376' title='bbox 1570 4588 1706 4652; x_wconf 90' lang='lat' dir='ltr'>haberet</span> <span class='ocrx_word' id='word_1_377' title='bbox 1722 4609 1893 4674; x_wconf 89' lang='lat' dir='ltr'>personam</span> <span class='ocrx_word' id='word_1_378' title='bbox 1917 4588 2168 4675; x_wconf 90' lang='lat' dir='ltr'>decentemque</span> 
     </span>
     <span class='ocr_line' id='line_1_33' title="bbox 349 4694 2169 4784; baseline -0.001 -23"><span class='ocrx_word' id='word_1_379' title='bbox 349 4720 407 4784; x_wconf 92' lang='lat' dir='ltr'>pro</span> <span class='ocrx_word' id='word_1_380' title='bbox 432 4699 501 4784; x_wconf 88' lang='lat' dir='ltr'>ipso</span> <span class='ocrx_word' id='word_1_381' title='bbox 525 4705 633 4783; x_wconf 89' lang='lat' dir='ltr'>posset</span> <span class='ocrx_word' id='word_1_382' title='bbox 656 4696 783 4782; x_wconf 88' lang='lat' dir='ltr'>legere,</span> <span class='ocrx_word' id='word_1_383' title='bbox 809 4697 894 4782; x_wconf 90' lang='lat' dir='ltr'>quod</span> <span class='ocrx_word' id='word_1_384' title='bbox 930 4697 1034 4761; x_wconf 86' lang='lat' dir='ltr'>dictus</span> <span class='ocrx_word' id='word_1_385' title='bbox 1064 4698 1219 4781; x_wconf 89' lang='lat' dir='ltr'>magister</span> <span class='ocrx_word' id='word_1_386' title='bbox 1248 4696 1378 4761; x_wconf 88' lang='lat' dir='ltr'>Jentilis</span> <span class='ocrx_word' id='word_1_387' title='bbox 1408 4695 1525 4759; x_wconf 90' lang='lat' dir='ltr'>debeat</span> <span class='ocrx_word' id='word_1_388' title='bbox 1557 4694 1666 4779; x_wconf 89' lang='lat' dir='ltr'>legere</span> <span class='ocrx_word' id='word_1_389' title='bbox 1694 4716 1752 4780; x_wconf 93' lang='lat' dir='ltr'>pro</span> <span class='ocrx_word' id='word_1_390' title='bbox 1784 4716 1822 4758; x_wconf 89' lang='grc'>99</span> <span class='ocrx_word' id='word_1_391' title='bbox 1846 4714 1910 4757; x_wconf 93' lang='lat' dir='ltr'>uno</span> <span class='ocrx_word' id='word_1_392' title='bbox 1934 4717 2060 4777; x_wconf 83' lang='lat' dir='ltr'>urenae,</span> <span class='ocrx_word' id='word_1_393' title='bbox 2086 4699 2169 4760; x_wconf 90' lang='lat' dir='ltr'>etsi</span> 
     </span>
     <span class='ocr_line' id='line_1_34' title="bbox 350 4801 2168 4890; baseline -0.001 -20"><span class='ocrx_word' id='word_1_394' title='bbox 350 4806 551 4890; x_wconf 88' lang='lat' dir='ltr'>contingeret</span> <span class='ocrx_word' id='word_1_395' title='bbox 571 4805 691 4868; x_wconf 90' lang='lat' dir='ltr'>dictum</span> <span class='ocrx_word' id='word_1_396' title='bbox 708 4805 899 4889; x_wconf 90' lang='lat' dir='ltr'>magistrum</span> <span class='ocrx_word' id='word_1_397' title='bbox 916 4804 1070 4869; x_wconf 89' lang='lat' dir='ltr'>Jontilem</span> <span class='ocrx_word' id='word_1_398' title='bbox 1085 4805 1195 4888; x_wconf 89' lang='lat' dir='ltr'>legere</span> <span class='ocrx_word' id='word_1_399' title='bbox 1212 4805 1296 4868; x_wconf 88' lang='lat' dir='ltr'>ultra</span> <span class='ocrx_word' id='word_1_400' title='bbox 1313 4803 1491 4886; x_wconf 88' lang='lat' dir='ltr'>me[n]sem,</span> <span class='ocrx_word' id='word_1_401' title='bbox 1509 4810 1658 4866; x_wconf 88' lang='lat' dir='ltr'>teneatur</span> <span class='ocrx_word' id='word_1_402' title='bbox 1673 4801 1777 4866; x_wconf 82' lang='lat' dir='ltr'>dIctus</span> <span class='ocrx_word' id='word_1_403' title='bbox 1793 4802 1947 4886; x_wconf 89' lang='lat' dir='ltr'>magister</span> <span class='ocrx_word' id='word_1_404' title='bbox 1965 4801 2168 4868; x_wconf 86' lang='lat' dir='ltr'>Guillielmus</span> 
     </span>
     <span class='ocr_line' id='line_1_35' title="bbox 349 4910 2169 4998; baseline 0 -22"><span class='ocrx_word' id='word_1_405' title='bbox 349 4912 411 4977; x_wconf 86' lang='lat' dir='ltr'>sibi</span> <span class='ocrx_word' id='word_1_406' title='bbox 433 4913 510 4976; x_wconf 90' lang='lat' dir='ltr'>dare</span> <span class='ocrx_word' id='word_1_407' title='bbox 535 4913 615 4975; x_wconf 88' lang='lat' dir='ltr'>duas</span> <span class='ocrx_word' id='word_1_408' title='bbox 638 4919 748 4998; x_wconf 87' lang='lat' dir='ltr'>partes</span> <span class='ocrx_word' id='word_1_409' title='bbox 771 4913 852 4976; x_wconf 92' lang='lat' dir='ltr'>lueri</span> <span class='ocrx_word' id='word_1_410' title='bbox 872 4913 934 4976; x_wconf 88' lang='lat' dir='ltr'>sibi</span> <span class='ocrx_word' id='word_1_411' title='bbox 952 4913 1167 4996; x_wconf 86' lang='lat' dir='ltr'>contingentis</span> <span class='ocrx_word' id='word_1_412' title='bbox 1183 4934 1241 4998; x_wconf 92' lang='lat' dir='ltr'>pro</span> <span class='ocrx_word' id='word_1_413' title='bbox 1257 4913 1313 4976; x_wconf 91' lang='lat' dir='ltr'>illo</span> <span class='ocrx_word' id='word_1_414' title='bbox 1329 4918 1484 4997; x_wconf 90' lang='lat' dir='ltr'>tempore,</span> <span class='ocrx_word' id='word_1_415' title='bbox 1501 4911 1546 4974; x_wconf 91' lang='grc'>119</span> <span class='ocrx_word' id='word_1_416' title='bbox 1563 4910 1658 4995; x_wconf 94' lang='lat' dir='ltr'>quod,</span> <span class='ocrx_word' id='word_1_417' title='bbox 1676 4910 1703 4973; x_wconf 90' lang='lat' dir='ltr'>si</span> <span class='ocrx_word' id='word_1_418' title='bbox 1719 4910 1873 4994; x_wconf 87' lang='lat' dir='ltr'>magister</span> <span class='ocrx_word' id='word_1_419' title='bbox 1890 4910 2095 4974; x_wconf 83' lang='lat' dir='ltr'>Guillie&#39;lmus</span> <span class='ocrx_word' id='word_1_420' title='bbox 2111 4913 2169 4976; x_wconf 90' lang='lat' dir='ltr'>ha·</span> 
     </span>
     <span class='ocr_line' id='line_1_36' title="bbox 349 5019 1412 5105; baseline -0.002 -22"><span class='ocrx_word' id='word_1_421' title='bbox 349 5020 471 5084; x_wconf 79' lang='grc'><strong>1919991</strong></span> <span class='ocrx_word' id='word_1_422' title='bbox 494 5041 552 5105; x_wconf 92' lang='grc'>919</span> <span class='ocrx_word' id='word_1_423' title='bbox 578 5041 687 5083; x_wconf 87' lang='lat' dir='ltr'>meuse</span> <span class='ocrx_word' id='word_1_424' title='bbox 710 5021 810 5083; x_wconf 88' lang='lat' dir='ltr'>libras</span> <span class='ocrx_word' id='word_1_425' title='bbox 834 5042 961 5103; x_wconf 85' lang='lat' dir='ltr'>novem,</span> <span class='ocrx_word' id='word_1_426' title='bbox 985 5027 1134 5084; x_wconf 89' lang='lat' dir='ltr'>teneatur</span> <span class='ocrx_word' id='word_1_427' title='bbox 1157 5020 1219 5084; x_wconf 88' lang='lat' dir='ltr'>sibi</span> <span class='ocrx_word' id='word_1_428' title='bbox 1242 5019 1319 5082; x_wconf 88' lang='lat' dir='ltr'>dare</span> <span class='ocrx_word' id='word_1_429' title='bbox 1344 5040 1412 5082; x_wconf 86' lang='lat' dir='ltr'>sex.</span> 
     </span>
    </p>

    <p class='ocr_par' dir='ltr' id='par_1_6' title="bbox 350 5124 2168 5319">
     <span class='ocr_line' id='line_1_37' title="bbox 438 5124 2166 5212; baseline -0.001 -22"><span class='ocrx_word' id='word_1_430' title='bbox 438 5127 521 5190; x_wconf 92' lang='lat' dir='ltr'>Item</span> <span class='ocrx_word' id='word_1_431' title='bbox 546 5126 629 5211; x_wconf 91' lang='lat' dir='ltr'>quod</span> <span class='ocrx_word' id='word_1_432' title='bbox 659 5133 755 5212; x_wconf 89' lang='lat' dir='ltr'>pacta</span> <span class='ocrx_word' id='word_1_433' title='bbox 787 5127 849 5190; x_wconf 88' lang='grc'><strong>1919</strong></span> <span class='ocrx_word' id='word_1_434' title='bbox 880 5134 1012 5191; x_wconf 82' lang='lat' dir='ltr'>teneant</span> <span class='ocrx_word' id='word_1_435' title='bbox 1043 5135 1180 5212; x_wconf 89' lang='lat' dir='ltr'>utroque</span> <span class='ocrx_word' id='word_1_436' title='bbox 1211 5126 1366 5210; x_wconf 89' lang='lat' dir='ltr'>magistro</span> <span class='ocrx_word' id='word_1_437' title='bbox 1397 5125 1535 5189; x_wconf 87' lang='lat' dir='ltr'>faciente</span> <span class='ocrx_word' id='word_1_438' title='bbox 1566 5145 1659 5188; x_wconf 88' lang='lat' dir='ltr'>suurn</span> <span class='ocrx_word' id='word_1_439' title='bbox 1686 5124 1843 5206; x_wconf 91' lang='lat' dir='ltr'>officium,</span> <span class='ocrx_word' id='word_1_440' title='bbox 1868 5125 1913 5188; x_wconf 89' lang='lat' dir='ltr'>ita</span> <span class='ocrx_word' id='word_1_441' title='bbox 1937 5124 2039 5210; x_wconf 91' lang='lat' dir='ltr'>quod,</span> <span class='ocrx_word' id='word_1_442' title='bbox 2065 5126 2166 5190; x_wconf 88' lang='lat' dir='ltr'>altero</span> 
     </span>
     <span class='ocr_line' id='line_1_38' title="bbox 350 5233 2168 5319; baseline -0.001 -20"><span class='ocrx_word' id='word_1_443' title='bbox 350 5236 479 5299; x_wconf 93' lang='lat' dir='ltr'>omnino</span> <span class='ocrx_word' id='word_1_444' title='bbox 502 5233 670 5298; x_wconf 88' lang='lat' dir='ltr'>deficiente</span> <span class='ocrx_word' id='word_1_445' title='bbox 695 5255 715 5296; x_wconf 89' lang='lat' dir='ltr'>a</span> <span class='ocrx_word' id='word_1_446' title='bbox 739 5255 796 5297; x_wconf 89' lang='lat' dir='ltr'>suo</span> <span class='ocrx_word' id='word_1_447' title='bbox 822 5234 935 5316; x_wconf 89' lang='lat' dir='ltr'>officio,</span> <span class='ocrx_word' id='word_1_448' title='bbox 961 5235 1006 5298; x_wconf 91' lang='grc'>119</span> <span class='ocrx_word' id='word_1_449' title='bbox 1030 5235 1113 5319; x_wconf 95' lang='lat' dir='ltr'>quod</span> <span class='ocrx_word' id='word_1_450' title='bbox 1139 5233 1221 5296; x_wconf 88' lang='lat' dir='ltr'>alter</span> <span class='ocrx_word' id='word_1_451' title='bbox 1245 5233 1306 5297; x_wconf 93' lang='lat' dir='ltr'>iret</span> <span class='ocrx_word' id='word_1_452' title='bbox 1329 5233 1458 5297; x_wconf 90' lang='lat' dir='ltr'>domum</span> <span class='ocrx_word' id='word_1_453' title='bbox 1482 5241 1514 5296; x_wconf 90' lang='lat' dir='ltr'>et</span> <span class='ocrx_word' id='word_1_454' title='bbox 1537 5234 1778 5315; x_wconf 86' lang='lat' dir='ltr'>inreversurus,</span> <span class='ocrx_word' id='word_1_455' title='bbox 1803 5240 1928 5296; x_wconf 88' lang='lat' dir='ltr'>cessent</span> <span class='ocrx_word' id='word_1_456' title='bbox 1954 5240 2050 5317; x_wconf 89' lang='lat' dir='ltr'>pacta</span> <span class='ocrx_word' id='word_1_457' title='bbox 2072 5234 2168 5298; x_wconf 90' lang='lat' dir='ltr'>ultra.</span> 
     </span>
    </p>

    <p class='ocr_par' dir='ltr' id='par_1_7' title="bbox 349 5338 2169 5856">
     <span class='ocr_line' id='line_1_39' title="bbox 439 5338 2169 5427; baseline -0.001 -22"><span class='ocrx_word' id='word_1_458' title='bbox 439 5342 523 5405; x_wconf 89' lang='lat' dir='ltr'>Item</span> <span class='ocrx_word' id='word_1_459' title='bbox 547 5341 631 5425; x_wconf 90' lang='lat' dir='ltr'>quod</span> <span class='ocrx_word' id='word_1_460' title='bbox 655 5341 683 5403; x_wconf 87' lang='lat' dir='ltr'>si</span> <span class='ocrx_word' id='word_1_461' title='bbox 707 5339 862 5425; x_wconf 87' lang='lat' dir='ltr'>magister</span> <span class='ocrx_word' id='word_1_462' title='bbox 887 5341 1090 5404; x_wconf 85' lang='lat' dir='ltr'>Guillielmus</span> <span class='ocrx_word' id='word_1_463' title='bbox 1115 5341 1253 5427; x_wconf 89' lang='lat' dir='ltr'>accipiat</span> <span class='ocrx_word' id='word_1_464' title='bbox 1275 5361 1333 5426; x_wconf 90' lang='lat' dir='ltr'>pro</span> <span class='ocrx_word' id='word_1_465' title='bbox 1357 5339 1497 5403; x_wconf 76' lang='lat' dir='ltr'>scholari</span> <span class='ocrx_word' id='word_1_466' title='bbox 1520 5339 1736 5424; x_wconf 87' lang='lat' dir='ltr'>quadraginta</span> <span class='ocrx_word' id='word_1_467' title='bbox 1760 5338 1889 5420; x_wconf 84' lang='lat' dir='ltr'>solidos,</span> <span class='ocrx_word' id='word_1_468' title='bbox 1913 5346 1944 5402; x_wconf 91' lang='lat' dir='ltr'>et</span> <span class='ocrx_word' id='word_1_469' title='bbox 1967 5339 1994 5402; x_wconf 88' lang='grc'>91</span> <span class='ocrx_word' id='word_1_470' title='bbox 2018 5340 2169 5404; x_wconf 87' lang='grc'><strong>99999191</strong></span> 
     </span>
     <span class='ocr_line' id='line_1_40' title="bbox 350 5446 2169 5532; baseline -0.001 -19"><span class='ocrx_word' id='word_1_471' title='bbox 350 5450 450 5530; x_wconf 90' lang='lat' dir='ltr'>ultra,</span> <span class='ocrx_word' id='word_1_472' title='bbox 475 5455 623 5512; x_wconf 89' lang='lat' dir='ltr'>teneatur</span> <span class='ocrx_word' id='word_1_473' title='bbox 647 5447 723 5511; x_wconf 89' lang='grc'><strong>(1919</strong></span> <span class='ocrx_word' id='word_1_474' title='bbox 750 5447 789 5510; x_wconf 89' lang='grc'>(19</span> <span class='ocrx_word' id='word_1_475' title='bbox 813 5447 903 5511; x_wconf 88' lang='lat' dir='ltr'>lucro</span> <span class='ocrx_word' id='word_1_476' title='bbox 917 5448 955 5512; x_wconf 79' lang='lat'>(2)</span> <span class='ocrx_word' id='word_1_477' title='bbox 969 5448 1115 5511; x_wconf 88' lang='lat' dir='ltr'>ulteriori</span> <span class='ocrx_word' id='word_1_478' title='bbox 1138 5447 1223 5511; x_wconf 91' lang='lat' dir='ltr'>dioto</span> <span class='ocrx_word' id='word_1_479' title='bbox 1247 5448 1402 5532; x_wconf 86' lang='lat' dir='ltr'>magistro</span> <span class='ocrx_word' id='word_1_480' title='bbox 1425 5447 1538 5510; x_wconf 91' lang='lat' dir='ltr'>Jentili</span> <span class='ocrx_word' id='word_1_481' title='bbox 1562 5447 1696 5510; x_wconf 85' lang='lat' dir='ltr'>terciam</span> <span class='ocrx_word' id='word_1_482' title='bbox 1719 5452 1845 5531; x_wconf 90' lang='lat' dir='ltr'>partem</span> <span class='ocrx_word' id='word_1_483' title='bbox 1868 5447 1949 5530; x_wconf 88' lang='lat' dir='ltr'>ejus,</span> <span class='ocrx_word' id='word_1_484' title='bbox 1974 5446 2059 5531; x_wconf 94' lang='lat' dir='ltr'>quod</span> <span class='ocrx_word' id='word_1_485' title='bbox 2083 5447 2169 5511; x_wconf 88' lang='lat' dir='ltr'>ultra</span> 
     </span>
     <span class='ocr_line' id='line_1_41' title="bbox 350 5553 2168 5642; baseline -0.002 -23"><span class='ocrx_word' id='word_1_486' title='bbox 350 5556 566 5642; x_wconf 88' lang='lat' dir='ltr'>quadraginta</span> <span class='ocrx_word' id='word_1_487' title='bbox 590 5555 708 5619; x_wconf 85' lang='lat' dir='ltr'>solidos</span> <span class='ocrx_word' id='word_1_488' title='bbox 737 5555 915 5641; x_wconf 89' lang='lat' dir='ltr'>acceperit,</span> <span class='ocrx_word' id='word_1_489' title='bbox 940 5562 971 5619; x_wconf 91' lang='grc'>91</span> <span class='ocrx_word' id='word_1_490' title='bbox 995 5557 1021 5618; x_wconf 91' lang='grc'>91</span> <span class='ocrx_word' id='word_1_491' title='bbox 1044 5555 1136 5618; x_wconf 90' lang='lat' dir='ltr'>fieret</span> <span class='ocrx_word' id='word_1_492' title='bbox 1159 5561 1315 5618; x_wconf 87' lang='lat' dir='ltr'>statutum</span> <span class='ocrx_word' id='word_1_493' title='bbox 1338 5575 1395 5640; x_wconf 91' lang='lat' dir='ltr'>per</span> <span class='ocrx_word' id='word_1_494' title='bbox 1420 5554 1561 5640; x_wconf 89' lang='lat' dir='ltr'>aliquem</span> <span class='ocrx_word' id='word_1_495' title='bbox 1584 5553 1625 5616; x_wconf 89' lang='lat' dir='ltr'>ad</span> <span class='ocrx_word' id='word_1_496' title='bbox 1648 5553 1709 5616; x_wconf 92' lang='lat' dir='ltr'>hoc</span> <span class='ocrx_word' id='word_1_497' title='bbox 1733 5554 1922 5639; x_wconf 90' lang='lat' dir='ltr'>deputatum</span> <span class='ocrx_word' id='word_1_498' title='bbox 1954 5553 2038 5637; x_wconf 95' lang='lat' dir='ltr'>quod</span> <span class='ocrx_word' id='word_1_499' title='bbox 2067 5555 2168 5638; x_wconf 87' lang='lat' dir='ltr'>magi-</span> 
     </span>
     <span class='ocr_line' id='line_1_42' title="bbox 350 5660 2168 5748; baseline -0.001 -20"><span class='ocrx_word' id='word_1_500' title='bbox 350 5671 415 5728; x_wconf 87' lang='lat' dir='ltr'>ster</span> <span class='ocrx_word' id='word_1_501' title='bbox 439 5663 644 5727; x_wconf 84' lang='lat' dir='ltr'>Guillielmus</span> <span class='ocrx_word' id='word_1_502' title='bbox 668 5683 731 5727; x_wconf 90' lang='lat' dir='ltr'>non</span> <span class='ocrx_word' id='word_1_503' title='bbox 755 5663 857 5748; x_wconf 87' lang='lat' dir='ltr'>possit</span> <span class='ocrx_word' id='word_1_504' title='bbox 881 5664 1027 5748; x_wconf 88' lang='lat' dir='ltr'>accipere</span> <span class='ocrx_word' id='word_1_505' title='bbox 1060 5662 1193 5747; x_wconf 90' lang='lat' dir='ltr'>triginta</span> <span class='ocrx_word' id='word_1_506' title='bbox 1224 5662 1361 5744; x_wconf 89' lang='lat' dir='ltr'>solidos,</span> <span class='ocrx_word' id='word_1_507' title='bbox 1385 5670 1461 5726; x_wconf 90' lang='lat' dir='ltr'>tuno</span> <span class='ocrx_word' id='word_1_508' title='bbox 1492 5661 1646 5746; x_wconf 87' lang='lat' dir='ltr'>magister</span> <span class='ocrx_word' id='word_1_509' title='bbox 1678 5660 1882 5725; x_wconf 86' lang='lat' dir='ltr'>Guillielmus</span> <span class='ocrx_word' id='word_1_510' title='bbox 1912 5667 2061 5724; x_wconf 88' lang='lat' dir='ltr'>teneatur</span> <span class='ocrx_word' id='word_1_511' title='bbox 2090 5661 2168 5726; x_wconf 89' lang='lat' dir='ltr'>dare</span> 
     </span>
     <span class='ocr_line' id='line_1_43' title="bbox 349 5769 1696 5856; baseline -0.001 -21"><span class='ocrx_word' id='word_1_512' title='bbox 349 5771 483 5836; x_wconf 88' lang='lat' dir='ltr'>terciam</span> <span class='ocrx_word' id='word_1_513' title='bbox 506 5772 587 5854; x_wconf 86' lang='lat' dir='ltr'>ejus,</span> <span class='ocrx_word' id='word_1_514' title='bbox 613 5791 709 5855; x_wconf 87' lang='lat' dir='ltr'>quam</span> <span class='ocrx_word' id='word_1_515' title='bbox 733 5776 809 5834; x_wconf 92' lang='lat' dir='ltr'>tuuc</span> <span class='ocrx_word' id='word_1_516' title='bbox 834 5791 949 5856; x_wconf 88' lang='lat' dir='ltr'>capere</span> <span class='ocrx_word' id='word_1_517' title='bbox 973 5777 1081 5856; x_wconf 86' lang='lat' dir='ltr'>posset</span> <span class='ocrx_word' id='word_1_518' title='bbox 1104 5769 1280 5834; x_wconf 88' lang='lat' dir='ltr'>secundum</span> <span class='ocrx_word' id='word_1_519' title='bbox 1304 5770 1441 5833; x_wconf 86' lang='lat' dir='ltr'>formam</span> <span class='ocrx_word' id='word_1_520' title='bbox 1465 5769 1551 5832; x_wconf 91' lang='lat' dir='ltr'>illius</span> <span class='ocrx_word' id='word_1_521' title='bbox 1574 5770 1696 5833; x_wconf 88' lang='lat' dir='ltr'>statuti.</span> 
     </span>
    </p>

    <p class='ocr_par' dir='ltr' id='par_1_8' title="bbox 349 5877 2168 6179">
     <span class='ocr_line' id='line_1_44' title="bbox 439 5877 2168 5964; baseline -0.001 -22"><span class='ocrx_word' id='word_1_522' title='bbox 439 5879 523 5942; x_wconf 91' lang='lat' dir='ltr'>Item</span> <span class='ocrx_word' id='word_1_523' title='bbox 546 5887 676 5964; x_wconf 89' lang='lat' dir='ltr'>pactum</span> <span class='ocrx_word' id='word_1_524' title='bbox 700 5879 742 5943; x_wconf 89' lang='lat' dir='ltr'>ad</span> <span class='ocrx_word' id='word_1_525' title='bbox 766 5879 904 5944; x_wconf 82' lang='lat' dir='ltr'>invicem</span> <span class='ocrx_word' id='word_1_526' title='bbox 927 5879 1090 5962; x_wconf 90' lang='lat' dir='ltr'>fecerunt,</span> <span class='ocrx_word' id='word_1_527' title='bbox 1115 5879 1199 5964; x_wconf 94' lang='lat' dir='ltr'>quod</span> <span class='ocrx_word' id='word_1_528' title='bbox 1224 5877 1331 5942; x_wconf 91' lang='lat' dir='ltr'>nullus</span> <span class='ocrx_word' id='word_1_529' title='bbox 1354 5900 1465 5942; x_wconf 88' lang='lat' dir='ltr'>eorum</span> <span class='ocrx_word' id='word_1_530' title='bbox 1489 5879 1590 5963; x_wconf 86' lang='lat' dir='ltr'>possit</span> <span class='ocrx_word' id='word_1_531' title='bbox 1614 5879 1660 5941; x_wconf 89' lang='lat' dir='ltr'>ire</span> <span class='ocrx_word' id='word_1_532' title='bbox 1688 5878 1729 5941; x_wconf 90' lang='lat' dir='ltr'>ad</span> <span class='ocrx_word' id='word_1_533' title='bbox 1760 5877 1900 5962; x_wconf 91' lang='lat' dir='ltr'>aliquem</span> <span class='ocrx_word' id='word_1_534' title='bbox 1931 5878 2031 5941; x_wconf 91' lang='lat' dir='ltr'>alium</span> <span class='ocrx_word' id='word_1_535' title='bbox 2062 5878 2168 5941; x_wconf 91' lang='lat' dir='ltr'>locum</span> 
     </span>
     <span class='ocr_line' id='line_1_45' title="bbox 351 5983 2167 6072; baseline -0.001 -22"><span class='ocrx_word' id='word_1_536' title='bbox 351 6007 449 6050; x_wconf 88' lang='lat' dir='ltr'>causa</span> <span class='ocrx_word' id='word_1_537' title='bbox 472 5986 622 6049; x_wconf 86' lang='lat' dir='ltr'>studendi</span> <span class='ocrx_word' id='word_1_538' title='bbox 646 5987 690 6049; x_wconf 92' lang='lat' dir='ltr'>ibi</span> <span class='ocrx_word' id='word_1_539' title='bbox 713 5994 788 6051; x_wconf 89' lang='lat' dir='ltr'>aute</span> <span class='ocrx_word' id='word_1_540' title='bbox 814 5995 940 6072; x_wconf 86' lang='lat' dir='ltr'>tempus</span> <span class='ocrx_word' id='word_1_541' title='bbox 964 5993 1135 6068; x_wconf 87' lang='lat' dir='ltr'>statutum,</span> <span class='ocrx_word' id='word_1_542' title='bbox 1160 5985 1282 6050; x_wconf 89' lang='lat' dir='ltr'>scilicet</span> <span class='ocrx_word' id='word_1_543' title='bbox 1312 5986 1410 6050; x_wconf 90' lang='lat' dir='ltr'>trium</span> <span class='ocrx_word' id='word_1_544' title='bbox 1441 6006 1598 6048; x_wconf 87' lang='lat' dir='ltr'>annorum</span> <span class='ocrx_word' id='word_1_545' title='bbox 1629 5985 1656 6048; x_wconf 90' lang='grc'>91</span> <span class='ocrx_word' id='word_1_546' title='bbox 1688 5983 1976 6066; x_wconf 80' lang='lat' dir='ltr'>al[iter](3lstaret</span> <span class='ocrx_word' id='word_1_547' title='bbox 2003 5986 2035 6048; x_wconf 94' lang='lat' dir='ltr'>in</span> <span class='ocrx_word' id='word_1_548' title='bbox 2062 5991 2167 6066; x_wconf 90' lang='lat' dir='ltr'>terra,</span> 
     </span>
     <span class='ocr_line' id='line_1_46' title="bbox 349 6093 1077 6179; baseline 0 -22"><span class='ocrx_word' id='word_1_549' title='bbox 349 6101 484 6178; x_wconf 89' lang='lat' dir='ltr'>uterque</span> <span class='ocrx_word' id='word_1_550' title='bbox 508 6101 657 6157; x_wconf 86' lang='lat' dir='ltr'>teneatur</span> <span class='ocrx_word' id='word_1_551' title='bbox 681 6095 790 6179; x_wconf 89' lang='lat' dir='ltr'>legere</span> <span class='ocrx_word' id='word_1_552' title='bbox 814 6115 890 6157; x_wconf 87' lang='lat' dir='ltr'>suas</span> <span class='ocrx_word' id='word_1_553' title='bbox 914 6093 1077 6158; x_wconf 87' lang='lat' dir='ltr'>lectiones.</span> 
     </span>
    </p>
   </div>
   <div class='ocr_carea' id='block_1_4' title="bbox 431 6358 1214 6606">
    <p class='ocr_par' dir='ltr' id='par_1_9' title="bbox 431 6358 1214 6606">
     <span class='ocr_line' id='line_1_47' title="bbox 432 6358 683 6424; baseline 0.004 -14"><span class='ocrx_word' id='word_1_554' title='bbox 432 6360 471 6424; x_wconf 87' lang='lat'>(1)</span> <span class='ocrx_word' id='word_1_555' title='bbox 491 6375 505 6408; x_wconf 86' lang='lat'>‹</span> <span class='ocrx_word' id='word_1_556' title='bbox 532 6358 579 6410; x_wconf 84' lang='lat' dir='ltr'>Vel</span> <span class='ocrx_word' id='word_1_557' title='bbox 599 6378 613 6410; x_wconf 84' lang='lat'>›</span> <span class='ocrx_word' id='word_1_558' title='bbox 632 6359 683 6411; x_wconf 86' lang='lat' dir='ltr'>bis.</span> 
     </span>
     <span class='ocr_line' id='line_1_48' title="bbox 432 6447 1214 6517; baseline 0.003 -19"><span class='ocrx_word' id='word_1_559' title='bbox 432 6449 470 6514; x_wconf 81' lang='lat'>(2)</span> <span class='ocrx_word' id='word_1_560' title='bbox 491 6447 584 6500; x_wconf 85' lang='lat' dir='ltr'>Verba</span> <span class='ocrx_word' id='word_1_561' title='bbox 603 6465 617 6498; x_wconf 85' lang='lat'>‹</span> <span class='ocrx_word' id='word_1_562' title='bbox 637 6453 761 6499; x_wconf 80' lang='lat' dir='ltr'>teneatur</span> <span class='ocrx_word' id='word_1_563' title='bbox 779 6449 847 6499; x_wconf 83' lang='lat' dir='ltr'>dare</span> <span class='ocrx_word' id='word_1_564' title='bbox 865 6449 897 6499; x_wconf 82' lang='lat' dir='ltr'>de</span> <span class='ocrx_word' id='word_1_565' title='bbox 915 6449 991 6501; x_wconf 83' lang='lat' dir='ltr'>lucro</span> <span class='ocrx_word' id='word_1_566' title='bbox 1009 6467 1024 6500; x_wconf 69' lang='lat' dir='ltr'>a</span> <span class='ocrx_word' id='word_1_567' title='bbox 1044 6451 1214 6517; x_wconf 87' lang='lat' dir='ltr'>repetuntur.</span> 
     </span>
     <span class='ocr_line' id='line_1_49' title="bbox 431 6537 934 6606; baseline 0 -16"><span class='ocrx_word' id='word_1_568' title='bbox 431 6539 470 6604; x_wconf 81' lang='grc'>(3)</span> <span class='ocrx_word' id='word_1_569' title='bbox 490 6537 542 6589; x_wconf 86' lang='grc' dir='ltr'>Η19</span> <span class='ocrx_word' id='word_1_570' title='bbox 562 6537 681 6606; x_wconf 84' lang='lat' dir='ltr'>spatium</span> <span class='ocrx_word' id='word_1_571' title='bbox 700 6553 749 6606; x_wconf 91' lang='grc'>919</span> <span class='ocrx_word' id='word_1_572' title='bbox 769 6553 822 6590; x_wconf 90' lang='lat' dir='ltr'>uno</span> <span class='ocrx_word' id='word_1_573' title='bbox 841 6537 934 6590; x_wconf 80' lang='lat' dir='ltr'>verbo.</span> 
     </span>
    </p>
   </div>
   <div class='ocr_carea' id='block_1_5' title="bbox 0 0 2751 7746">
    <p class='ocr_par' dir='ltr' id='par_1_10' title="bbox 0 0 2751 7746">
     <span class='ocr_line' id='line_1_50' title="bbox 0 0 2751 7746; baseline 0 0"><span class='ocrx_word' id='word_1_574' title='bbox 0 0 2751 7746; x_wconf 95' lang='lat' dir='ltr'> </span> 
     </span>
    </p>
   </div>
  </div>
 </body>
</html>
