5544 7750
1350 614 1464 664 vlrsn
1492 615 1671 663 INEDI'I'AE

605 771 752 844 maximi
779 772 933 868 floreret,
956 779 1156 870 opportuna
1179 771 1246 868 ipsi
1269 770 1381 844 videri
1398 770 1514 869 potuit
1534 771 1578 842 ad
1598 770 1886 844 Florentiuorum
1907 781 2054 844 conatus
2074 771 2295 868 repellendos
2315 780 2422 867 atque

605 897 786 970 etiamad
815 898 909 994 ipsos
937 897 1093 994 aliosque
1124 897 1327 994 provinciae
1355 896 1503 994 populos
1532 897 1567 968 in
1597 896 1763 969 ditionem
1802 898 1837 970 vi
1873 905 1908 969 et
1946 897 2054 970 armis
2089 897 2320 993 recipiendos.
2351 896 2420 968 Sed

604 1022 671 1095 hac
700 1023 809 1095 etiam
845 1047 907 1120 spe
943 1023 1043 1096 brevi
1080 1022 1293 1119 frustratus,
1323 1021 1520 1094 Florentini
1548 1021 1879 1117 enim-coniunctis
1908 1046 2051 1095 suorum
2076 1022 2196 1118 copiis,
2227 1021 2309 1092 illuc
2338 1045 2421 1093 con-

603 1147 770 1220 volarunt
798 1155 989 1244 antequam
1019 1147 1209 1220 maioribus
1244 1171 1281 1220 se
1319 1147 1504 1244 praesidiis
1543 1146 1758 1220 communire
1799 1155 1916 1245 posset
1953 1146 2132 1242 Legatos,
2163 1147 2223 1242 qui
2260 1171 2305 1218 ex
2342 1145 2420 1218 aliis

602 1271 807 1344 civitatibus
839 1271 1063 1344 Chibellinae
1101 1273 1212 1369 partis
1245 1271 1405 1344 homines
1442 1272 1532 1344 bene
1561 1271 1690 1344 multos
1720 1272 1970 1344 advocaverat.
2001 1271 2140 1366 Itaque,
2166 1295 2204 1343 re
2234 1268 2421 1341 infeliciter

603 1397 826 1492 succedente,
847 1396 993 1470 Arretio
1013 1421 1049 1468 se
1070 1395 1244 1493 proripuit
1272 1397 1308 1468 in
1337 1397 1453 1494 specie
1484 1406 1601 1469 tamen
1631 1396 1734 1469 fictae
1763 1396 1996 1469 simulationis
2019 1394 2237 1468 Florentiam
2266 1394 2420 1467 adeundi

603 1529 641 1594 ut
670 1522 814 1594 civitate
843 1522 888 1594 ab
917 1521 1125 1618 opportunis
1157 1521 1298 1594 auxiliis
1331 1546 1441 1619 prope
1474 1521 1650 1618 imparata
1684 1521 1869 1619 potiretur,
1900 1521 2137 1594 execrationis
2172 1520 2421 1615 interdictique

602 1648 815 1720 sententiam
843 1646 974 1720 intulit.
995 1646 1138 1720 Revera
1161 1655 1280 1720 tamen
1300 1642 1564 1746 Legatus2nihil
1585 1646 1748 1720 fortunae
1776 1647 1970 1718 temeritati
1996 1646 2287 1719 committendum
2307 1653 2420 1739 ratus,

604 1771 761 1844 Clusium
791 1797 828 1844 se
856 1773 1003 1870 recepit,
1024 1782 1131 1870 atque
1160 1771 1264 1844 huius
1292 1771 1428 1844 consilii
1455 1797 1526 1844 non
1550 1771 1760 1844 mediocrem
1790 1771 1945 1844 fructum
1976 1770 2068 1844 tulit.
2098 1770 2193 1843 Nam
2221 1769 2418 1842 Florentini

602 1904 862 1994 praeconcepto
891 1897 1044 1970 maxime
1083 1896 1281 1969 hoc'metu
1317 1897 1488 1969 victoriae
1526 1921 1631 1992 quam
1666 1896 1842 1990 integram
1874 1894 1977 1968 facile
2011 1894 2174 1968 tulissent
2203 1919 2311 1967 usura
2341 1917 2421 1967 cum

603 2020 789 2093 victoriam
827 2046 916 2120 pene
959 2022 1079 2117 adepti
1119 2031 1257 2114 essent,
1297 2023 1457 2094 eamdem
1495 2045 1622 2116 urgere
1661 2031 1696 2093 et
1732 2021 1897 2118 persequi
1939 2020 2185 2116 neglexerunt.
2225 2020 2295 2092 Per
2332 2019 2421 2092 haec

603 2145 713 2241 igitur
742 2155 903 2244 tempora
931 2147 1058 2242 quibus
1088 2144 1198 2218 Clusii
1226 2146 1481 2218 immorabatur
1509 2145 1720 2241 Cardinalis,
1751 2170 1829 2218 cum
1863 2145 2060 2218 Florentini
2095 2169 2152 2217 res
2189 2169 2270 2216 suas
2303 2143 2420 2216 adhuc

601 2270 638 2342 iu
671 2279 748 2344 tuto
786 2273 872 2344 satis
907 2296 977 2344 non
1013 2295 1089 2344 esse
1126 2269 1383 2366 intelligerent,
1412 2271 1544 2343 veteris
1578 2271 1753 2344 amicitiae
1791 2271 1907 2343 officia
1942 2295 1963 2342 a
1998 2271 2129 2344 nostris
2167 2293 2230 2342 suo
2266 2270 2420 2366 quodam

600 2395 677 2469 iure
710 2397 935 2492 flagitarunt,
965 2421 1053 2493 quos
1082 2421 1166 2469 sane
1200 2406 1339 2469 nostros
1373 2421 1436 2494 pro
1470 2397 1584 2470 veteri
1618 2397 1794 2469 amicitiae
1823 2397 1898 2469 iure
1928 2396 1973 2469 ad
2002 2421 2102 2493 opem
2132 2395 2315 2468 ferendam
2345 2417 2419 2466 rna-

600 2547 758 2620 gnopere
793 2524 1007 2596 excitarunt.
1039 2522 1164 2618 ltaque
1193 2522 1317 2618 Fisigli
1349 2548 1428 2595 cum
1465 2523 1594 2618 agendi
1631 2531 1748 2595 essent
1777 2531 1973 2596 conventus
2001 2523 2036 2594 in
2065 2522 2193 2620 quibus
2222 2521 2304 2617 quid
2334 2546 2353 2594 e
2382 2543 2419 2592 re

600 2648 744 2745 publica
784 2656 877 2720 esset
920 2648 1192 2743 decerneretur,
1231 2646 1312 2719 illuc
1349 2647 1572 2720 Bonifacium
1611 2648 1834 2720 destinarunt
1871 2647 2113 2720 Bononienses
2152 2660 2190 2718 ut
2232 2645 2342 2742 ipsius
2384 2653 2419 2719 et

601 2773 747 2846 consilio
775 2782 811 2846 et
844 2773 1056 2845 auctoritate
1094 2772 1318 2845 Florentinos
1353 2773 1388 2844 in
1421 2781 1520 2845 tanto
1560 2773 1760 2845 discrimine
1797 2772 1937 2845 iuvaret
1973 2780 2009 2844 et
2046 2770 2292 2869 opitularetur.
2323 2771 2419 2843 Ante

601 2923 686 2972 vero
715 2923 821 2994 quam
850 2897 931 2969 illuc
961 2921 997 2970 se
1027 2897 1215 2994 conferret,
1238 2896 1396 2969 Clusium
1421 2898 1577 2992 divertit,
1598 2906 1637 2969 ut
1667 2897 1892 2970 Cardinalem
1917 2897 2087 2970 Ursinum
2113 2897 2319 2969 conveniret
2338 2919 2418 2967 cum

601 3048 713 3120 eoque
741 3031 864 3118 ageret
897 3022 939 3095 de
973 3030 1026 3096 tot
1058 3023 1237 3119 tantisque
1267 3023 1476 3120 populorum
1506 3022 1768 3097 calamitatibus
1797 3024 2009 3096 avertendis.
2040 3022 2169 3095 Incidit
2199 3023 2233 3095 id
2262 3023 2298 3094 iu
2326 3045 2419 3094 anno

599 3147 839 3222 MCCCVIII.
870 3149 934 3221 sub
973 3149 1108 3221 exitum
1137 3149 1304 3243 ionnarii,
1335 3147 1391 3246 vel
1420 3149 1537 3246 potius
1564 3150 1629 3221 sub
1658 3149 1759 3221 initia
1786 3149 2003 3245 insequentis
2032 3149 2182 3240 mensis;
2212 3148 2305 3244 quod
2334 3171 2418 3219 sane

599 3273 782 3348 declarare
802 3281 919 3371 potest
939 3273 1173 3346 Muratorium
1196 3297 1343 3370 errasse,
1365 3274 1425 3369 qui
1453 3275 1575 3346 scribit
1604 3298 1696 3346 anno
1725 3272 1943 3346 MCCCVII.
1973 3273 2149 3368 Legatum
2169 3272 2275 3345 Italia
2295 3295 2418 3344 exces-

600 3400 686 3472 sisse
716 3398 812 3471 nulla
841 3398 993 3496 amplius
1022 3397 1216 3493 affulgente
1245 3423 1306 3496 spe
1335 3398 1521 3470 ammissae
1549 3397 1683 3493 gloriae
1712 3399 1970 3494 resarciendae,
2001 3398 2277 3495 recuperandae.
2308 3396 2419 3470 Clusii

600 3523 667 3597 hoc
694 3525 789 3621 quod
817 3524 971 3596 diximus
1000 3530 1158 3620 ternpore
1195 3524 1311 3621 ipsum
1340 3523 1448 3596 luisse
1478 3524 1661 3596 declarant
1689 3525 1775 3596 satis
1804 3533 2032 3596 monumenta
2060 3533 2193 3617 nostra,
2215 3531 2251 3594 et
2276 3523 2418 3619 quidem

599 3652 754 3724 arbitror
781 3649 912 3721 ibidem
941 3649 1151 3744 substitisse,
1182 3649 1274 3746 quod
1303 3649 1433 3722 certior
1460 3649 1575 3721 factus
1599 3649 1708 3722 fuerit
1726 3674 1797 3722 non
1818 3649 1921 3722 modo
1941 3650 1984 3721 de
2003 3648 2071 3721 hiis
2090 3673 2180 3746 quae
2206 3649 2242 3720 iu
2266 3647 2415 3722 fisiliano

599 3786 777 3849 conventu
806 3774 944 3848 sancita
972 3774 1133 3870 luissent,
1154 3775 1215 3847 sed
1240 3775 1348 3848 etiam
1368 3775 1410 3848 de
1431 3774 1507 3848 aliis
1527 3799 1618 3872 quae
1638 3774 1674 3846 iu
1694 3775 1852 3870 generali
1872 3773 2023 3847 Guelfae
2044 3774 2208 3847 factionis
2228 3783 2417 3869 conventu,

598 3900 802 3974 Florentiae
829 3899 992 3973 habendo
1016 3899 1119 3997 aprili
1139 3924 1257 3972 mense
1278 3900 1435 3972 eiusdem
1456 3899 1550 3994 anni,
1572 3901 1714 3973 decerni
1733 3900 1950 3994 contigisset.
1972 3899 2026 3972 Dc
2047 3899 2115 3972 hoc
2135 3899 2286 3972 Guellae
2306 3899 2418 3996 partis

598 4026 746 4100 concilio
775 4050 846 4098 non
875 4026 978 4098 modo
1006 4024 1192 4122 nostrales,
1223 4025 1252 4097 si
1281 4025 1576 4098 Ghirardaccium
1603 4026 1760 4123 excipias
1776 4025 1825 4120 (¹),
1855 4051 1979 4098 verum
2016 4026 2122 4098 etiarn
2152 4025 2211 4122 qui
2239 4025 2416 4098 Florenti·

595 4175 722 4223 norum
750 4175 806 4222 res
834 4149 946 4222 literis
974 4150 1201 4245 mandarunt,
1223 4149 1365 4222 omnino
1394 4149 1509 4221 silent.
1535 4149 1677 4222 Revera
1697 4160 1815 4222 tamen
1837 4159 2051 4222 conventum
2073 4148 2169 4220 illum
2190 4158 2225 4221 et
2245 4149 2416 4221 indictum

595 4285 631 4349 et
658 4275 821 4349 habitum
850 4275 957 4346 fuisse
986 4282 1125 4347 constat
1154 4275 1347 4348 certissime
1377 4299 1422 4347 ex
1450 4275 1580 4347 nostris
1604 4275 1744 4348 illorum
1764 4283 1963 4372 temporum
1985 4273 2231 4347 monumentis.
2254 4273 2325 4346 Sua
2345 4273 2415 4345 iarn

594 4399 738 4472 functus
767 4406 844 4471 erat
872 4397 1048 4493 legatione
1078 4398 1282 4471 Bonifacius
1301 4423 1381 4471 curn
1401 4399 1529 4471 iterum
1550 4399 1654 4472 aliam
1677 4399 1781 4493 hanc,
1803 4424 1909 4495 quam
1930 4398 2215 4491 memoravimus,
2237 4398 2415 4492 suscipere

598 4534 742 4598 coactus
762 4532 826 4596 est.
849 4525 970 4620 Atque
992 4531 1030 4594 ut
1051 4548 1218 4620 prospere
1248 4549 1303 4596 res
1333 4524 1368 4595 in
1398 4548 1439 4598 eo
1468 4533 1645 4597 conventu
1674 4527 1868 4618 evenirent,
1888 4523 1974 4596 illud
2000 4523 2035 4594 in
2066 4523 2188 4620 primis
2216 4523 2416 4594 Bononien-

595 4651 694 4723 sibus
722 4649 853 4722 nostris
886 4673 991 4721 curae
1024 4648 1091 4720 suit
1127 4658 1165 4720 ut
1197 4649 1419 4744 gravissima,
1443 4649 1486 4722 de
1515 4650 1641 4745 quibus
1668 4656 1793 4747 postea
1822 4649 1917 4746 apud
1946 4673 2067 4720 omnes
2096 4648 2272 4742 agendum
2301 4655 2415 4742 esset,

593 4776 742 4871 negocia
776 4775 937 4869 diligenti
976 4781 1083 4846 antea
1121 4773 1370 4847 consultationi
1409 4775 1676 4848 subiicerentur.
1707 4775 1833 4871 Itaque
1863 4775 2094 4871 sapientiores
2123 4774 2190 4844 viri
2218 4771 2417 4869 complures

593 4909 669 4974 tum
698 4925 744 4972 ex
771 4908 905 4995 nostra,
928 4907 1003 4972 tum
1033 4925 1078 4972 ex
1107 4898 1335 4972 nobilioribus
1364 4899 1441 4972 aliis
1470 4898 1645 4972 Thusciae
1675 4900 1879 4972 civitatibus
1908 4899 2034 4972 delecti
2062 4900 2218 4994 fuerunt,
2240 4899 2300 4995 qui
2324 4898 2417 4970 inter

594 5051 631 5100 se
660 5027 703 5100 de
732 5025 939 5123 republica
968 5025 1149 5120 viderent,
1180 5034 1215 5097 et
1244 5025 1279 5097 in
1308 5025 1430 5122 primis
1460 5025 1588 5120 omnia,
1619 5025 1773 5120 quaein
1807 5024 2012 5096 Florentino
2042 5033 2218 5097 conventu
2248 5023 2417 5118 agitanda

594 5153 723 5248 forent,
744 5153 780 5224 iu
800 5160 900 5224 carta
928 5151 1130 5247 redigerent
1153 5151 1284 5248 capita,
1305 5175 1374 5248 quo
1403 5150 1542 5224 facilius
1572 5151 1698 5224 deinde
1727 5175 1790 5224 suo
1819 5175 1960 5248 quoque
1990 5151 2111 5223 ordine
2131 5150 2166 5221 in
2187 5150 2415 5246 disceptatio·

593 5303 674 5351 nem
712 5284 1019 5375 opportunamque
1058 5277 1312 5349 discussionem
1340 5275 1514 5350 venirent.
1544 5275 1670 5348 Totius
1706 5276 1759 5348 rei
1793 5284 1873 5348 acta
1911 5277 1946 5348 in
1974 5275 2073 5348 libris
2106 5275 2413 5347 Reformationum

593 5403 772 5499 descripta
801 5399 948 5474 suntet
979 5402 1032 5474 De
1061 5401 1166 5474 huius
1194 5401 1369 5496 generalis
1399 5409 1593 5473 conventus
1612 5373 1721 5472 bxitu
1750 5403 1837 5472 certi
1866 5400 1951 5472 nihil
1976 5399 2144 5472 affirmari
2175 5407 2303 5496 potest,
2335 5423 2415 5471 cum

593 5527 637 5600 de
657 5527 746 5626 ipso,
767 5537 806 5600 ut
835 5527 1000 5622 diximus,
1024 5527 1215 5623 scriptores
1243 5527 1386 5599 minime
1415 5525 1701 5599 memoraverint.
1728 5526 1972 5599 Dubitandum
2001 5534 2121 5598 tamen
2149 5531 2301 5597 nonest
2329 5523 2413 5620 quin

594 5651 777 5725 Pontificis
806 5649 963 5744 Legatus
993 5650 1154 5722 eumdem
1183 5651 1249 5722 sibi
1278 5650 1443 5722 infestum
1474 5649 1671 5744 agnoverit,
1694 5659 1799 5744 atque
1830 5649 1956 5722 iccirco
1986 5648 2105 5721 Clusio
2135 5659 2278 5744 totaque
2308 5648 2415 5721 ltalia

593 5801 630 5849 se
660 5775 876 5874 proripuerit
905 5775 1076 5847 maiorum
1107 5775 1386 5872 impendentium
1415 5775 1481 5846 sibi
1509 5773 1751 5846 calamitatum
1781 5784 1889 5848 metu.

701 5900 906 5974 Bonifacius
932 5908 985 5972 tot
1004 5899 1269 5996 perlronorificis
1294 5898 1529 5994 legationibus
1550 5925 1594 5972 ex
1615 5901 1745 5971 civium
1765 5924 1909 5972 suorum
1928 5900 2081 5972 utilitate
2102 5899 2318 5997 perfunctus,
2341 5923 2412 5971 non

593 6051 726 6125 paucos
756 6026 881 6098 deinde
910 6050 1022 6098 annos
1051 6026 1086 6096 in
1115 6025 1263 6096 honesto
1293 6025 1364 6096 otio
1385 6026 1632 6122 conquiescere
1654 6025 1780 6121 potuit.
1802 6024 1958 6097 Publicis
1979 6035 2096 6097 tamen
2118 6026 2223 6096 rebus
2243 6025 2413 6096 interesse

672 6345 711 6410 (1)
732 6343 872 6409 1111111111,
892 6304 941 6395 111).Ι
958 6341 1048 6409 1111,
1067 6359 1129 6411 pag.
1149 6345 1209 6393 516.

673 6435 711 6500 (2)
732 6434 791 6485 Lib.
813 6432 931 6499 Reform.
954 6433 991 6497 G,
1011 6433 1058 6484 fol.
1079 6436 1130 6484 339
1150 6449 1174 6483 v.
1195 6435 1332 6483 113301.
