<?xml version="1.0" encoding="UTF-8"?>
<!DOCTYPE html PUBLIC "-//W3C//DTD XHTML 1.0 Transitional//EN"
    "http://www.w3.org/TR/xhtml1/DTD/xhtml1-transitional.dtd">
<html xmlns="http://www.w3.org/1999/xhtml" xml:lang="en" lang="en">
 <head>
  <title>
</title>
<meta http-equiv="Content-Type" content="text/html;charset=utf-8" />
  <meta name='ocr-system' content='tesseract 3.04.00' />
  <meta name='ocr-capabilities' content='ocr_page ocr_carea ocr_par ocr_line ocrx_word'/>
</head>
<body>
  <div class='ocr_page' id='page_1' title='image "./declarisarchigy01albigoog_0154.png"; bbox 0 0 5490 7750; ppageno 0'>
   <div class='ocr_carea' id='block_1_1' title="bbox 648 633 1680 702">
    <p class='ocr_par' dir='ltr' id='par_1_1' title="bbox 648 633 1680 702">
     <span class='ocr_line' id='line_1_1' title="bbox 648 633 1680 702; baseline 0 0"><span class='ocrx_word' id='word_1_1' title='bbox 648 633 724 702; x_wconf 81' lang='lat'><strong>144</strong></span> <span class='ocrx_word' id='word_1_2' title='bbox 1437 651 1680 702; x_wconf 73' lang='lat' dir='ltr'><strong>nonuunnra</strong></span> 
     </span>
    </p>
   </div>
   <div class='ocr_carea' id='block_1_2' title="bbox 620 807 2464 6542">
    <p class='ocr_par' dir='ltr' id='par_1_2' title="bbox 643 807 2462 1031">
     <span class='ocr_line' id='line_1_2' title="bbox 644 807 2462 905; baseline -0.001 -24"><span class='ocrx_word' id='word_1_3' title='bbox 644 815 769 881; x_wconf 89' lang='lat' dir='ltr'><strong>sancta</strong></span> <span class='ocrx_word' id='word_1_4' title='bbox 797 809 887 881; x_wconf 86' lang='lat' dir='ltr'><strong>Sede</strong></span> <span class='ocrx_word' id='word_1_5' title='bbox 916 809 1168 904; x_wconf 88' lang='lat' dir='ltr'><strong>destinandae,</strong></span> <span class='ocrx_word' id='word_1_6' title='bbox 1199 833 1280 881; x_wconf 92' lang='lat' dir='ltr'><strong>cum</strong></span> <span class='ocrx_word' id='word_1_7' title='bbox 1308 807 1525 905; x_wconf 90' lang='lat' dir='ltr'><strong>praefixione</strong></span> <span class='ocrx_word' id='word_1_8' title='bbox 1560 807 1701 882; x_wconf 81' lang='lat' dir='ltr'><strong>termini</strong></span> <span class='ocrx_word' id='word_1_9' title='bbox 1739 807 1784 880; x_wconf 92' lang='lat' dir='ltr'><strong>ad</strong></span> <span class='ocrx_word' id='word_1_10' title='bbox 1821 807 2088 904; x_wconf 85' lang='lat' dir='ltr'><strong>ratificandum,</strong></span> <span class='ocrx_word' id='word_1_11' title='bbox 2117 831 2228 903; x_wconf 89' lang='lat' dir='ltr'><strong>usque</strong></span> <span class='ocrx_word' id='word_1_12' title='bbox 2264 832 2390 905; x_wconf 83' lang='lat' dir='ltr'>nempe</span> <span class='ocrx_word' id='word_1_13' title='bbox 2417 809 2462 882; x_wconf 91' lang='lat' dir='ltr'><strong>ad</strong></span> 
     </span>
     <span class='ocr_line' id='line_1_3' title="bbox 643 933 1419 1031; baseline -0.001 -25"><span class='ocrx_word' id='word_1_14' title='bbox 643 933 872 1006; x_wconf 89' lang='lat' dir='ltr'><strong>medietatem</strong></span> <span class='ocrx_word' id='word_1_15' title='bbox 900 934 1085 1031; x_wconf 82' lang='lat' dir='ltr'><strong>proximae</strong></span> <span class='ocrx_word' id='word_1_16' title='bbox 1114 933 1419 1030; x_wconf 80' lang='lat' dir='ltr'><strong>quadragesimae.</strong></span> 
     </span>
    </p>

    <p class='ocr_par' dir='ltr' id='par_1_3' title="bbox 641 1056 2464 1407">
     <span class='ocr_line' id='line_1_4' title="bbox 750 1056 2464 1156; baseline 0 -26"><span class='ocrx_word' id='word_1_17' title='bbox 750 1058 797 1130; x_wconf 94' lang='lat' dir='ltr'><strong>V.</strong></span> <span class='ocrx_word' id='word_1_18' title='bbox 827 1057 998 1132; x_wconf 81' lang='lat' dir='ltr'><strong>Consistit</strong></span> <span class='ocrx_word' id='word_1_19' title='bbox 1026 1058 1062 1132; x_wconf 91' lang='lat' dir='ltr'><strong>in</strong></span> <span class='ocrx_word' id='word_1_20' title='bbox 1086 1059 1292 1155; x_wconf 89' lang='lat' dir='ltr'><strong>juramento</strong></span> <span class='ocrx_word' id='word_1_21' title='bbox 1321 1082 1392 1130; x_wconf 91' lang='lat' dir='ltr'><strong>non</strong></span> <span class='ocrx_word' id='word_1_22' title='bbox 1420 1057 1613 1156; x_wconf 86' lang='lat' dir='ltr'><strong>recipiendi</strong></span> <span class='ocrx_word' id='word_1_23' title='bbox 1641 1057 1862 1131; x_wconf 84' lang='lat' dir='ltr'><strong>Ludovicum</strong></span> <span class='ocrx_word' id='word_1_24' title='bbox 1896 1057 1939 1130; x_wconf 95' lang='lat' dir='ltr'><strong>de</strong></span> <span class='ocrx_word' id='word_1_25' title='bbox 1967 1056 2144 1152; x_wconf 82' lang='lat' dir='ltr'><strong>Bavaria,</strong></span> <span class='ocrx_word' id='word_1_26' title='bbox 2175 1082 2290 1155; x_wconf 91' lang='lat' dir='ltr'><strong>neque</strong></span> <span class='ocrx_word' id='word_1_27' title='bbox 2318 1083 2398 1130; x_wconf 92' lang='lat' dir='ltr'><strong>eum</strong></span> <span class='ocrx_word' id='word_1_28' title='bbox 2427 1058 2464 1130; x_wconf 93' lang='lat' dir='ltr'><strong>in</strong></span> 
     </span>
     <span class='ocr_line' id='line_1_5' title="bbox 643 1181 2462 1280; baseline 0.002 -26"><span class='ocrx_word' id='word_1_29' title='bbox 643 1181 895 1279; x_wconf 86' lang='lat' dir='ltr'><strong>imperatorem</strong></span> <span class='ocrx_word' id='word_1_30' title='bbox 923 1184 1218 1280; x_wconf 90' lang='lat' dir='ltr'><strong>recognoscendi,</strong></span> <span class='ocrx_word' id='word_1_31' title='bbox 1247 1208 1314 1257; x_wconf 89' lang='lat' dir='ltr'><strong>neo</strong></span> <span class='ocrx_word' id='word_1_32' title='bbox 1352 1183 1460 1256; x_wconf 90' lang='lat' dir='ltr'><strong>etiam</strong></span> <span class='ocrx_word' id='word_1_33' title='bbox 1499 1193 1561 1257; x_wconf 90' lang='lat' dir='ltr'><strong>aut</strong></span> <span class='ocrx_word' id='word_1_34' title='bbox 1598 1184 1630 1256; x_wconf 93' lang='lat' dir='ltr'><strong>ei</strong></span> <span class='ocrx_word' id='word_1_35' title='bbox 1667 1192 1729 1256; x_wconf 91' lang='lat' dir='ltr'><strong>aut</strong></span> <span class='ocrx_word' id='word_1_36' title='bbox 1762 1182 1839 1257; x_wconf 91' lang='lat' dir='ltr'><strong>aliis</strong></span> <span class='ocrx_word' id='word_1_37' title='bbox 1868 1182 2048 1258; x_wconf 84' lang='lat' dir='ltr'><strong>Ecclesiae</strong></span> <span class='ocrx_word' id='word_1_38' title='bbox 2076 1208 2244 1258; x_wconf 88' lang='lat' dir='ltr'><strong>romanae</strong></span> <span class='ocrx_word' id='word_1_39' title='bbox 2272 1183 2462 1258; x_wconf 88' lang='lat' dir='ltr'><strong>rebellibus</strong></span> 
     </span>
     <span class='ocr_line' id='line_1_6' title="bbox 641 1307 2461 1407; baseline 0.002 -28"><span class='ocrx_word' id='word_1_40' title='bbox 641 1307 841 1402; x_wconf 90' lang='lat' dir='ltr'><strong>ingressum</strong></span> <span class='ocrx_word' id='word_1_41' title='bbox 868 1309 904 1380; x_wconf 94' lang='lat' dir='ltr'><strong>in</strong></span> <span class='ocrx_word' id='word_1_42' title='bbox 934 1309 1115 1384; x_wconf 89' lang='lat' dir='ltr'><strong>civitatem</strong></span> <span class='ocrx_word' id='word_1_43' title='bbox 1144 1309 1328 1382; x_wconf 86' lang='lat' dir='ltr'><strong>Bononiae</strong></span> <span class='ocrx_word' id='word_1_44' title='bbox 1357 1309 1586 1407; x_wconf 89' lang='lat' dir='ltr'><strong>permittendi</strong></span> <span class='ocrx_word' id='word_1_45' title='bbox 1623 1310 1757 1406; x_wconf 86' lang='lat' dir='ltr'><strong>absque</strong></span> <span class='ocrx_word' id='word_1_46' title='bbox 1794 1332 1964 1406; x_wconf 81' lang='lat' dir='ltr'><strong>expressa</strong></span> <span class='ocrx_word' id='word_1_47' title='bbox 1999 1307 2143 1382; x_wconf 90' lang='lat' dir='ltr'><strong>licentia</strong></span> <span class='ocrx_word' id='word_1_48' title='bbox 2175 1316 2320 1382; x_wconf 89' lang='lat' dir='ltr'><strong>sanctae</strong></span> <span class='ocrx_word' id='word_1_49' title='bbox 2348 1309 2461 1382; x_wconf 87' lang='lat' dir='ltr'><strong>Sedis.</strong></span> 
     </span>
    </p>

    <p class='ocr_par' dir='ltr' id='par_1_4' title="bbox 642 1434 2462 1656">
     <span class='ocr_line' id='line_1_7' title="bbox 748 1434 2462 1532; baseline 0.001 -26"><span class='ocrx_word' id='word_1_50' title='bbox 748 1434 814 1508; x_wconf 93' lang='lat' dir='ltr'><strong>VI.</strong></span> <span class='ocrx_word' id='word_1_51' title='bbox 844 1434 887 1506; x_wconf 91' lang='lat' dir='ltr'><strong>In</strong></span> <span class='ocrx_word' id='word_1_52' title='bbox 911 1435 1116 1531; x_wconf 88' lang='lat' dir='ltr'><strong>juramento</strong></span> <span class='ocrx_word' id='word_1_53' title='bbox 1146 1436 1361 1532; x_wconf 90' lang='lat' dir='ltr'><strong>praestando</strong></span> <span class='ocrx_word' id='word_1_54' title='bbox 1390 1459 1497 1532; x_wconf 90' lang='lat' dir='ltr'><strong>super</strong></span> <span class='ocrx_word' id='word_1_55' title='bbox 1520 1434 1690 1508; x_wconf 87' lang='lat' dir='ltr'><strong>fidelitate</strong></span> <span class='ocrx_word' id='word_1_56' title='bbox 1710 1435 1756 1507; x_wconf 93' lang='lat' dir='ltr'><strong>ab</strong></span> <span class='ocrx_word' id='word_1_57' title='bbox 1775 1434 1937 1508; x_wconf 93' lang='lat' dir='ltr'><strong>eodemet</strong></span> <span class='ocrx_word' id='word_1_58' title='bbox 1955 1434 2121 1530; x_wconf 86' lang='lat' dir='ltr'><strong>Syndico,</strong></span> <span class='ocrx_word' id='word_1_59' title='bbox 2142 1442 2248 1532; x_wconf 92' lang='lat' dir='ltr'><strong>prout</strong></span> <span class='ocrx_word' id='word_1_60' title='bbox 2267 1434 2303 1506; x_wconf 90' lang='lat' dir='ltr'><strong>in</strong></span> <span class='ocrx_word' id='word_1_61' title='bbox 2322 1434 2462 1532; x_wconf 92' lang='lat' dir='ltr'><strong>publico</strong></span> 
     </span>
     <span class='ocr_line' id='line_1_8' title="bbox 642 1557 1196 1656; baseline 0.005 -27"><span class='ocrx_word' id='word_1_62' title='bbox 642 1557 850 1632; x_wconf 89' lang='lat' dir='ltr'><strong>consistorio</strong></span> <span class='ocrx_word' id='word_1_63' title='bbox 880 1560 1090 1656; x_wconf 89' lang='lat' dir='ltr'><strong>praestitum</strong></span> <span class='ocrx_word' id='word_1_64' title='bbox 1117 1560 1196 1633; x_wconf 85' lang='lat' dir='ltr'><strong>snit.</strong></span> 
     </span>
    </p>

    <p class='ocr_par' dir='ltr' id='par_1_5' title="bbox 641 1683 2461 1882">
     <span class='ocr_line' id='line_1_9' title="bbox 748 1683 2461 1783; baseline 0.001 -27"><span class='ocrx_word' id='word_1_65' title='bbox 748 1684 834 1757; x_wconf 91' lang='lat' dir='ltr'>VII.</span> <span class='ocrx_word' id='word_1_66' title='bbox 866 1685 1036 1758; x_wconf 87' lang='lat' dir='ltr'><strong>Consistit</strong></span> <span class='ocrx_word' id='word_1_67' title='bbox 1065 1685 1101 1758; x_wconf 94' lang='lat' dir='ltr'><strong>in</strong></span> <span class='ocrx_word' id='word_1_68' title='bbox 1129 1685 1281 1759; x_wconf 79' lang='lat' dir='ltr'><strong>formula</strong></span> <span class='ocrx_word' id='word_1_69' title='bbox 1304 1686 1500 1783; x_wconf 90' lang='lat' dir='ltr'><strong>juramenti</strong></span> <span class='ocrx_word' id='word_1_70' title='bbox 1529 1709 1592 1782; x_wconf 93' lang='lat' dir='ltr'><strong>per</strong></span> <span class='ocrx_word' id='word_1_71' title='bbox 1620 1683 1816 1780; x_wconf 88' lang='lat' dir='ltr'><strong>singulares</strong></span> <span class='ocrx_word' id='word_1_72' title='bbox 1846 1685 1940 1758; x_wconf 90' lang='lat' dir='ltr'><strong>cives</strong></span> <span class='ocrx_word' id='word_1_73' title='bbox 1969 1684 2186 1782; x_wconf 87' lang='lat' dir='ltr'><strong>praestandi,</strong></span> <span class='ocrx_word' id='word_1_74' title='bbox 2212 1710 2302 1781; x_wconf 90' lang='lat' dir='ltr'><strong>quae</strong></span> <span class='ocrx_word' id='word_1_75' title='bbox 2331 1685 2379 1758; x_wconf 92' lang='lat' dir='ltr'><strong>ibi</strong></span> <span class='ocrx_word' id='word_1_76' title='bbox 2407 1685 2461 1757; x_wconf 91' lang='lat' dir='ltr'><strong>in-</strong></span> 
     </span>
     <span class='ocr_line' id='line_1_10' title="bbox 641 1807 930 1882; baseline 0.01 -3"><span class='ocrx_word' id='word_1_77' title='bbox 641 1815 737 1880; x_wconf 89' lang='lat' dir='ltr'><strong>serta</strong></span> <span class='ocrx_word' id='word_1_78' title='bbox 766 1807 930 1882; x_wconf 91' lang='lat' dir='ltr'><strong>habetur.</strong></span> 
     </span>
    </p>

    <p class='ocr_par' dir='ltr' id='par_1_6' title="bbox 637 1933 2459 2154">
     <span class='ocr_line' id='line_1_11' title="bbox 750 1933 2459 2033; baseline 0.002 -28"><span class='ocrx_word' id='word_1_79' title='bbox 750 1933 855 2007; x_wconf 92' lang='lat' dir='ltr'>VIII.</span> <span class='ocrx_word' id='word_1_80' title='bbox 884 1934 988 2024; x_wconf 83' lang='lat' dir='ltr'><strong>Quod</strong></span> <span class='ocrx_word' id='word_1_81' title='bbox 1015 1959 1137 2009; x_wconf 90' lang='lat' dir='ltr'><strong>omncs</strong></span> <span class='ocrx_word' id='word_1_82' title='bbox 1166 1936 1324 2032; x_wconf 91' lang='lat' dir='ltr'><strong>ejusdem</strong></span> <span class='ocrx_word' id='word_1_83' title='bbox 1350 1935 1516 2030; x_wconf 90' lang='lat' dir='ltr'><strong>civitatis,</strong></span> <span class='ocrx_word' id='word_1_84' title='bbox 1537 1936 1725 2009; x_wconf 82' lang='lat' dir='ltr'><strong>comitatus</strong></span> <span class='ocrx_word' id='word_1_85' title='bbox 1746 1943 1781 2008; x_wconf 89' lang='lat' dir='ltr'><strong>et</strong></span> <span class='ocrx_word' id='word_1_86' title='bbox 1797 1935 1979 2008; x_wconf 87' lang='lat' dir='ltr'><strong>districtus</strong></span> <span class='ocrx_word' id='word_1_87' title='bbox 1994 1936 2101 2033; x_wconf 80' lang='lat' dir='ltr'><strong>juxta</strong></span> <span class='ocrx_word' id='word_1_88' title='bbox 2121 1935 2289 2008; x_wconf 86' lang='lat' dir='ltr'><strong>traditam</strong></span> <span class='ocrx_word' id='word_1_89' title='bbox 2308 1935 2459 2008; x_wconf 87' lang='lat' dir='ltr'><strong>formam</strong></span> 
     </span>
     <span class='ocr_line' id='line_1_12' title="bbox 637 2057 772 2154; baseline 0.015 -24"><span class='ocrx_word' id='word_1_90' title='bbox 637 2057 772 2154; x_wconf 92' lang='lat' dir='ltr'><strong>jurent.</strong></span> 
     </span>
    </p>

    <p class='ocr_par' dir='ltr' id='par_1_7' title="bbox 639 2184 2460 2533">
     <span class='ocr_line' id='line_1_13' title="bbox 748 2184 2459 2282; baseline 0.002 -26"><span class='ocrx_word' id='word_1_91' title='bbox 748 2184 817 2257; x_wconf 88' lang='lat' dir='ltr'><strong>IX.</strong></span> <span class='ocrx_word' id='word_1_92' title='bbox 849 2184 952 2273; x_wconf 88' lang='lat' dir='ltr'><strong>Quod</strong></span> <span class='ocrx_word' id='word_1_93' title='bbox 979 2185 1068 2280; x_wconf 89' lang='lat' dir='ltr'><strong>ligas</strong></span> <span class='ocrx_word' id='word_1_94' title='bbox 1086 2194 1149 2259; x_wconf 91' lang='lat' dir='ltr'><strong>aut</strong></span> <span class='ocrx_word' id='word_1_95' title='bbox 1177 2187 1504 2260; x_wconf 76' lang='lat' dir='ltr'><strong>confoederationes</strong></span> <span class='ocrx_word' id='word_1_96' title='bbox 1533 2187 1777 2260; x_wconf 88' lang='lat' dir='ltr'><strong>Bononienses</strong></span> <span class='ocrx_word' id='word_1_97' title='bbox 1806 2211 1998 2282; x_wconf 92' lang='lat' dir='ltr'><strong>numquam</strong></span> <span class='ocrx_word' id='word_1_98' title='bbox 2027 2186 2161 2260; x_wconf 80' lang='lat' dir='ltr'><strong>iaciant</strong></span> <span class='ocrx_word' id='word_1_99' title='bbox 2189 2211 2269 2260; x_wconf 92' lang='lat' dir='ltr'><strong>oum</strong></span> <span class='ocrx_word' id='word_1_100' title='bbox 2297 2185 2459 2260; x_wconf 90' lang='lat' dir='ltr'><strong>hostibus</strong></span> 
     </span>
     <span class='ocr_line' id='line_1_14' title="bbox 640 2309 2460 2408; baseline 0.002 -28"><span class='ocrx_word' id='word_1_101' title='bbox 640 2317 785 2382; x_wconf 87' lang='lat' dir='ltr'><strong>sanctae</strong></span> <span class='ocrx_word' id='word_1_102' title='bbox 806 2309 926 2406; x_wconf 76' lang='lat' dir='ltr'><strong>Sedis,</strong></span> <span class='ocrx_word' id='word_1_103' title='bbox 948 2311 1009 2383; x_wconf 89' lang='lat' dir='ltr'><strong>sed</strong></span> <span class='ocrx_word' id='word_1_104' title='bbox 1037 2311 1144 2385; x_wconf 93' lang='lat' dir='ltr'><strong>immo</strong></span> <span class='ocrx_word' id='word_1_105' title='bbox 1173 2336 1253 2384; x_wconf 93' lang='lat' dir='ltr'><strong>cum</strong></span> <span class='ocrx_word' id='word_1_106' title='bbox 1282 2313 1441 2385; x_wconf 88' lang='lat' dir='ltr'><strong>hostibus</strong></span> <span class='ocrx_word' id='word_1_107' title='bbox 1470 2311 1603 2408; x_wconf 90' lang='lat' dir='ltr'><strong>hostes,</strong></span> <span class='ocrx_word' id='word_1_108' title='bbox 1624 2320 1659 2384; x_wconf 89' lang='lat' dir='ltr'><strong>et</strong></span> <span class='ocrx_word' id='word_1_109' title='bbox 1689 2336 1768 2384; x_wconf 93' lang='lat' dir='ltr'><strong>cum</strong></span> <span class='ocrx_word' id='word_1_110' title='bbox 1791 2312 1929 2386; x_wconf 76' lang='lat' dir='ltr'><strong>devotis</strong></span> <span class='ocrx_word' id='word_1_111' title='bbox 1953 2335 2121 2384; x_wconf 89' lang='lat' dir='ltr'><strong>romanae</strong></span> <span class='ocrx_word' id='word_1_112' title='bbox 2145 2310 2325 2384; x_wconf 85' lang='lat' dir='ltr'><strong>Ecclesiae</strong></span> <span class='ocrx_word' id='word_1_113' title='bbox 2354 2312 2460 2384; x_wconf 91' lang='lat' dir='ltr'><strong>amici</strong></span> 
     </span>
     <span class='ocr_line' id='line_1_15' title="bbox 639 2435 1795 2533; baseline 0.003 -27"><span class='ocrx_word' id='word_1_114' title='bbox 639 2457 831 2532; x_wconf 87' lang='lat' dir='ltr'><strong>eorumque</strong></span> <span class='ocrx_word' id='word_1_115' title='bbox 860 2435 1017 2509; x_wconf 85' lang='lat' dir='ltr'><strong>lautores</strong></span> <span class='ocrx_word' id='word_1_116' title='bbox 1046 2445 1082 2509; x_wconf 92' lang='lat' dir='ltr'><strong>et</strong></span> <span class='ocrx_word' id='word_1_117' title='bbox 1111 2437 1326 2533; x_wconf 84' lang='lat' dir='ltr'><strong>defensores,</strong></span> <span class='ocrx_word' id='word_1_118' title='bbox 1356 2437 1598 2510; x_wconf 88' lang='lat' dir='ltr'><strong>Bononienses</strong></span> <span class='ocrx_word' id='word_1_119' title='bbox 1627 2437 1795 2510; x_wconf 85' lang='lat' dir='ltr'><strong>existant.</strong></span> 
     </span>
    </p>

    <p class='ocr_par' dir='ltr' id='par_1_8' title="bbox 632 2559 2460 3033">
     <span class='ocr_line' id='line_1_16' title="bbox 747 2559 2460 2660; baseline 0.002 -28"><span class='ocrx_word' id='word_1_120' title='bbox 747 2559 797 2632; x_wconf 90' lang='lat' dir='ltr'><strong>X.</strong></span> <span class='ocrx_word' id='word_1_121' title='bbox 828 2560 931 2651; x_wconf 85' lang='lat' dir='ltr'><strong>Quod</strong></span> <span class='ocrx_word' id='word_1_122' title='bbox 959 2563 995 2634; x_wconf 93' lang='lat' dir='ltr'><strong>in</strong></span> <span class='ocrx_word' id='word_1_123' title='bbox 1023 2563 1216 2636; x_wconf 91' lang='lat' dir='ltr'><strong>subsidium</strong></span> <span class='ocrx_word' id='word_1_124' title='bbox 1247 2587 1414 2636; x_wconf 89' lang='lat' dir='ltr'><strong>romanae</strong></span> <span class='ocrx_word' id='word_1_125' title='bbox 1442 2560 1622 2636; x_wconf 85' lang='lat' dir='ltr'><strong>Ecclesiae</strong></span> <span class='ocrx_word' id='word_1_126' title='bbox 1649 2561 1705 2636; x_wconf 90' lang='lat' dir='ltr'><strong>vel</strong></span> <span class='ocrx_word' id='word_1_127' title='bbox 1734 2563 1985 2660; x_wconf 90' lang='lat' dir='ltr'><strong>cujuscumque</strong></span> <span class='ocrx_word' id='word_1_128' title='bbox 2012 2561 2081 2636; x_wconf 90' lang='lat' dir='ltr'><strong>loci</strong></span> <span class='ocrx_word' id='word_1_129' title='bbox 2100 2562 2213 2636; x_wconf 90' lang='lat' dir='ltr'><strong>eidem</strong></span> <span class='ocrx_word' id='word_1_130' title='bbox 2233 2571 2355 2636; x_wconf 91' lang='lat' dir='ltr'><strong>sancte</strong></span> <span class='ocrx_word' id='word_1_131' title='bbox 2375 2563 2460 2636; x_wconf 90' lang='lat' dir='ltr'><strong>Sedi</strong></span> 
     </span>
     <span class='ocr_line' id='line_1_17' title="bbox 641 2682 2457 2786; baseline 0.003 -31"><span class='ocrx_word' id='word_1_132' title='bbox 641 2682 843 2760; x_wconf 89' lang='lat' dir='ltr'><strong>immediate</strong></span> <span class='ocrx_word' id='word_1_133' title='bbox 873 2687 1035 2783; x_wconf 86' lang='lat' dir='ltr'><strong>subjecti,</strong></span> <span class='ocrx_word' id='word_1_134' title='bbox 1056 2687 1299 2760; x_wconf 88' lang='lat' dir='ltr'><strong>Bononienses</strong></span> <span class='ocrx_word' id='word_1_135' title='bbox 1327 2689 1480 2761; x_wconf 89' lang='lat' dir='ltr'><strong>debeant</strong></span> <span class='ocrx_word' id='word_1_136' title='bbox 1509 2698 1691 2786; x_wconf 87' lang='lat' dir='ltr'><strong>praestare</strong></span> <span class='ocrx_word' id='word_1_137' title='bbox 1710 2687 1882 2760; x_wconf 88' lang='lat' dir='ltr'><strong>auxilium</strong></span> <span class='ocrx_word' id='word_1_138' title='bbox 1902 2687 2133 2761; x_wconf 91' lang='lat' dir='ltr'><strong>ducentorum</strong></span> <span class='ocrx_word' id='word_1_139' title='bbox 2153 2697 2373 2762; x_wconf 90' lang='lat' dir='ltr'><strong>armatorum</strong></span> <span class='ocrx_word' id='word_1_140' title='bbox 2392 2688 2457 2761; x_wconf 83' lang='lat' dir='ltr'><strong>lno-</strong></span> 
     </span>
     <span class='ocr_line' id='line_1_18' title="bbox 633 2810 2456 2910; baseline 0.003 -28"><span class='ocrx_word' id='word_1_141' title='bbox 633 2810 768 2884; x_wconf 90' lang='lat' dir='ltr'><strong>minum</strong></span> <span class='ocrx_word' id='word_1_142' title='bbox 795 2836 859 2909; x_wconf 94' lang='lat' dir='ltr'><strong>per</strong></span> <span class='ocrx_word' id='word_1_143' title='bbox 888 2821 960 2885; x_wconf 92' lang='lat' dir='ltr'><strong>tres</strong></span> <span class='ocrx_word' id='word_1_144' title='bbox 981 2837 1120 2886; x_wconf 92' lang='lat' dir='ltr'><strong>menses</strong></span> <span class='ocrx_word' id='word_1_145' title='bbox 1140 2813 1296 2910; x_wconf 91' lang='lat' dir='ltr'><strong>quolibet</strong></span> <span class='ocrx_word' id='word_1_146' title='bbox 1316 2838 1409 2886; x_wconf 90' lang='lat' dir='ltr'><strong>anno</strong></span> <span class='ocrx_word' id='word_1_147' title='bbox 1429 2838 1540 2910; x_wconf 92' lang='lat' dir='ltr'><strong>usque</strong></span> <span class='ocrx_word' id='word_1_148' title='bbox 1560 2814 1605 2886; x_wconf 90' lang='lat' dir='ltr'><strong>ad</strong></span> <span class='ocrx_word' id='word_1_149' title='bbox 1625 2813 1853 2910; x_wconf 86' lang='lat' dir='ltr'><strong>septuaginta</strong></span> <span class='ocrx_word' id='word_1_150' title='bbox 1873 2811 2036 2886; x_wconf 88' lang='lat' dir='ltr'><strong>milliaria</strong></span> <span class='ocrx_word' id='word_1_151' title='bbox 2055 2812 2159 2908; x_wconf 92' lang='lat' dir='ltr'><strong>longe</strong></span> <span class='ocrx_word' id='word_1_152' title='bbox 2179 2839 2200 2886; x_wconf 90' lang='lat' dir='ltr'><strong>a</strong></span> <span class='ocrx_word' id='word_1_153' title='bbox 2220 2814 2365 2887; x_wconf 89' lang='lat' dir='ltr'><strong>civitate</strong></span> <span class='ocrx_word' id='word_1_154' title='bbox 2383 2813 2456 2887; x_wconf 92' lang='lat' dir='ltr'><strong>Bo·</strong></span> 
     </span>
     <span class='ocr_line' id='line_1_19' title="bbox 632 2935 2454 3033; baseline 0.004 -26"><span class='ocrx_word' id='word_1_155' title='bbox 632 2935 777 3032; x_wconf 80' lang='lat' dir='ltr'><strong>noniae3</strong></span> <span class='ocrx_word' id='word_1_156' title='bbox 799 2937 866 3009; x_wconf 93' lang='lat' dir='ltr'><strong>nisi</strong></span> <span class='ocrx_word' id='word_1_157' title='bbox 886 2947 1006 3011; x_wconf 91' lang='lat' dir='ltr'><strong>tamen</strong></span> <span class='ocrx_word' id='word_1_158' title='bbox 1028 2938 1150 3011; x_wconf 91' lang='lat' dir='ltr'><strong>eadem</strong></span> <span class='ocrx_word' id='word_1_159' title='bbox 1172 2939 1297 3011; x_wconf 89' lang='lat' dir='ltr'><strong>civitas</strong></span> <span class='ocrx_word' id='word_1_160' title='bbox 1318 2940 1461 3012; x_wconf 86' lang='lat' dir='ltr'><strong>obsessa</strong></span> <span class='ocrx_word' id='word_1_161' title='bbox 1479 2938 1583 3033; x_wconf 86' lang='lat' dir='ltr'><strong>foret,</strong></span> <span class='ocrx_word' id='word_1_162' title='bbox 1605 2947 1667 3010; x_wconf 93' lang='lat' dir='ltr'><strong>aut</strong></span> <span class='ocrx_word' id='word_1_163' title='bbox 1685 2938 1806 3010; x_wconf 90' lang='lat' dir='ltr'><strong>hostes</strong></span> <span class='ocrx_word' id='word_1_164' title='bbox 1827 2948 1951 3011; x_wconf 88' lang='lat' dir='ltr'><strong>contra</strong></span> <span class='ocrx_word' id='word_1_165' title='bbox 1971 2963 2049 3011; x_wconf 91' lang='lat' dir='ltr'><strong>eam</strong></span> <span class='ocrx_word' id='word_1_166' title='bbox 2068 2938 2213 3012; x_wconf 90' lang='lat' dir='ltr'><strong>insidias</strong></span> <span class='ocrx_word' id='word_1_167' title='bbox 2233 2939 2454 3014; x_wconf 87' lang='lat' dir='ltr'><strong>molirentur.</strong></span> 
     </span>
    </p>

    <p class='ocr_par' dir='ltr' id='par_1_9' title="bbox 632 3062 2454 3286">
     <span class='ocr_line' id='line_1_20' title="bbox 741 3062 2454 3162; baseline 0.002 -28"><span class='ocrx_word' id='word_1_168' title='bbox 741 3062 809 3136; x_wconf 91' lang='lat' dir='ltr'><strong>XI.</strong></span> <span class='ocrx_word' id='word_1_169' title='bbox 841 3062 944 3152; x_wconf 87' lang='lat' dir='ltr'><strong>Quod</strong></span> <span class='ocrx_word' id='word_1_170' title='bbox 971 3063 1120 3160; x_wconf 87' lang='lat' dir='ltr'><strong>injurias</strong></span> <span class='ocrx_word' id='word_1_171' title='bbox 1149 3073 1184 3136; x_wconf 92' lang='lat' dir='ltr'><strong>et</strong></span> <span class='ocrx_word' id='word_1_172' title='bbox 1213 3065 1342 3136; x_wconf 89' lang='lat' dir='ltr'><strong>damna</strong></span> <span class='ocrx_word' id='word_1_173' title='bbox 1370 3064 1526 3160; x_wconf 83' lang='lat' dir='ltr'><strong>Legata,</strong></span> <span class='ocrx_word' id='word_1_174' title='bbox 1556 3063 1741 3161; x_wconf 89' lang='lat' dir='ltr'><strong>Episcopis</strong></span> <span class='ocrx_word' id='word_1_175' title='bbox 1772 3064 2016 3160; x_wconf 88' lang='lat' dir='ltr'><strong>mirapiscensi</strong></span> <span class='ocrx_word' id='word_1_176' title='bbox 2043 3071 2079 3136; x_wconf 92' lang='lat' dir='ltr'><strong>et</strong></span> <span class='ocrx_word' id='word_1_177' title='bbox 2107 3065 2315 3137; x_wconf 91' lang='lat' dir='ltr'><strong>bononiensi</strong></span> <span class='ocrx_word' id='word_1_178' title='bbox 2343 3063 2454 3162; x_wconf 89' lang='lat' dir='ltr'><strong>illata,</strong></span> 
     </span>
     <span class='ocr_line' id='line_1_21' title="bbox 632 3187 2045 3286; baseline 0.002 -27"><span class='ocrx_word' id='word_1_179' title='bbox 632 3187 822 3260; x_wconf 88' lang='lat' dir='ltr'><strong>emendare</strong></span> <span class='ocrx_word' id='word_1_180' title='bbox 851 3189 1005 3261; x_wconf 89' lang='lat' dir='ltr'><strong>debeant</strong></span> <span class='ocrx_word' id='word_1_181' title='bbox 1027 3189 1136 3284; x_wconf 88' lang='lat' dir='ltr'><strong>juxta</strong></span> <span class='ocrx_word' id='word_1_182' title='bbox 1165 3189 1423 3262; x_wconf 88' lang='lat' dir='ltr'><strong>ordinationem</strong></span> <span class='ocrx_word' id='word_1_183' title='bbox 1451 3188 1645 3262; x_wconf 84' lang='lat' dir='ltr'><strong>Annibaldi</strong></span> <span class='ocrx_word' id='word_1_184' title='bbox 1674 3189 1830 3286; x_wconf 91' lang='lat' dir='ltr'><strong>episcopi</strong></span> <span class='ocrx_word' id='word_1_185' title='bbox 1859 3188 2045 3262; x_wconf 89' lang='lat' dir='ltr'><strong>tusculani.</strong></span> 
     </span>
    </p>

    <p class='ocr_par' dir='ltr' id='par_1_10' title="bbox 740 3312 2452 3411">
     <span class='ocr_line' id='line_1_22' title="bbox 740 3312 2452 3411; baseline 0.004 -27"><span class='ocrx_word' id='word_1_186' title='bbox 740 3312 828 3385; x_wconf 89' lang='lat' dir='ltr'>XII.</span> <span class='ocrx_word' id='word_1_187' title='bbox 861 3313 964 3401; x_wconf 88' lang='lat' dir='ltr'><strong>Quod</strong></span> <span class='ocrx_word' id='word_1_188' title='bbox 998 3313 1199 3386; x_wconf 88' lang='lat' dir='ltr'><strong>emendatio</strong></span> <span class='ocrx_word' id='word_1_189' title='bbox 1229 3313 1264 3385; x_wconf 93' lang='lat' dir='ltr'><strong>in</strong></span> <span class='ocrx_word' id='word_1_190' title='bbox 1292 3313 1513 3411; x_wconf 89' lang='lat' dir='ltr'><strong>praedictum</strong></span> <span class='ocrx_word' id='word_1_191' title='bbox 1542 3314 1684 3386; x_wconf 93' lang='lat' dir='ltr'><strong>modum</strong></span> <span class='ocrx_word' id='word_1_192' title='bbox 1715 3338 1855 3410; x_wconf 94' lang='lat' dir='ltr'><strong>quoque</strong></span> <span class='ocrx_word' id='word_1_193' title='bbox 1883 3314 1945 3387; x_wconf 85' lang='lat' dir='ltr'><strong>fiat</strong></span> <span class='ocrx_word' id='word_1_194' title='bbox 1974 3314 2178 3386; x_wconf 90' lang='lat' dir='ltr'><strong>eorumdem</strong></span> <span class='ocrx_word' id='word_1_195' title='bbox 2206 3314 2452 3390; x_wconf 85' lang='lat' dir='ltr'><strong>familiaribus.</strong></span> 
     </span>
    </p>

    <p class='ocr_par' dir='ltr' id='par_1_11' title="bbox 632 3438 2455 3660">
     <span class='ocr_line' id='line_1_23' title="bbox 741 3438 2455 3536; baseline 0.002 -25"><span class='ocrx_word' id='word_1_196' title='bbox 741 3438 848 3511; x_wconf 93' lang='lat' dir='ltr'>XIII.</span> <span class='ocrx_word' id='word_1_197' title='bbox 880 3439 1052 3512; x_wconf 86' lang='lat' dir='ltr'><strong>Consistit</strong></span> <span class='ocrx_word' id='word_1_198' title='bbox 1080 3438 1116 3510; x_wconf 94' lang='lat' dir='ltr'><strong>in</strong></span> <span class='ocrx_word' id='word_1_199' title='bbox 1144 3439 1421 3533; x_wconf 87' lang='lat' dir='ltr'><strong>reintegratione</strong></span> <span class='ocrx_word' id='word_1_200' title='bbox 1451 3438 1690 3534; x_wconf 91' lang='lat' dir='ltr'><strong>ecclesiarum,</strong></span> <span class='ocrx_word' id='word_1_201' title='bbox 1711 3442 1886 3513; x_wconf 93' lang='lat' dir='ltr'><strong>bonorum</strong></span> <span class='ocrx_word' id='word_1_202' title='bbox 1915 3448 1951 3512; x_wconf 90' lang='lat' dir='ltr'><strong>et</strong></span> <span class='ocrx_word' id='word_1_203' title='bbox 1980 3463 2211 3536; x_wconf 88' lang='lat' dir='ltr'><strong>personarum</strong></span> <span class='ocrx_word' id='word_1_204' title='bbox 2239 3439 2455 3515; x_wconf 88' lang='lat' dir='ltr'><strong>ecelesiasti-</strong></span> 
     </span>
     <span class='ocr_line' id='line_1_24' title="bbox 632 3564 1459 3660; baseline 0.001 -23"><span class='ocrx_word' id='word_1_205' title='bbox 632 3588 755 3638; x_wconf 87' lang='lat' dir='ltr'><strong>corum</strong></span> <span class='ocrx_word' id='word_1_206' title='bbox 783 3564 951 3660; x_wconf 88' lang='lat' dir='ltr'><strong>civitatis,</strong></span> <span class='ocrx_word' id='word_1_207' title='bbox 982 3565 1172 3638; x_wconf 90' lang='lat' dir='ltr'><strong>comitatus</strong></span> <span class='ocrx_word' id='word_1_208' title='bbox 1201 3574 1236 3637; x_wconf 92' lang='lat' dir='ltr'><strong>et</strong></span> <span class='ocrx_word' id='word_1_209' title='bbox 1265 3565 1459 3638; x_wconf 91' lang='lat' dir='ltr'><strong>districtus.</strong></span> 
     </span>
    </p>

    <p class='ocr_par' dir='ltr' id='par_1_12' title="bbox 629 3688 2454 4162">
     <span class='ocr_line' id='line_1_25' title="bbox 738 3688 2454 3786; baseline 0.002 -24"><span class='ocrx_word' id='word_1_210' title='bbox 738 3689 844 3762; x_wconf 85' lang='lat' dir='ltr'>XIV.</span> <span class='ocrx_word' id='word_1_211' title='bbox 875 3688 1055 3786; x_wconf 82' lang='lat' dir='ltr'><strong>Expulsos</strong></span> <span class='ocrx_word' id='word_1_212' title='bbox 1083 3715 1104 3762; x_wconf 89' lang='lat' dir='ltr'><strong>a</strong></span> <span class='ocrx_word' id='word_1_213' title='bbox 1134 3689 1278 3762; x_wconf 87' lang='lat' dir='ltr'><strong>civitate</strong></span> <span class='ocrx_word' id='word_1_214' title='bbox 1307 3689 1440 3762; x_wconf 88' lang='lat' dir='ltr'><strong>motivo</strong></span> <span class='ocrx_word' id='word_1_215' title='bbox 1469 3689 1697 3786; x_wconf 90' lang='lat' dir='ltr'><strong>partialitatis</strong></span> <span class='ocrx_word' id='word_1_216' title='bbox 1726 3699 1761 3762; x_wconf 94' lang='lat' dir='ltr'><strong>et</strong></span> <span class='ocrx_word' id='word_1_217' title='bbox 1786 3714 1855 3762; x_wconf 90' lang='lat' dir='ltr'><strong>non</strong></span> <span class='ocrx_word' id='word_1_218' title='bbox 1875 3689 2012 3763; x_wconf 88' lang='lat' dir='ltr'><strong>ratione</strong></span> <span class='ocrx_word' id='word_1_219' title='bbox 2032 3689 2161 3785; x_wconf 82' lang='lat' dir='ltr'><strong>delicti,</strong></span> <span class='ocrx_word' id='word_1_220' title='bbox 2182 3691 2454 3786; x_wconf 88' lang='lat' dir='ltr'><strong>reintegrandos</strong></span> 
     </span>
     <span class='ocr_line' id='line_1_26' title="bbox 629 3814 2454 3914; baseline 0.002 -26"><span class='ocrx_word' id='word_1_221' title='bbox 629 3815 706 3888; x_wconf 85' lang='lat' dir='ltr'><strong>lore</strong></span> <span class='ocrx_word' id='word_1_222' title='bbox 735 3815 771 3886; x_wconf 91' lang='lat' dir='ltr'><strong>in</strong></span> <span class='ocrx_word' id='word_1_223' title='bbox 799 3814 964 3887; x_wconf 91' lang='lat' dir='ltr'><strong>libertate</strong></span> <span class='ocrx_word' id='word_1_224' title='bbox 993 3823 1029 3887; x_wconf 92' lang='lat' dir='ltr'><strong>et</strong></span> <span class='ocrx_word' id='word_1_225' title='bbox 1056 3815 1170 3911; x_wconf 90' lang='lat' dir='ltr'><strong>bonis,</strong></span> <span class='ocrx_word' id='word_1_226' title='bbox 1201 3815 1339 3887; x_wconf 88' lang='lat' dir='ltr'><strong>etiamsi</strong></span> <span class='ocrx_word' id='word_1_227' title='bbox 1369 3814 1576 3912; x_wconf 72' lang='lat' dir='ltr'><strong>publicatis,</strong></span> <span class='ocrx_word' id='word_1_228' title='bbox 1599 3815 1790 3888; x_wconf 93' lang='lat' dir='ltr'><strong>dummodo</strong></span> <span class='ocrx_word' id='word_1_229' title='bbox 1812 3823 1928 3887; x_wconf 89' lang='lat' dir='ltr'><strong>tamen</strong></span> <span class='ocrx_word' id='word_1_230' title='bbox 1949 3815 2055 3888; x_wconf 90' lang='lat' dir='ltr'><strong>iidem</strong></span> <span class='ocrx_word' id='word_1_231' title='bbox 2075 3815 2213 3912; x_wconf 87' lang='lat' dir='ltr'><strong>expulsi</strong></span> <span class='ocrx_word' id='word_1_232' title='bbox 2233 3816 2278 3888; x_wconf 91' lang='lat' dir='ltr'><strong>ad</strong></span> <span class='ocrx_word' id='word_1_233' title='bbox 2300 3818 2454 3914; x_wconf 92' lang='lat' dir='ltr'><strong>patriam</strong></span> 
     </span>
     <span class='ocr_line' id='line_1_27' title="bbox 629 3939 2453 4038; baseline 0.002 -27"><span class='ocrx_word' id='word_1_234' title='bbox 629 3940 841 4036; x_wconf 76' lang='lat' dir='ltr'><strong>redeunteS,</strong></span> <span class='ocrx_word' id='word_1_235' title='bbox 871 3939 1061 4035; x_wconf 84' lang='lat' dir='ltr'><strong>vectigalia</strong></span> <span class='ocrx_word' id='word_1_236' title='bbox 1099 3948 1138 4012; x_wconf 92' lang='lat' dir='ltr'><strong>ut</strong></span> <span class='ocrx_word' id='word_1_237' title='bbox 1175 3939 1235 4012; x_wconf 87' lang='lat' dir='ltr'><strong>olii</strong></span> <span class='ocrx_word' id='word_1_238' title='bbox 1267 3940 1362 4012; x_wconf 88' lang='lat' dir='ltr'><strong>cives</strong></span> <span class='ocrx_word' id='word_1_239' title='bbox 1398 3939 1559 4036; x_wconf 88' lang='lat' dir='ltr'><strong>solvant,</strong></span> <span class='ocrx_word' id='word_1_240' title='bbox 1590 3940 1767 4012; x_wconf 91' lang='lat' dir='ltr'><strong>mandatis</strong></span> <span class='ocrx_word' id='word_1_241' title='bbox 1800 3939 1955 4012; x_wconf 89' lang='lat' dir='ltr'><strong>civitatis</strong></span> <span class='ocrx_word' id='word_1_242' title='bbox 1992 3948 2142 4038; x_wconf 88' lang='lat' dir='ltr'><strong>pareant</strong></span> <span class='ocrx_word' id='word_1_243' title='bbox 2177 3966 2219 4014; x_wconf 88' lang='lat' dir='ltr'><strong>ao</strong></span> <span class='ocrx_word' id='word_1_244' title='bbox 2255 3943 2292 4013; x_wconf 90' lang='lat' dir='ltr'><strong>in</strong></span> <span class='ocrx_word' id='word_1_245' title='bbox 2330 3967 2453 4015; x_wconf 91' lang='lat' dir='ltr'><strong>eorum</strong></span> 
     </span>
     <span class='ocr_line' id='line_1_28' title="bbox 629 4064 2268 4162; baseline 0 -24"><span class='ocrx_word' id='word_1_246' title='bbox 629 4089 822 4161; x_wconf 90' lang='lat' dir='ltr'><strong>congressu</strong></span> <span class='ocrx_word' id='word_1_247' title='bbox 846 4066 1091 4161; x_wconf 89' lang='lat' dir='ltr'><strong>juramentum</strong></span> <span class='ocrx_word' id='word_1_248' title='bbox 1118 4064 1299 4137; x_wconf 88' lang='lat' dir='ltr'><strong>fidelitatis</strong></span> <span class='ocrx_word' id='word_1_249' title='bbox 1327 4065 1450 4138; x_wconf 86' lang='lat' dir='ltr'><strong>lavore</strong></span> <span class='ocrx_word' id='word_1_250' title='bbox 1480 4073 1624 4138; x_wconf 88' lang='lat' dir='ltr'><strong>sanctae</strong></span> <span class='ocrx_word' id='word_1_251' title='bbox 1654 4065 1754 4138; x_wconf 85' lang='lat' dir='ltr'><strong>Sedis</strong></span> <span class='ocrx_word' id='word_1_252' title='bbox 1782 4073 1965 4162; x_wconf 87' lang='lat' dir='ltr'><strong>praestare</strong></span> <span class='ocrx_word' id='word_1_253' title='bbox 1994 4089 2063 4139; x_wconf 91' lang='lat' dir='ltr'><strong>non</strong></span> <span class='ocrx_word' id='word_1_254' title='bbox 2093 4075 2268 4138; x_wconf 90' lang='lat' dir='ltr'><strong>recusent.</strong></span> 
     </span>
    </p>

    <p class='ocr_par' dir='ltr' id='par_1_13' title="bbox 629 4189 2453 4389">
     <span class='ocr_line' id='line_1_29' title="bbox 739 4189 2453 4289; baseline 0.001 -27"><span class='ocrx_word' id='word_1_255' title='bbox 739 4191 825 4262; x_wconf 91' lang='lat' dir='ltr'><strong>XV.</strong></span> <span class='ocrx_word' id='word_1_256' title='bbox 856 4191 959 4279; x_wconf 87' lang='lat' dir='ltr'><strong>Quod</strong></span> <span class='ocrx_word' id='word_1_257' title='bbox 988 4199 1061 4262; x_wconf 92' lang='lat' dir='ltr'><strong>tam</strong></span> <span class='ocrx_word' id='word_1_258' title='bbox 1090 4189 1258 4289; x_wconf 84' lang='lat' dir='ltr'><strong>expulsis,</strong></span> <span class='ocrx_word' id='word_1_259' title='bbox 1289 4215 1395 4286; x_wconf 89' lang='lat' dir='ltr'><strong>quam</strong></span> <span class='ocrx_word' id='word_1_260' title='bbox 1425 4191 1632 4288; x_wconf 90' lang='lat' dir='ltr'><strong>cuicumque</strong></span> <span class='ocrx_word' id='word_1_261' title='bbox 1661 4215 1832 4288; x_wconf 89' lang='lat' dir='ltr'><strong>personae</strong></span> <span class='ocrx_word' id='word_1_262' title='bbox 1862 4190 2028 4286; x_wconf 83' lang='lat' dir='ltr'><strong>civitatis,</strong></span> <span class='ocrx_word' id='word_1_263' title='bbox 2051 4191 2240 4264; x_wconf 89' lang='lat' dir='ltr'><strong>comitatus</strong></span> <span class='ocrx_word' id='word_1_264' title='bbox 2269 4201 2304 4264; x_wconf 92' lang='lat' dir='ltr'><strong>et</strong></span> <span class='ocrx_word' id='word_1_265' title='bbox 2333 4193 2453 4264; x_wconf 89' lang='lat' dir='ltr'><strong>dietri-</strong></span> 
     </span>
     <span class='ocr_line' id='line_1_30' title="bbox 629 4315 1223 4389; baseline 0.002 -1"><span class='ocrx_word' id='word_1_266' title='bbox 629 4325 708 4388; x_wconf 91' lang='lat' dir='ltr'><strong>ctus</strong></span> <span class='ocrx_word' id='word_1_267' title='bbox 737 4316 868 4388; x_wconf 90' lang='lat' dir='ltr'><strong>damna</strong></span> <span class='ocrx_word' id='word_1_268' title='bbox 895 4315 994 4388; x_wconf 88' lang='lat' dir='ltr'><strong>illata</strong></span> <span class='ocrx_word' id='word_1_269' title='bbox 1022 4317 1223 4389; x_wconf 89' lang='lat' dir='ltr'><strong>emendent.</strong></span> 
     </span>
    </p>

    <p class='ocr_par' dir='ltr' id='par_1_14' title="bbox 628 4440 2452 4662">
     <span class='ocr_line' id='line_1_31' title="bbox 737 4440 2452 4539; baseline 0.002 -26"><span class='ocrx_word' id='word_1_270' title='bbox 737 4441 842 4514; x_wconf 89' lang='lat' dir='ltr'>XVI.</span> <span class='ocrx_word' id='word_1_271' title='bbox 873 4441 1017 4513; x_wconf 86' lang='lat' dir='ltr'><strong>Statuta</strong></span> <span class='ocrx_word' id='word_1_272' title='bbox 1046 4441 1101 4514; x_wconf 85' lang='lat' dir='ltr'><strong>vel</strong></span> <span class='ocrx_word' id='word_1_273' title='bbox 1130 4441 1301 4539; x_wconf 86' lang='lat' dir='ltr'><strong>praelatis</strong></span> <span class='ocrx_word' id='word_1_274' title='bbox 1330 4441 1494 4538; x_wconf 90' lang='lat' dir='ltr'><strong>capitulis</strong></span> <span class='ocrx_word' id='word_1_275' title='bbox 1523 4441 1702 4514; x_wconf 89' lang='lat' dir='ltr'><strong>contraria</strong></span> <span class='ocrx_word' id='word_1_276' title='bbox 1730 4440 1787 4514; x_wconf 83' lang='lat' dir='ltr'><strong>vel</strong></span> <span class='ocrx_word' id='word_1_277' title='bbox 1816 4441 2075 4514; x_wconf 88' lang='lat' dir='ltr'><strong>ecclesiasticae</strong></span> <span class='ocrx_word' id='word_1_278' title='bbox 2106 4440 2264 4514; x_wconf 88' lang='lat' dir='ltr'><strong>libertati</strong></span> <span class='ocrx_word' id='word_1_279' title='bbox 2288 4443 2452 4539; x_wconf 87' lang='lat' dir='ltr'><strong>opposita</strong></span> 
     </span>
     <span class='ocr_line' id='line_1_32' title="bbox 628 4564 2330 4662; baseline 0.001 -24"><span class='ocrx_word' id='word_1_280' title='bbox 628 4565 686 4638; x_wconf 84' lang='lat' dir='ltr'><strong>vel</strong></span> <span class='ocrx_word' id='word_1_281' title='bbox 714 4566 898 4638; x_wconf 87' lang='lat' dir='ltr'><strong>occasione</strong></span> <span class='ocrx_word' id='word_1_282' title='bbox 927 4564 1128 4638; x_wconf 88' lang='lat' dir='ltr'><strong>rebellionis</strong></span> <span class='ocrx_word' id='word_1_283' title='bbox 1157 4565 1263 4662; x_wconf 84' lang='lat' dir='ltr'><strong>lacta,</strong></span> <span class='ocrx_word' id='word_1_284' title='bbox 1294 4574 1517 4662; x_wconf 89' lang='lat' dir='ltr'><strong>revocentur,</strong></span> <span class='ocrx_word' id='word_1_285' title='bbox 1549 4575 1584 4638; x_wconf 94' lang='lat' dir='ltr'><strong>et</strong></span> <span class='ocrx_word' id='word_1_286' title='bbox 1612 4567 1657 4639; x_wconf 93' lang='lat' dir='ltr'><strong>ab</strong></span> <span class='ocrx_word' id='word_1_287' title='bbox 1685 4567 1774 4639; x_wconf 88' lang='lat' dir='ltr'><strong>actis</strong></span> <span class='ocrx_word' id='word_1_288' title='bbox 1803 4568 1877 4639; x_wconf 88' lang='lat' dir='ltr'><strong>sivo</strong></span> <span class='ocrx_word' id='word_1_289' title='bbox 1906 4565 2105 4639; x_wconf 89' lang='lat' dir='ltr'><strong>cartulariis</strong></span> <span class='ocrx_word' id='word_1_290' title='bbox 2134 4566 2330 4640; x_wconf 90' lang='lat' dir='ltr'><strong>deleantur.</strong></span> 
     </span>
    </p>

    <p class='ocr_par' dir='ltr' id='par_1_15' title="bbox 626 4690 2452 5415">
     <span class='ocr_line' id='line_1_33' title="bbox 734 4690 2450 4788; baseline 0.002 -25"><span class='ocrx_word' id='word_1_291' title='bbox 734 4691 860 4764; x_wconf 91' lang='lat' dir='ltr'>XVII.</span> <span class='ocrx_word' id='word_1_292' title='bbox 891 4691 995 4781; x_wconf 83' lang='lat' dir='ltr'><strong>Quod</strong></span> <span class='ocrx_word' id='word_1_293' title='bbox 1024 4692 1054 4764; x_wconf 88' lang='lat' dir='ltr'><strong>si</strong></span> <span class='ocrx_word' id='word_1_294' title='bbox 1082 4691 1271 4785; x_wconf 89' lang='lat' dir='ltr'><strong>contigerit</strong></span> <span class='ocrx_word' id='word_1_295' title='bbox 1300 4690 1355 4764; x_wconf 82' lang='lat' dir='ltr'><strong>vel</strong></span> <span class='ocrx_word' id='word_1_296' title='bbox 1385 4691 1521 4788; x_wconf 90' lang='lat' dir='ltr'><strong>Papam</strong></span> <span class='ocrx_word' id='word_1_297' title='bbox 1551 4690 1605 4762; x_wconf 91' lang='lat' dir='ltr'><strong>vel</strong></span> <span class='ocrx_word' id='word_1_298' title='bbox 1634 4690 1811 4786; x_wconf 88' lang='lat' dir='ltr'><strong>Legatum</strong></span> <span class='ocrx_word' id='word_1_299' title='bbox 1840 4690 2073 4788; x_wconf 89' lang='lat' dir='ltr'><strong>apostolicum</strong></span> <span class='ocrx_word' id='word_1_300' title='bbox 2100 4693 2135 4763; x_wconf 93' lang='lat' dir='ltr'><strong>in</strong></span> <span class='ocrx_word' id='word_1_301' title='bbox 2161 4693 2285 4765; x_wconf 90' lang='lat' dir='ltr'><strong>eadem</strong></span> <span class='ocrx_word' id='word_1_302' title='bbox 2305 4692 2450 4766; x_wconf 90' lang='lat' dir='ltr'><strong>civitate</strong></span> 
     </span>
     <span class='ocr_line' id='line_1_34' title="bbox 626 4816 2452 4914; baseline 0 -24"><span class='ocrx_word' id='word_1_303' title='bbox 626 4817 805 4912; x_wconf 87' lang='lat' dir='ltr'><strong>residere,</strong></span> <span class='ocrx_word' id='word_1_304' title='bbox 835 4824 937 4913; x_wconf 91' lang='lat' dir='ltr'><strong>tuno,</strong></span> <span class='ocrx_word' id='word_1_305' title='bbox 968 4816 1062 4889; x_wconf 92' lang='lat' dir='ltr'><strong>ultra</strong></span> <span class='ocrx_word' id='word_1_306' title='bbox 1095 4824 1300 4890; x_wconf 89' lang='lat' dir='ltr'><strong>consuetam</strong></span> <span class='ocrx_word' id='word_1_307' title='bbox 1338 4825 1374 4888; x_wconf 93' lang='lat' dir='ltr'><strong>et</strong></span> <span class='ocrx_word' id='word_1_308' title='bbox 1412 4817 1595 4912; x_wconf 91' lang='lat' dir='ltr'><strong>antiquam</strong></span> <span class='ocrx_word' id='word_1_309' title='bbox 1627 4816 1910 4913; x_wconf 86' lang='lat' dir='ltr'><strong>jurisdictionem</strong></span> <span class='ocrx_word' id='word_1_310' title='bbox 1948 4841 2055 4914; x_wconf 90' lang='lat' dir='ltr'><strong>quam</strong></span> <span class='ocrx_word' id='word_1_311' title='bbox 2091 4817 2228 4890; x_wconf 88' lang='lat' dir='ltr'><strong>romani</strong></span> <span class='ocrx_word' id='word_1_312' title='bbox 2261 4817 2452 4890; x_wconf 89' lang='lat' dir='ltr'><strong>Pontifices</strong></span> 
     </span>
     <span class='ocr_line' id='line_1_35' title="bbox 626 4939 2451 5038; baseline -0.001 -24"><span class='ocrx_word' id='word_1_313' title='bbox 626 4943 757 5038; x_wconf 94' lang='lat' dir='ltr'><strong>ubique</strong></span> <span class='ocrx_word' id='word_1_314' title='bbox 795 4941 954 5014; x_wconf 88' lang='lat' dir='ltr'><strong>locorum</strong></span> <span class='ocrx_word' id='word_1_315' title='bbox 991 4941 1051 5014; x_wconf 93' lang='lat' dir='ltr'><strong>ubi</strong></span> <span class='ocrx_word' id='word_1_316' title='bbox 1079 4965 1159 5013; x_wconf 91' lang='lat' dir='ltr'><strong>cnm</strong></span> <span class='ocrx_word' id='word_1_317' title='bbox 1188 4945 1335 5014; x_wconf 83' lang='lat' dir='ltr'><strong>romana</strong></span> <span class='ocrx_word' id='word_1_318' title='bbox 1364 4939 1473 5012; x_wconf 91' lang='lat' dir='ltr'><strong>Curia</strong></span> <span class='ocrx_word' id='word_1_319' title='bbox 1502 4940 1655 5014; x_wconf 88' lang='lat' dir='ltr'><strong>residere</strong></span> <span class='ocrx_word' id='word_1_320' title='bbox 1684 4939 1816 5035; x_wconf 83' lang='lat' dir='ltr'><strong>solent,</strong></span> <span class='ocrx_word' id='word_1_321' title='bbox 1848 4966 1911 5037; x_wconf 91' lang='lat' dir='ltr'><strong>per</strong></span> <span class='ocrx_word' id='word_1_322' title='bbox 1940 4965 2062 5014; x_wconf 91' lang='lat' dir='ltr'><strong>eorum</strong></span> <span class='ocrx_word' id='word_1_323' title='bbox 2094 4940 2262 5014; x_wconf 88' lang='lat' dir='ltr'><strong>officiales</strong></span> <span class='ocrx_word' id='word_1_324' title='bbox 2291 4940 2348 5014; x_wconf 89' lang='lat' dir='ltr'><strong>vel</strong></span> <span class='ocrx_word' id='word_1_325' title='bbox 2381 4940 2451 5013; x_wconf 93' lang='lat' dir='ltr'><strong>Le-</strong></span> 
     </span>
     <span class='ocr_line' id='line_1_36' title="bbox 628 5065 2450 5163; baseline -0.001 -24"><span class='ocrx_word' id='word_1_326' title='bbox 628 5076 753 5163; x_wconf 90' lang='lat' dir='ltr'><strong>gatum</strong></span> <span class='ocrx_word' id='word_1_327' title='bbox 781 5065 891 5139; x_wconf 89' lang='lat' dir='ltr'><strong>libere</strong></span> <span class='ocrx_word' id='word_1_328' title='bbox 921 5075 1101 5160; x_wconf 84' lang='lat' dir='ltr'><strong>exercent,</strong></span> <span class='ocrx_word' id='word_1_329' title='bbox 1133 5074 1206 5138; x_wconf 89' lang='lat' dir='ltr'><strong>tam</strong></span> <span class='ocrx_word' id='word_1_330' title='bbox 1234 5065 1327 5138; x_wconf 90' lang='lat' dir='ltr'><strong>idem</strong></span> <span class='ocrx_word' id='word_1_331' title='bbox 1355 5065 1456 5162; x_wconf 89' lang='lat' dir='ltr'><strong>Papa</strong></span> <span class='ocrx_word' id='word_1_332' title='bbox 1488 5074 1663 5161; x_wconf 87' lang='lat' dir='ltr'><strong>quatenus</strong></span> <span class='ocrx_word' id='word_1_333' title='bbox 1691 5065 1857 5160; x_wconf 89' lang='lat' dir='ltr'><strong>resideat,</strong></span> <span class='ocrx_word' id='word_1_334' title='bbox 1883 5090 1989 5162; x_wconf 90' lang='lat' dir='ltr'><strong>quam</strong></span> <span class='ocrx_word' id='word_1_335' title='bbox 2017 5065 2175 5161; x_wconf 90' lang='lat' dir='ltr'><strong>Legatus</strong></span> <span class='ocrx_word' id='word_1_336' title='bbox 2202 5066 2385 5140; x_wconf 84' lang='lat' dir='ltr'><strong>Bonomae</strong></span> <span class='ocrx_word' id='word_1_337' title='bbox 2414 5066 2450 5138; x_wconf 93' lang='lat' dir='ltr'><strong>in</strong></span> 
     </span>
     <span class='ocr_line' id='line_1_37' title="bbox 627 5191 2450 5290; baseline -0.001 -24"><span class='ocrx_word' id='word_1_338' title='bbox 627 5194 704 5290; x_wconf 89' lang='lat' dir='ltr'><strong>ejus</strong></span> <span class='ocrx_word' id='word_1_339' title='bbox 733 5193 907 5288; x_wconf 87' lang='lat' dir='ltr'><strong>absentia,</strong></span> <span class='ocrx_word' id='word_1_340' title='bbox 929 5193 1082 5264; x_wconf 91' lang='lat' dir='ltr'><strong>debeant</strong></span> <span class='ocrx_word' id='word_1_341' title='bbox 1107 5192 1200 5264; x_wconf 87' lang='lat' dir='ltr'><strong>inter</strong></span> <span class='ocrx_word' id='word_1_342' title='bbox 1228 5192 1323 5264; x_wconf 87' lang='lat' dir='ltr'><strong>cives</strong></span> <span class='ocrx_word' id='word_1_343' title='bbox 1352 5191 1533 5264; x_wconf 91' lang='lat' dir='ltr'><strong>Bononiae</strong></span> <span class='ocrx_word' id='word_1_344' title='bbox 1562 5193 1599 5262; x_wconf 88' lang='lat' dir='ltr'><strong>in</strong></span> <span class='ocrx_word' id='word_1_345' title='bbox 1626 5191 1845 5263; x_wconf 90' lang='lat' dir='ltr'><strong>Potestatem</strong></span> <span class='ocrx_word' id='word_1_346' title='bbox 1876 5198 1911 5263; x_wconf 93' lang='lat' dir='ltr'><strong>et</strong></span> <span class='ocrx_word' id='word_1_347' title='bbox 1940 5191 2175 5289; x_wconf 88' lang='lat' dir='ltr'><strong>Capitoneum</strong></span> <span class='ocrx_word' id='word_1_348' title='bbox 2196 5191 2325 5286; x_wconf 90' lang='lat' dir='ltr'><strong>eligere</strong></span> <span class='ocrx_word' id='word_1_349' title='bbox 2345 5217 2450 5289; x_wconf 92' lang='lat' dir='ltr'><strong>quos-</strong></span> 
     </span>
     <span class='ocr_line' id='line_1_38' title="bbox 627 5315 2330 5415; baseline 0 -24"><span class='ocrx_word' id='word_1_350' title='bbox 627 5342 777 5415; x_wconf 92' lang='lat' dir='ltr'><strong>cumque</strong></span> <span class='ocrx_word' id='word_1_351' title='bbox 807 5317 984 5390; x_wconf 86' lang='lat' dir='ltr'><strong>voluerint</strong></span> <span class='ocrx_word' id='word_1_352' title='bbox 1013 5318 1146 5413; x_wconf 90' lang='lat' dir='ltr'><strong>absque</strong></span> <span class='ocrx_word' id='word_1_353' title='bbox 1175 5315 1247 5388; x_wconf 90' lang='lat' dir='ltr'><strong>ulla</strong></span> <span class='ocrx_word' id='word_1_354' title='bbox 1275 5315 1537 5389; x_wconf 87' lang='lat' dir='ltr'><strong>communitatis</strong></span> <span class='ocrx_word' id='word_1_355' title='bbox 1566 5316 1724 5412; x_wconf 88' lang='lat' dir='ltr'><strong>ejusdem</strong></span> <span class='ocrx_word' id='word_1_356' title='bbox 1754 5315 1987 5411; x_wconf 89' lang='lat' dir='ltr'><strong>intelligentia</strong></span> <span class='ocrx_word' id='word_1_357' title='bbox 2016 5325 2051 5388; x_wconf 90' lang='lat' dir='ltr'><strong>et</strong></span> <span class='ocrx_word' id='word_1_358' title='bbox 2079 5317 2330 5391; x_wconf 89' lang='lat' dir='ltr'><strong>nominatione.</strong></span> 
     </span>
    </p>

    <p class='ocr_par' dir='ltr' id='par_1_16' title="bbox 620 5441 2450 6416">
     <span class='ocr_line' id='line_1_39' title="bbox 733 5441 2449 5539; baseline 0.001 -23"><span class='ocrx_word' id='word_1_359' title='bbox 733 5442 881 5516; x_wconf 92' lang='lat' dir='ltr'>XVIII.</span> <span class='ocrx_word' id='word_1_360' title='bbox 914 5443 1016 5531; x_wconf 88' lang='lat' dir='ltr'><strong>Quod</strong></span> <span class='ocrx_word' id='word_1_361' title='bbox 1045 5441 1202 5539; x_wconf 90' lang='lat' dir='ltr'><strong>quolibet</strong></span> <span class='ocrx_word' id='word_1_362' title='bbox 1230 5467 1323 5514; x_wconf 88' lang='lat' dir='ltr'><strong>anno</strong></span> <span class='ocrx_word' id='word_1_363' title='bbox 1353 5441 1388 5512; x_wconf 91' lang='lat' dir='ltr'><strong>in</strong></span> <span class='ocrx_word' id='word_1_364' title='bbox 1417 5441 1509 5513; x_wconf 90' lang='lat' dir='ltr'><strong>sesto</strong></span> <span class='ocrx_word' id='word_1_365' title='bbox 1538 5449 1740 5514; x_wconf 90' lang='lat' dir='ltr'><strong>sanctorum</strong></span> <span class='ocrx_word' id='word_1_366' title='bbox 1770 5441 2011 5539; x_wconf 88' lang='lat' dir='ltr'><strong>apostolorum</strong></span> <span class='ocrx_word' id='word_1_367' title='bbox 2030 5442 2130 5514; x_wconf 92' lang='lat' dir='ltr'><strong>Petri</strong></span> <span class='ocrx_word' id='word_1_368' title='bbox 2148 5450 2183 5514; x_wconf 92' lang='lat' dir='ltr'><strong>et</strong></span> <span class='ocrx_word' id='word_1_369' title='bbox 2203 5442 2307 5515; x_wconf 90' lang='lat' dir='ltr'><strong>Pauli</strong></span> <span class='ocrx_word' id='word_1_370' title='bbox 2329 5444 2449 5518; x_wconf 90' lang='lat' dir='ltr'><strong>Bono-</strong></span> 
     </span>
     <span class='ocr_line' id='line_1_40' title="bbox 627 5566 2450 5645; baseline 0.001 -4"><span class='ocrx_word' id='word_1_371' title='bbox 627 5566 770 5645; x_wconf 89' lang='lat' dir='ltr'><strong>nienses</strong></span> <span class='ocrx_word' id='word_1_372' title='bbox 796 5593 859 5640; x_wconf 89' lang='lat' dir='ltr'><strong>seu</strong></span> <span class='ocrx_word' id='word_1_373' title='bbox 887 5593 1008 5640; x_wconf 92' lang='lat' dir='ltr'><strong>eorum</strong></span> <span class='ocrx_word' id='word_1_374' title='bbox 1038 5568 1273 5640; x_wconf 87' lang='lat' dir='ltr'><strong>communitas</strong></span> <span class='ocrx_word' id='word_1_375' title='bbox 1301 5567 1439 5639; x_wconf 88' lang='lat' dir='ltr'><strong>solvere</strong></span> <span class='ocrx_word' id='word_1_376' title='bbox 1468 5568 1621 5642; x_wconf 89' lang='lat' dir='ltr'><strong>debeant</strong></span> <span class='ocrx_word' id='word_1_377' title='bbox 1640 5591 1783 5640; x_wconf 85' lang='lat' dir='ltr'><strong>censum</strong></span> <span class='ocrx_word' id='word_1_378' title='bbox 1804 5575 1882 5640; x_wconf 91' lang='lat' dir='ltr'><strong>octo</strong></span> <span class='ocrx_word' id='word_1_379' title='bbox 1906 5566 2015 5639; x_wconf 89' lang='lat' dir='ltr'><strong>millia</strong></span> <span class='ocrx_word' id='word_1_380' title='bbox 2034 5567 2248 5640; x_wconf 91' lang='lat' dir='ltr'><strong>florenorum</strong></span> <span class='ocrx_word' id='word_1_381' title='bbox 2268 5569 2344 5641; x_wconf 92' lang='lat' dir='ltr'><strong>auri</strong></span> <span class='ocrx_word' id='word_1_382' title='bbox 2366 5571 2450 5643; x_wconf 93' lang='lat' dir='ltr'><strong>boni</strong></span> 
     </span>
     <span class='ocr_line' id='line_1_41' title="bbox 624 5691 2448 5790; baseline -0.001 -22"><span class='ocrx_word' id='word_1_383' title='bbox 624 5702 660 5768; x_wconf 91' lang='lat' dir='ltr'><strong>et</strong></span> <span class='ocrx_word' id='word_1_384' title='bbox 688 5693 812 5788; x_wconf 90' lang='lat' dir='ltr'><strong>legalis</strong></span> <span class='ocrx_word' id='word_1_385' title='bbox 844 5694 1007 5790; x_wconf 89' lang='lat' dir='ltr'><strong>ponderis</strong></span> <span class='ocrx_word' id='word_1_386' title='bbox 1037 5693 1079 5765; x_wconf 92' lang='lat' dir='ltr'><strong>de</strong></span> <span class='ocrx_word' id='word_1_387' title='bbox 1108 5693 1310 5783; x_wconf 87' lang='lat' dir='ltr'><strong>Florentia,</strong></span> <span class='ocrx_word' id='word_1_388' title='bbox 1341 5695 1406 5766; x_wconf 91' lang='lat' dir='ltr'><strong>snb</strong></span> <span class='ocrx_word' id='word_1_389' title='bbox 1436 5719 1551 5790; x_wconf 89' lang='lat' dir='ltr'><strong>poeno</strong></span> <span class='ocrx_word' id='word_1_390' title='bbox 1579 5702 1703 5766; x_wconf 89' lang='lat' dir='ltr'><strong>contra</strong></span> <span class='ocrx_word' id='word_1_391' title='bbox 1731 5692 1951 5764; x_wconf 88' lang='lat' dir='ltr'><strong>Potestatem</strong></span> <span class='ocrx_word' id='word_1_392' title='bbox 1981 5700 2016 5764; x_wconf 92' lang='lat' dir='ltr'><strong>et</strong></span> <span class='ocrx_word' id='word_1_393' title='bbox 2045 5691 2131 5764; x_wconf 88' lang='lat' dir='ltr'><strong>alios</strong></span> <span class='ocrx_word' id='word_1_394' title='bbox 2160 5692 2328 5766; x_wconf 87' lang='lat' dir='ltr'><strong>officiales</strong></span> <span class='ocrx_word' id='word_1_395' title='bbox 2362 5695 2448 5766; x_wconf 80' lang='lat' dir='ltr'><strong>ciri-</strong></span> 
     </span>
     <span class='ocr_line' id='line_1_42' title="bbox 625 5817 2446 5916; baseline 0 -23"><span class='ocrx_word' id='word_1_396' title='bbox 625 5819 711 5893; x_wconf 89' lang='lat' dir='ltr'><strong>tatis</strong></span> <span class='ocrx_word' id='word_1_397' title='bbox 733 5819 767 5890; x_wconf 89' lang='lat' dir='ltr'><strong>in</strong></span> <span class='ocrx_word' id='word_1_398' title='bbox 787 5843 871 5890; x_wconf 88' lang='lat' dir='ltr'><strong>casu</strong></span> <span class='ocrx_word' id='word_1_399' title='bbox 892 5819 1194 5891; x_wconf 87' lang='lat' dir='ltr'><strong>contraventionis</strong></span> <span class='ocrx_word' id='word_1_400' title='bbox 1225 5819 1317 5892; x_wconf 79' lang='lat' dir='ltr'><strong>inira</strong></span> <span class='ocrx_word' id='word_1_401' title='bbox 1336 5827 1409 5891; x_wconf 90' lang='lat' dir='ltr'><strong>tres</strong></span> <span class='ocrx_word' id='word_1_402' title='bbox 1428 5843 1567 5891; x_wconf 89' lang='lat' dir='ltr'><strong>menses</strong></span> <span class='ocrx_word' id='word_1_403' title='bbox 1583 5817 1957 5891; x_wconf 87' lang='lat' dir='ltr'><strong>excommunicationis</strong></span> <span class='ocrx_word' id='word_1_404' title='bbox 1978 5817 2053 5914; x_wconf 92' lang='lat' dir='ltr'><strong>ipso</strong></span> <span class='ocrx_word' id='word_1_405' title='bbox 2072 5817 2180 5912; x_wconf 86' lang='lat' dir='ltr'><strong>facto,</strong></span> <span class='ocrx_word' id='word_1_406' title='bbox 2201 5818 2446 5916; x_wconf 87' lang='lat' dir='ltr'><strong>incurrendae,</strong></span> 
     </span>
     <span class='ocr_line' id='line_1_43' title="bbox 620 5941 2446 6041; baseline 0 -23"><span class='ocrx_word' id='word_1_407' title='bbox 620 5953 656 6018; x_wconf 91' lang='lat' dir='ltr'><strong>et</strong></span> <span class='ocrx_word' id='word_1_408' title='bbox 676 5945 711 6017; x_wconf 94' lang='lat' dir='ltr'><strong>in</strong></span> <span class='ocrx_word' id='word_1_409' title='bbox 731 5968 816 6016; x_wconf 89' lang='lat' dir='ltr'><strong>casu</strong></span> <span class='ocrx_word' id='word_1_410' title='bbox 846 5943 1024 6016; x_wconf 89' lang='lat' dir='ltr'><strong>ulterioris</strong></span> <span class='ocrx_word' id='word_1_411' title='bbox 1053 5945 1296 6018; x_wconf 88' lang='lat' dir='ltr'><strong>contumaciae</strong></span> <span class='ocrx_word' id='word_1_412' title='bbox 1317 5944 1466 6017; x_wconf 86' lang='lat' dir='ltr'><strong>aliorum</strong></span> <span class='ocrx_word' id='word_1_413' title='bbox 1488 5945 1596 6016; x_wconf 90' lang='lat' dir='ltr'><strong>trium</strong></span> <span class='ocrx_word' id='word_1_414' title='bbox 1617 5943 1801 6036; x_wconf 89' lang='lat' dir='ltr'><strong>mensium,</strong></span> <span class='ocrx_word' id='word_1_415' title='bbox 1824 5943 1889 6014; x_wconf 91' lang='lat' dir='ltr'><strong>sub</strong></span> <span class='ocrx_word' id='word_1_416' title='bbox 1910 5967 2023 6039; x_wconf 91' lang='lat' dir='ltr'><strong>poena</strong></span> <span class='ocrx_word' id='word_1_417' title='bbox 2043 5941 2222 6015; x_wconf 88' lang='lat' dir='ltr'><strong>interdicti</strong></span> <span class='ocrx_word' id='word_1_418' title='bbox 2242 5951 2278 6015; x_wconf 91' lang='lat' dir='ltr'><strong>et</strong></span> <span class='ocrx_word' id='word_1_419' title='bbox 2298 5969 2446 6041; x_wconf 90' lang='lat' dir='ltr'><strong>suspen-</strong></span> 
     </span>
     <span class='ocr_line' id='line_1_44' title="bbox 624 6067 2446 6168; baseline 0.001 -25"><span class='ocrx_word' id='word_1_420' title='bbox 624 6070 732 6143; x_wconf 89' lang='lat' dir='ltr'><strong>sionis</strong></span> <span class='ocrx_word' id='word_1_421' title='bbox 761 6068 876 6142; x_wconf 88' lang='lat' dir='ltr'><strong>Studii</strong></span> <span class='ocrx_word' id='word_1_422' title='bbox 905 6067 1080 6164; x_wconf 89' lang='lat' dir='ltr'><strong>generalis</strong></span> <span class='ocrx_word' id='word_1_423' title='bbox 1110 6070 1336 6168; x_wconf 92' lang='lat' dir='ltr'><strong>omniumque</strong></span> <span class='ocrx_word' id='word_1_424' title='bbox 1374 6069 1522 6142; x_wconf 92' lang='lat' dir='ltr'><strong>aliorum</strong></span> <span class='ocrx_word' id='word_1_425' title='bbox 1560 6067 1847 6167; x_wconf 75' lang='lat' dir='ltr'><strong>privilegiorum,</strong></span> <span class='ocrx_word' id='word_1_426' title='bbox 1877 6076 1912 6140; x_wconf 92' lang='lat' dir='ltr'><strong>et</strong></span> <span class='ocrx_word' id='word_1_427' title='bbox 1952 6068 2112 6162; x_wconf 89' lang='lat' dir='ltr'><strong>tandem,</strong></span> <span class='ocrx_word' id='word_1_428' title='bbox 2142 6068 2293 6141; x_wconf 87' lang='lat' dir='ltr'><strong>durante</strong></span> <span class='ocrx_word' id='word_1_429' title='bbox 2331 6070 2446 6145; x_wconf 90' lang='lat' dir='ltr'><strong>adhuc</strong></span> 
     </span>
     <span class='ocr_line' id='line_1_45' title="bbox 622 6194 2445 6292; baseline 0 -23"><span class='ocrx_word' id='word_1_430' title='bbox 622 6194 858 6290; x_wconf 89' lang='lat' dir='ltr'><strong>contumacia,</strong></span> <span class='ocrx_word' id='word_1_431' title='bbox 880 6195 945 6266; x_wconf 91' lang='lat' dir='ltr'><strong>sub</strong></span> <span class='ocrx_word' id='word_1_432' title='bbox 971 6219 1086 6290; x_wconf 91' lang='lat' dir='ltr'><strong>poena</strong></span> <span class='ocrx_word' id='word_1_433' title='bbox 1115 6195 1325 6292; x_wconf 86' lang='lat' dir='ltr'><strong>privationis</strong></span> <span class='ocrx_word' id='word_1_434' title='bbox 1352 6194 1527 6289; x_wconf 89' lang='lat' dir='ltr'><strong>generalis</strong></span> <span class='ocrx_word' id='word_1_435' title='bbox 1557 6194 1672 6266; x_wconf 86' lang='lat' dir='ltr'><strong>Studii</strong></span> <span class='ocrx_word' id='word_1_436' title='bbox 1701 6217 1741 6266; x_wconf 91' lang='lat' dir='ltr'><strong>ac</strong></span> <span class='ocrx_word' id='word_1_437' title='bbox 1772 6194 1928 6266; x_wconf 92' lang='lat' dir='ltr'><strong>omnium</strong></span> <span class='ocrx_word' id='word_1_438' title='bbox 1952 6194 2283 6292; x_wconf 89' lang='lat' dir='ltr'><strong>praerogativarum</strong></span> <span class='ocrx_word' id='word_1_439' title='bbox 2313 6219 2356 6269; x_wconf 88' lang='lat' dir='ltr'><strong>ac</strong></span> <span class='ocrx_word' id='word_1_440' title='bbox 2383 6197 2445 6269; x_wconf 92' lang='lat' dir='ltr'><strong>be·</strong></span> 
     </span>
     <span class='ocr_line' id='line_1_46' title="bbox 622 6320 1966 6416; baseline -0.001 -21"><span class='ocrx_word' id='word_1_441' title='bbox 622 6320 827 6395; x_wconf 90' lang='lat' dir='ltr'><strong>neficiorum</strong></span> <span class='ocrx_word' id='word_1_442' title='bbox 857 6320 1176 6394; x_wconf 87' lang='lat' dir='ltr'><strong>ecclesiasticorum</strong></span> <span class='ocrx_word' id='word_1_443' title='bbox 1205 6321 1337 6394; x_wconf 91' lang='lat' dir='ltr'><strong>eisdem</strong></span> <span class='ocrx_word' id='word_1_444' title='bbox 1366 6321 1649 6394; x_wconf 89' lang='lat' dir='ltr'><strong>Bononiensibus</strong></span> <span class='ocrx_word' id='word_1_445' title='bbox 1678 6321 1966 6416; x_wconf 87' lang='lat' dir='ltr'><strong>competentium.</strong></span> 
     </span>
    </p>

    <p class='ocr_par' dir='ltr' id='par_1_17' title="bbox 730 6445 2442 6542">
     <span class='ocr_line' id='line_1_47' title="bbox 730 6445 2442 6542; baseline 0 -23"><span class='ocrx_word' id='word_1_446' title='bbox 730 6446 838 6519; x_wconf 89' lang='lat' dir='ltr'>XIX.</span> <span class='ocrx_word' id='word_1_447' title='bbox 870 6446 973 6535; x_wconf 85' lang='lat' dir='ltr'><strong>Quod</strong></span> <span class='ocrx_word' id='word_1_448' title='bbox 1001 6470 1072 6518; x_wconf 91' lang='lat' dir='ltr'><strong>uon</strong></span> <span class='ocrx_word' id='word_1_449' title='bbox 1101 6471 1145 6518; x_wconf 89' lang='lat' dir='ltr'><strong>cx</strong></span> <span class='ocrx_word' id='word_1_450' title='bbox 1175 6471 1217 6520; x_wconf 91' lang='lat' dir='ltr'><strong>eo</strong></span> <span class='ocrx_word' id='word_1_451' title='bbox 1246 6447 1340 6542; x_wconf 93' lang='lat' dir='ltr'><strong>quod</strong></span> <span class='ocrx_word' id='word_1_452' title='bbox 1369 6470 1495 6518; x_wconf 91' lang='lat' dir='ltr'><strong>census</strong></span> <span class='ocrx_word' id='word_1_453' title='bbox 1525 6445 1674 6518; x_wconf 84' lang='lat' dir='ltr'><strong>solvitur</strong></span> <span class='ocrx_word' id='word_1_454' title='bbox 1703 6454 1738 6518; x_wconf 92' lang='lat' dir='ltr'><strong>et</strong></span> <span class='ocrx_word' id='word_1_455' title='bbox 1768 6445 2000 6518; x_wconf 89' lang='lat' dir='ltr'><strong>ducentorum</strong></span> <span class='ocrx_word' id='word_1_456' title='bbox 2025 6453 2243 6518; x_wconf 89' lang='lat' dir='ltr'><strong>armatorum</strong></span> <span class='ocrx_word' id='word_1_457' title='bbox 2263 6445 2442 6519; x_wconf 90' lang='lat' dir='ltr'><strong>hominum</strong></span> 
     </span>
    </p>
   </div>
   <div class='ocr_carea' id='block_1_3' title="bbox 0 0 2750 7750">
    <p class='ocr_par' dir='ltr' id='par_1_18' title="bbox 0 0 2750 7750">
     <span class='ocr_line' id='line_1_48' title="bbox 0 0 2750 7750; baseline 0 2"><span class='ocrx_word' id='word_1_458' title='bbox 0 0 2750 7750; x_wconf 95' lang='lat' dir='ltr'><strong> </strong></span> 
     </span>
    </p>
   </div>
  </div>
 </body>
</html>
