5484 7746
650 641 724 712 272
1440 658 1679 708 uounuuurx

736 818 819 881 Item
844 817 1049 880 medietatem
1073 814 1285 898 Cosaraltulc,
1310 815 1431 878 scilieet
1455 814 1596 878 omnium
1620 813 1858 900 possessionum
1882 834 1961 898 quas
1984 813 2105 877 habeut
2129 812 2161 875 iu
2184 812 2398 878 Cesaraltulo.

738 927 820 989 ltcm
844 946 954 990 omues
977 923 1196 1011 possessiones
1222 945 1283 1009 que
1307 931 1339 987 et
1363 922 1494 1008 queso>
1519 921 1665 1006 [habent]
1688 923 1720 985 iu
1745 921 1834 986 curia
1858 923 1955 1004 castrj
1981 921 2084 1005 sonotj
2108 921 2223 1005 Paulj,
2248 929 2280 985 et
2310 923 2341 986 in
2373 924 2461 987 curia

646 1033 756 1118 Podij,
781 1040 813 1098 et
837 1032 1011 1097 Treforcie.

736 1141 819 1204 Item
844 1161 954 1204 omues
978 1138 1196 1225 possessiones
1220 1158 1281 1222 que
1306 1143 1337 1200 et
1362 1157 1441 1222 quas
1465 1135 1587 1200 habent
1610 1136 1640 1199 in
1666 1143 1753 1200 terra
1777 1143 1809 1199 et
1832 1135 1978 1200 districtu
1998 1136 2167 1216 Medicine,
2185 1143 2217 1200 et
2230 1137 2306 1221 jura
2322 1137 2460 1204 decima·

646 1270 718 1311 rum
742 1247 926 1311 earumdem
951 1253 1120 1310 terrarum.

735 1355 818 1418 Item
842 1375 991 1440 campum
1015 1353 1055 1416 de
1077 1352 1201 1434 Flesse,
1226 1373 1320 1437 quem
1344 1351 1475 1414 tenebat
1498 1350 1645 1414 domiuus
1669 1351 1840 1435 Rogerius.

735 1462 818 1525 Item
843 1469 961 1524 terram
986 1461 1052 1523 sinc
1076 1459 1234 1544 braydam
1258 1457 1297 1522 de
1322 1457 1423 1521 Cento
1447 1457 1591 1521 Collone.

736 1569 818 1632 Item
842 1575 943 1632 totam
967 1565 1150 1649 deeimnlm]
1174 1565 1213 1628 de
1238 1571 1319 1629 octo.

737 1675 829 1740 Sorte
853 1676 1000 1762 projecta
1024 1674 1063 1738 de
1088 1674 1254 1737 voluntate
1278 1671 1419 1736 omniurn
1443 1679 1475 1735 et
1499 1671 1699 1756 singulorum
1722 1671 1933 1755 dominorum,
1951 1672 2077 1736 nemine
2101 1673 2140 1736 de
2162 1673 2310 1760 Capitulo
2335 1687 2459 1742 coutra-

646 1784 782 1866 diceute,
807 1783 949 1866 [devenit
972 1783 1004 1844 in
1029 1780 1166 1868 partem]
1188 1779 1401 1865 infrascriptis
1425 1779 1572 1861 dominis,
1597 1779 1737 1848 collinam

733 1895 785 1967 αἴ
801 1891 940 1954 Domino
964 1890 1119 1974 magistro
1142 1885 1310 1951 Beruardo
1334 1887 1497 1972 parmensi

732 2004 783 2075 (Π
800 1998 939 2062 Domino
962 1995 1130 2060 Bernardo
1155 1995 1194 2058 de
1219 1994 1389 2068 Querceto.

734 2107 815 2171 Item
840 2105 1032 2169 addiderunt
1055 2103 1186 2166 cuilibet
1209 2103 1295 2188 partj
1319 2101 1535 2188 predictarum
1560 2101 1701 2187 quinquo
1731 2101 1882 2188 partium,
1907 2125 1962 2164 xx.
1987 2102 2087 2166 libras
2113 2103 2370 2190 bononeuorum,
2395 2129 2457 2194 que

644 2216 762 2279 debeut
786 2212 926 2299 expeudj
951 2219 983 2275 et
1007 2212 1083 2297 ponj
1109 2211 1139 2273 iu
1165 2207 1306 2292 evidentj
1330 2209 1469 2272 utilitate
1493 2207 1670 2291 domorum,
1687 2208 1740 2271 vel
1763 2208 1828 2272 alia
1844 2209 1986 2292 evidentj
2003 2209 2141 2274 utilitate
2158 2212 2329 2295 cujuslibet
2345 2217 2456 2300 partis.

733 2321 815 2384 Item
840 2320 878 2384 dc
903 2319 1031 2402 comunj
1056 2318 1221 2381 voluntate
1246 2315 1348 2380 tocius
1371 2314 1512 2400 Capituli
1536 2322 1717 2379 statuerunt
1740 2314 1825 2401 quod
1849 2315 1957 2379 nullus
1980 2337 2021 2380 ex
2041 2315 2134 2380 dictis
2154 2316 2290 2384 dominis
2308 2323 2358 2386 rel
2376 2325 2458 2390 alius

644 2452 702 2515 pro
734 2430 798 2510 eis,
823 2427 875 2491 nel
906 2448 1017 2490 eorum
1042 2426 1146 2508 nuutij
1171 2424 1311 2487 debeant
1334 2422 1474 2487 incidere
1499 2423 1641 2509 aliquam
1665 2423 1813 2486 arborem
1836 2422 1877 2486 ad
1902 2423 2033 2510 pedem,
2059 2434 2195 2510 excepta
2219 2427 2390 2494 berletal2)
2408 2434 2458 2496 vel

643 2538 742 2601 busco
759 2537 826 2599 sire
851 2555 991 2614 nemore,
1009 2540 1040 2596 et
1063 2533 1155 2618 siquo
1179 2530 1275 2594 arbor
1298 2530 1492 2594 incideretur
1508 2530 1675 2616 perveniat
1691 2529 1732 2593 ad
1749 2529 1944 2616 Capitulum,
1961 2541 2098 2617 excepta
2120 2532 2243 2598 berleta
2259 2537 2311 2600 vel
2328 2559 2457 2605 nemore

644 2645 726 2710 urla
741 2643 861 2707 dictum
885 2649 942 2706 cst.

733 2751 815 2814 Item
840 2755 1022 2813 statuerunt
1046 2747 1172 2811 comuni
1196 2746 1362 2810 voluntate
1387 2751 1419 2808 et
1441 2744 1613 2808 volucrunt
1636 2743 1753 2808 durare
1777 2744 1879 2809 dictas
1906 2753 2015 2832 partes
2050 2768 2150 2832 usque
2181 2748 2222 2812 ad
2254 2773 2332 2816 xxv.
2357 2775 2458 2820 anuos

643 2859 789 2945 proxime
814 2857 999 2942 completos.

731 2969 783 3040 (lj'
796 2965 878 3028 Item
903 2964 930 3026 si
954 2963 1061 3047 aliquo
1086 2969 1229 3047 tempore
1253 2960 1424 3046 aliqualis
1448 2981 1504 3022 seu
1528 2959 1601 3023 lites
1625 2965 1830 3023 moverentur
1845 2980 1941 3045 super
1958 2960 2050 3024 dictis
2067 2961 2198 3027 decimis
2215 2966 2265 3028 vel
2287 2967 2458 3052 prebendis

643 3073 736 3137 dietis
765 3072 935 3136 Canonicis
958 3069 1010 3133 vel
1034 3069 1130 3132 alicui
1154 3090 1283 3150 eorum,
1307 3067 1358 3131 sal
1390 3067 1450 3152 ipsi
1480 3067 1599 3130 domini
1632 3066 1786 3130 Canonici
1816 3066 1868 3130 vel
1899 3066 2015 3152 aliquis
2046 3090 2156 3132 eorum
2188 3082 2353 3138 moverent
2386 3077 2458 3140 aliis

643 3179 768 3264 [litem],
787 3178 971 3265 Capitulum
995 3183 1143 3240 teneatur
1167 3176 1243 3238 dare
1268 3175 1333 3238 suis
1357 3174 1507 3260 expensis
1532 3174 1701 3260 Sapientes
1725 3174 1923 3238 necessarios
1947 3187 1978 3238 et
1999 3175 2192 3260 Syudicum3
2209 3187 2241 3242 et
2262 3181 2325 3244 alia
2350 3185 2458 3248 omnia

642 3289 720 3352 fiant
744 3287 894 3372 expensis
918 3284 1046 3349 illorum
1070 3284 1282 3364 dominorum,
1308 3282 1423 3368 quibus
1447 3289 1531 3345 mote
1555 3289 1662 3345 esseut
1686 3282 1758 3346 lites
1780 3282 1833 3346 vel
1858 3283 1912 3367 qui
1936 3291 2102 3347 moverent
2125 3284 2207 3350 aliis.

732 3395 815 3458 Item
839 3393 878 3457 de
903 3392 1030 3457 comuni
1054 3391 1220 3455 voluntate
1243 3390 1425 3471 voluerunt,
1443 3395 1625 3453 statuerunt
1648 3395 1680 3453 et
1703 3388 1933 3453 ordinaverunt
1956 3390 2041 3475 quod
2066 3392 2200 3476 quilibet
2224 3394 2381 3459 dictorum
2402 3398 2458 3463 do-

643 3503 801 3566 minorum
824 3501 944 3565 habeat
967 3500 1130 3564 licentiam
1155 3497 1359 3584 permutandi
1378 3505 1503 3582 partem
1520 3496 1549 3559 ei
1569 3497 1808 3582 contingentem
1824 3518 1925 3582 usque
1942 3496 1983 3560 ad
2000 3497 2080 3562 duos
2098 3520 2234 3583 menses,
2251 3509 2284 3565 ct
2300 3523 2319 3564 a
2335 3504 2462 3570 duobus

643 3609 806 3673 mensibus
829 3609 862 3671 iu
887 3614 961 3670 ante
986 3607 1069 3670 dieto
1093 3612 1201 3692 partes
1226 3605 1257 3667 in
1282 3625 1341 3668 sua
1364 3604 1514 3668 firmitate
1539 3604 1723 3689 perdurent.

731 3716 814 3779 Item
838 3715 865 3778 si
890 3715 944 3800 qui
968 3715 1025 3798 alij
1050 3713 1171 3777 domini
1195 3711 1348 3776 Canouioi
1372 3710 1411 3774 de
1436 3733 1518 3776 novo
1543 3712 1771 3797 reciperentur,
1788 3717 1958 3775 teneantur
1982 3713 2020 3776 de
2042 3735 2125 3778 novo
2142 3715 2286 3800 predicta
2302 3720 2412 3782 omnia
2429 3729 2461 3784 et

643 3823 771 3907 singula
795 3821 1006 3908 corporaliter
1029 3820 1069 3884 ad
1094 3826 1206 3883 saneta
1229 3818 1290 3882 Dei
1314 3817 1496 3904 Evangelia
1516 3820 1626 3902 jurare
1650 3819 1743 3882 firma
1766 3825 1798 3882 et
1821 3825 1892 3882 rata
1915 3826 2025 3884 tenere
2049 3829 2223 3907 autequam
2250 3825 2459 3910 recipiantur.

732 3930 802 4004 Quo
832 3931 938 3993 omnia
967 3935 998 3992 et
1029 3926 1158 4012 singula
1189 3933 1310 3990 statuta
1340 3933 1372 3988 et
1401 3925 1622 3990 ordinamenta
1647 3933 1743 4012 atque
1767 3925 1939 3991 divisiones
1963 3927 2126 3992 infradicti
2158 3930 2278 3994 domini
2305 3933 2462 4017 promise·

642 4045 716 4102 runt
741 4046 772 4102 et
796 4036 968 4101 voluerunt
990 4035 1110 4098 habere
1135 4041 1206 4097 rata
1230 4041 1262 4096 et
1285 4040 1394 4097 tenere
1415 4054 1452 4096 ac
1468 4034 1571 4114 firma,
1588 4039 1620 4096 et
1643 4033 1675 4096 in
1700 4033 1788 4097 nullo
1812 4031 1927 4116 [litem]
1947 4056 2086 4117 movere,
2104 4038 2156 4100 vel
2170 4037 2390 4104 contrafacere
2408 4041 2461 4106 rel

641 4166 762 4210 venire.

729 4251 869 4315 Nomina
894 4257 1002 4314 autem
1026 4270 1136 4313 eorum
1160 4247 1372 4329 dominorum,
1397 4247 1451 4332 qui
1475 4246 1699 4329 interfuerunt,
1725 4255 1799 4310 sunt
1823 4247 1901 4311 ista:

730 4363 782 4435 (Π
797 4358 955 4422 Dominus
978 4357 1133 4440 magister
1157 4354 1348 4439 Siuigardus
1372 4353 1622 4440 archipresbiter
1645 4353 1851 4418 bononiensis

729 4469 781 4542 (Π
797 4465 955 4529 Dominus
980 4463 1138 4550 presbiter
1160 4462 1345 4547 Hugolinus

729 4580 781 4648 (ἵ
796 4574 954 4639 Dominus
979 4571 1137 4658 presbiter
1160 4569 1346 4634 Beruardus
1371 4570 1410 4634 de
1435 4570 1594 4644 Quereeto

729 4685 780 4758 (Ῑῖ
796 4681 954 4746 Dominus
977 4679 1047 4744 Ano
1245 4672 1255 4832 a

728 4794 780 4865 (Π
795 4789 954 4853 Dominus
978 4785 1203 4850 Zambcrtinus

728 4901 781 4972 C
797 4897 955 4960 Dominus
980 4893 1178 4959 Octavianus

608 5029 613 5038 ·
728 5009 779 5082 (ἵ
795 5004 954 5070 Dominus
978 5001 1162 5066 Bonifatius
1247 5069 1251 5084 Ι

728 5115 779 5188 (ἴ
796 5111 953 5176 Dominus
977 5108 1154 5174 Jacobinus
1244 5105 1254 5153 “¹

727 5224 779 5295 οἵ
795 5218 953 5283 Dominus
976 5217 1094 5281 Petrus

727 5331 779 5402 (Π
794 5325 952 5390 Dominus
977 5324 1099 5387 Paulus
1244 5321 1255 5481 p

727 5437 779 5508 (Π
794 5432 954 5497 Dominus
977 5430 1139 5516 Rogerius
1244 5497 1250 5514 Ι

729 5542 827 5606 Salvo
851 5541 878 5604 si
902 5540 1010 5624 aliquo
1035 5547 1178 5624 tempore
1203 5537 1339 5600 ecclesia
1362 5537 1465 5600 sancti
1490 5536 1567 5601 Sisti
1590 5542 1769 5600 mutaretur
1788 5538 1840 5601 vel
1863 5545 2056 5620 moveretur,
2074 5539 2118 5602 ita
2135 5539 2221 5624 quod
2237 5538 2315 5623 dictj
2333 5541 2463 5604 domini

638 5673 702 5714 nou
725 5654 857 5735 possent
880 5668 952 5710 eam
977 5646 1008 5709 iu
1032 5667 1124 5708 snam
1147 5651 1272 5731 partem
1295 5644 1426 5726 habere,
1450 5644 1572 5708 scilicet
1595 5643 1672 5708 dicti
1698 5643 1774 5728 iiij,
1798 5644 1833 5707 iu
1865 5646 1957 5727 cujus
1988 5653 2080 5732 parte
2112 5646 2209 5711 fuerit
2242 5648 2381 5711 ecclesia
2408 5669 2462 5711 su—

637 5757 794 5844 predicta,
820 5756 851 5818 in
876 5752 1121 5838 vigiutjduabus
1144 5750 1293 5816 corbibus
1317 5751 1471 5835 frumeutj
1495 5751 1680 5838 Capitulum
1702 5758 1852 5815 teneatur
1873 5752 2043 5838 providere
2068 5753 2202 5817 eisdem.

724 5867 777 5940 C
792 5862 876 5926 Item
900 5861 944 5923 sic
969 5881 1029 5944 ego
1053 5858 1217 5923 Boluisius
1241 5858 1463 5945 infrascriptos
1493 5860 1636 5923 notarius
1657 5860 1767 5943 juravj
1792 5858 1832 5922 ad
1856 5866 1969 5922 sancta
1992 5860 2055 5924 Dei
2078 5860 2259 5945 Evangelia
2280 5860 2462 5924 inanimes

637 5973 778 6038 omniurn
803 5977 836 6033 et
859 5968 1060 6053 singulorum
1083 5966 1201 6029 ibidem
1226 5967 1423 6052 presentium
1447 5967 1658 6049 dominorum,
1684 5966 1772 6030 nullo
1797 5966 2045 6050 contradicente,
2064 5967 2234 6032 actendere
2258 5975 2290 6032 et
2313 5988 2462 6052 servare,

636 6090 671 6146 ut
694 6081 815 6144 dictum
839 6083 888 6141 est
911 6078 944 6140 iu
969 6076 1116 6140 omnibus
1141 6082 1173 6139 et
1196 6075 1332 6160 singulis
1356 6075 1514 6161 capitulis.

1247 4835 1255 4893 l
1278 4839 1405 4922 diaeonj

1243 5156 1254 5308 l
1277 5268 1477 5352 subdiaconj.

729 6351 739 6398 1
775 6345 827 6397 sic.

715 6348 754 6501 121
773 6433 895 6485 Berletas
914 6431 1101 6485 Bononienses
1121 6433 1223 6482 alsetina
1243 6431 1349 6496 dieunt,
1370 6435 1398 6483 et
1417 6433 1499 6483 etiam
1518 6432 1642 6496 fluminis
1659 6433 1819 6496 meretrcem,
1838 6431 1884 6483 ubi
1904 6431 2016 6483 heriatua
2035 6435 2192 6484 nascuntur.

715 6527 754 6590 (3)
774 6524 806 6574 In
826 6523 904 6574 Cod.:
925 6539 939 6570 a
960 6523 997 6574 ud
1016 6540 1041 6573 ›.
