5492 7750
611 596 660 668 30
1393 619 1632 670 nouunavrn

606 770 773 856 Argelate,
798 792 894 855 quarn
918 771 1099 856 Imperator
1121 771 1273 855 habebat,
1297 779 1329 836 et
1354 771 1549 836 Comitatnm
1572 770 1699 854 Ymole,
1723 771 1801 836 istas
1825 771 1916 837 vobis
1940 771 2161 857 relinquimus,
2178 773 2269 837 salvo
2291 774 2374 857 jure,
2393 775 2419 838 si

607 878 692 964 quod
715 879 814 942 habet
837 877 980 942 Oonrune
1004 878 1160 962 Bononio,
1177 880 1230 944 vel
1252 881 1376 944 ratione
1399 877 1562 965 privilegii
1585 879 1678 942 nobis
1702 878 1844 944 concessi
1868 879 1909 942 ab
1933 879 2041 965 aliquo
2063 879 2273 965 Imperatore,
2290 881 2343 946 vel
2359 882 2418 944 eli·

606 987 698 1071 cujus
722 986 972 1068 consuetudinis,
995 986 1049 1050 vcl
1072 987 1285 1051 concessionis
1308 986 1400 1050 nobis
1423 985 1508 1050 lacte
1532 1007 1552 1050 a
1574 986 1735 1073 Principe.
1757 987 1837 1051 Post
1860 987 1920 1051 hec
1944 987 2085 1051 surrexit
2109 986 2256 1051 dominus
2281 987 2418 1052 Giliolus

604 1094 753 1158 Potestas
777 1093 933 1176 Bononia,
957 1093 1040 1158 dixit
1062 1115 1097 1157 se
1120 1099 1226 1157 ratum
1248 1093 1379 1176 habere,
1400 1092 1486 1180 quod
1509 1093 1637 1158 dixerat
1660 1094 1808 1158 dominus
1832 1093 1938 1158 Guido
1961 1093 2163 1176 Lanbertini‚
2188 1102 2221 1158 et
2244 1117 2279 1158 se
2303 1095 2348 1159 ita
2371 1097 2417 1160 di-

605 1201 732 1266 mittere
764 1207 909 1266 tenutam
940 1209 972 1266 et
1002 1201 1147 1266 homines
1179 1200 1364 1284 absolvere,
1390 1201 1480 1265 salvo
1509 1201 1582 1285 jure
1613 1201 1641 1264 ei
1671 1200 1757 1286 quod
1787 1201 1922 1266 haberet
1957 1201 2100 1267 Comunc
2132 1201 2279 1266 Bononie
2310 1202 2418 1290 aliquo

604 1308 713 1390 mode,
737 1308 800 1372 nisi
822 1310 898 1395 quia
921 1309 1066 1373 homines
1098 1308 1289 1373 absolvebat
1312 1314 1344 1372 et
1368 1308 1585 1394 possessiones
1609 1307 1814 1390 dimettebat,
1836 1315 1869 1373 et
1891 1309 1936 1372 ita
1958 1308 2109 1372 baculum
2133 1309 2240 1394 posuit
2263 1309 2296 1372 in
2319 1331 2417 1374 mauu

604 1416 725 1482 domini
755 1416 964 1499 Patriarche,
989 1417 1113 1503 quiite
1141 1416 1324 1481 dimittebat
1354 1421 1498 1480 tenutam
1531 1422 1564 1480 et
1593 1415 1739 1480 homines
1771 1416 1977 1500 absolvebat,
2001 1423 2033 1482 et
2061 1417 2106 1480 ita
2135 1417 2258 1504 placuit
2288 1417 2417 1482 domino

603 1522 792 1588 Patriarche
816 1529 848 1588 et
872 1523 1058 1588 Camerario
1080 1523 1201 1588 domini
1224 1523 1325 1608 Regis
1348 1522 1488 1588 Ottonis.

692 1630 811 1695 Actum
833 1630 980 1696 Bononia
1003 1631 1037 1694 in
1060 1631 1182 1716 palatio
1206 1630 1326 1694 domini
1349 1629 1512 1716 Episcopi.

691 1737 764 1823 Ego
787 1737 992 1820 Dominicus,
1018 1738 1109 1802 Sacri
1132 1737 1252 1801 Palatii
1276 1737 1419 1802 notarius
1443 1745 1476 1802 et
1498 1745 1574 1802 tunc
1598 1737 1717 1802 domini
1743 1737 1853 1802 Gilioli
1881 1737 2056 1802 Potestatis
2079 1737 2241 1820 Bonouic,
2267 1739 2415 1824 interlui,

603 1845 713 1909 audivi
736 1852 769 1910 et
792 1845 866 1929 vidi,
891 1852 923 1910 et
943 1846 1037 1930 jussu
1060 1845 1181 1910 domini
1204 1845 1393 1910 Patriarche
1417 1845 1540 1931 scripsi.

692 1952 750 2036 (L.
766 1954 789 2036 †
806 1952 853 2036 S.)
877 1951 948 2038 Ego
972 1953 1088 2017 Petrus
1111 1953 1241 2018 Pizolus
1264 1952 1451 2036 Bolognoli,
1477 1951 1596 2017 domini
1628 1952 1756 2018 Ottonis
1788 1953 1996 2040 Imperatoris
2026 1963 2059 2018 et
2090 1953 2243 2018 Comunis
2270 1952 2416 2018 Bononia

601 2060 756 2143 notarius,
780 2061 863 2126 sicut
885 2061 1039 2146 scriptum
1062 2061 1130 2125 vidi
1153 2081 1365 2146 permenam
1388 2060 1549 2141 dominici,
1573 2059 1693 2125 domini
1719 2060 1831 2125 Gilioli
1855 2061 1894 2124 de
1919 2061 2014 2125 Sesea
2038 2061 2164 2142 notarii,
2182 2061 2226 2124 ita
2247 2059 2360 2145 scripsi
2384 2067 2416 2125 et

601 2167 794 2252 exemplavi,
819 2188 878 2231 neo
902 2167 1023 2231 addens
1046 2167 1099 2230 vel
1123 2167 1269 2231 minuens
1294 2167 1355 2230 nisi
1379 2166 1508 2251 signum
1532 2165 1617 2251 quod
1639 2188 1704 2232 non
1728 2166 1802 2232 feci.

1470 2575 1550 2640 XII.

1378 2827 1473 2907 1211,
1498 2827 1638 2890 20111111.

1105 3079 1157 3144 Ex
1182 3080 1296 3144 codem
1320 3079 1461 3164 Rapistro
1487 3079 1610 3162 Grosso,
1634 3078 1689 3143 lib.
1715 3080 1761 3163 I.,
1786 3103 1812 3144 c.
1833 3083 1905 3144 181.

684 3353 782 3430 ([‘Jn
806 3352 924 3418 christi
949 3351 1086 3416 nomine.
1111 3350 1207 3414 Anno
1231 3347 1377 3431 ejusdem
1400 3347 1568 3412 millesimo
1593 3347 1714 3431 OOxa,
1738 3348 1789 3413 die
1812 3350 1939 3413 veneris
1962 3369 2025 3414 x11.
2051 3350 2158 3415 madio
2182 3359 2331 3435 exeunte,
2354 3353 2406 3435 jn-

595 3461 733 3526 dictione
756 3461 838 3545 xiiij.
862 3459 1072 3524 Presentibus
1095 3457 1225 3521 domino
1249 3455 1410 3541 Episcopo
1433 3457 1643 3538 cremonensi,
1660 3463 1691 3520 et
1711 3456 1865 3541 magistro
1890 3456 2019 3541 Gracia,
2041 3458 2243 3522 decretorum
2266 3457 2406 3542 doctore,

595 3576 627 3632 et
649 3568 778 3633 domino
801 3567 992 3631 Prevestino
1016 3565 1055 3630 de
1080 3564 1175 3628 Sesso
1199 3563 1238 3628 de
1263 3563 1377 3648 Regio,
1395 3569 1426 3626 et
1449 3561 1578 3627 domino
1602 3563 1795 3628 Marsiliotto
1819 3563 1858 3628 de
1881 3564 2122 3650 Maccagnanis,
2139 3573 2171 3630 et
2190 3566 2318 3630 domiuo
2344 3566 2404 3630 lli·

594 3676 706 3742 chaale
729 3675 768 3740 de
793 3674 979 3759 Oalcagnile
1000 3672 1109 3758 judice
1133 3678 1166 3736 et
1189 3671 1261 3735 aliis
1282 3670 1400 3734 multis.
1418 3670 1457 3733 ln
1481 3690 1609 3734 camera
1632 3670 1752 3736 domini
1768 3670 1921 3758 Episcopi
1937 3673 2138 3755 Mutinensis,
2156 3672 2304 3738 dominus
2321 3673 2409 3738 Azzo

593 3785 703 3869 legum
726 3783 847 3865 doctor,
872 3788 904 3846 et
928 3781 1074 3845 dominus
1097 3779 1327 3844 Rambertinus
1351 3777 1509 3842 (luidonis
1532 3777 1705 3860 Buualelli,
1730 3784 1763 3842 et
1786 3778 1933 3842 dominus
1957 3778 2135 3844 Ubertinus
2156 3781 2269 3864 judex,
2295 3788 2327 3845 et
2352 3781 2408 3845 do-

593 3892 698 3956 minus
722 3890 829 3955 Guido
852 3889 996 3954 Alberici
1019 3887 1059 3951 de
1083 3886 1279 3968 Soanabicis,
1301 3885 1453 3950 Comunis
1476 3884 1621 3949 Bononia
1645 3886 1872 3949 ambaxatores
1895 3907 1938 3950 ex
1960 3893 2053 3972 parte
2077 3887 2196 3952 domini
2222 3888 2407 3973 W[ilielmi]

593 3998 632 4062 de
656 3998 825 4079 Pusterle,
850 3995 1028 4086 Potestatis¹
1048 3993 1130 4058 Bon.
1155 4000 1187 4058 et
1211 3993 1397 4058 Communis
1418 3992 1504 4055 illius
1532 3999 1633 4074 terre,
1658 3993 1921 4079 supplicaverunt
1951 3992 2079 4059 domino
2111 3994 2282 4079 Glerardo]
2306 3998 2408 4061 Alba·

593 4106 685 4170 uensi
715 4105 818 4169 eleeto
841 4125 879 4168 ac
903 4102 1023 4167 domini
1046 4101 1136 4187 Papo
1160 4101 1305 4185 Legato,
1330 4107 1365 4162 ut
1389 4100 1415 4162 si
1439 4098 1582 4185 placeret
1605 4099 1634 4162 ei
1658 4099 1700 4162 ad
1722 4121 1855 4185 presens
1885 4121 1948 4164 non
1981 4101 2112 4166 deberet
2148 4103 2267 4166 intrare
2301 4104 2408 4169 Bono·

592 4215 736 4278 niensem
760 4212 942 4291 civitatem,
967 4209 1062 4274 etde
1086 4208 1147 4272 hoo
1170 4207 1279 4292 plures
1303 4207 1442 4271 rationes
1467 4206 1724 4290 assignaverunt.
1747 4207 1876 4270 Scilicet
1899 4207 1975 4292 quia
1997 4209 2068 4292 ejus
2091 4208 2250 4273 adventus
2277 4218 2404 4296 poterat

592 4342 748 4407 generare
773 4317 966 4383 discordiam
997 4323 1028 4380 et
1059 4315 1246 4380 scandalum
1279 4335 1432 4398 magnum
1457 4314 1545 4398 jnter
1576 4314 1671 4377 cives.
1697 4313 1777 4378 Oum
1809 4315 1894 4378 enim
1927 4322 2049 4379 certum
2082 4317 2139 4398 sit,
2164 4326 2195 4380 et
2227 4319 2407 4402 notorium,

593 4427 679 4513 quod
707 4426 837 4512 quidam
868 4424 986 4488 civium
1009 4422 1154 4487 Bononio
1178 4422 1350 4506 diligerent
1382 4420 1546 4484 dominum
1574 4419 1737 4484 Aaronem
1769 4421 1988 4485 Marolrionem
2021 4421 2215 4504 Extensern,
2241 4424 2296 4487 alii
2328 4447 2405 4490 vero

592 4535 757 4599 dominum
781 4532 1034 4616 Salinguerram
1059 4537 1091 4594 et
1115 4531 1147 4593 in
1170 4530 1231 4593 hoc
1255 4528 1369 4592 ardore
1394 4527 1527 4591 nimium
1550 4527 1614 4590 sint
1638 4528 1781 4611 accensi,
1803 4528 1966 4614 velintque
1992 4529 2100 4614 plures
2126 4551 2236 4593 eornm
2259 4539 2404 4617 prestere

592 4642 750 4706 auxilium
773 4639 882 4724 Ugoni
906 4639 945 4703 de
970 4636 1162 4702 Guarmasio
1186 4635 1227 4700 ad
1251 4634 1504 4721 recuperandam
1527 4633 1712 4698 Ferrariam
1736 4635 1912 4716 civitatem,
1937 4641 2004 4698 tum
2032 4657 2074 4700 ex
2104 4644 2256 4723 precepto
2285 4638 2404 4703 domini

591 4748 817 4834 Imperatoris,
842 4752 910 4809 tum
942 4745 1017 4831 quia
1047 4742 1256 4808 sacrementis
1285 4741 1378 4806 factis
1403 4741 1435 4805 in
1468 4741 1639 4806 eoncordia
1669 4741 1708 4804 de
1739 4763 1819 4827 pace
1851 4741 1970 4805 domini
1999 4742 2194 4807 Morchionia
2227 4753 2259 4808 et
2287 4746 2406 4811 domini

592 4857 800 4942 Salinguerre
825 4853 1064 4918 manutenenda
1087 4859 1202 4938 putant
1225 4873 1260 4915 se
1284 4851 1403 4915 teneri:
1429 4850 1485 4913 alii
1507 4872 1584 4914 vero
1615 4851 1701 4914 cives
1731 4856 1846 4936 putent
1876 4871 1939 4915 non
1971 4871 2041 4914 esse
2072 4852 2213 4916 dandum
2248 4855 2406 4919 auxilium

591 4963 769 5029 rationibus
794 4961 986 5048 quibusdam
1009 4961 1163 5046 pratentis
1187 4959 1229 5023 ab
1253 4959 1317 5040 eis,
1342 4965 1375 5023 et
1398 4957 1474 5042 quia
1498 4979 1561 5022 non
1590 4958 1724 5022 credunt
1755 4979 1789 5021 se
1814 4958 1916 5021 teneri
1939 4980 1981 5022 cx
2008 4958 2223 5024 Sacramentis
2248 4961 2342 5026 factis
2366 4963 2406 5027 de

589 5093 668 5158 paee
698 5069 820 5136 domini
849 5067 1046 5132 Morchionis
1078 5073 1110 5130 et
1134 5067 1254 5130 domini
1286 5065 1494 5150 Saliugucrre
1525 5065 1780 5147 manutenenda,
1805 5070 1837 5128 et
1861 5065 1937 5150 quia
1966 5087 2030 5129 non
2060 5066 2195 5130 credunt
2226 5068 2406 5154 predictum

590 5179 755 5243 dominum
777 5175 999 5241 Marchionem
1020 5195 1134 5261 pacem
1157 5174 1303 5259 fregisse,
1320 5181 1353 5238 et
1383 5172 1561 5258 spetialiter
1576 5177 1727 5258 pretextu
1744 5172 1956 5257 quarumdam
1973 5172 2154 5236 litterarum
2170 5174 2403 5240 destinatarum

589 5308 609 5350 a
636 5286 779 5372 predicto
810 5283 938 5349 domino
969 5282 1094 5367 Legata
1126 5281 1255 5345 domino
1285 5281 1446 5366 Episcopo
1476 5279 1684 5361 bononiensi,
1709 5279 1742 5342 in
1775 5279 1890 5364 quibus
1923 5280 2157 5362 continebatur,
2182 5282 2267 5366 quod
2296 5285 2403 5348 nullus

589 5393 707 5458 civium
730 5392 876 5456 Bononie
900 5390 996 5454 debet
1019 5390 1096 5452 dare
1120 5389 1277 5452 auxilinm
1300 5387 1409 5472 Ugoni
1432 5387 1471 5450 do
1495 5385 1688 5450 Guermasio
1711 5386 1763 5449 vel
1788 5387 1843 5471 alij
1869 5385 1908 5449 nd
1935 5387 2189 5472 recuperandam
2217 5388 2402 5454 Ferrariam

590 5500 764 5582 civitatem,
782 5506 814 5562 et
834 5499 860 5561 si
883 5498 944 5562 hoc
964 5497 1071 5560 facere
1089 5502 1326 5580 attemptarent,
1344 5493 1429 5579 quod
1446 5493 1769 5558 excommunicationi
1786 5515 1804 5556 a
1821 5491 1963 5578 predicto
1984 5493 2145 5580 Episcopo
2162 5495 2404 5579 subicerentur3

588 5629 628 5672 ne
652 5629 730 5692 ergo
754 5629 796 5671 ex
818 5605 937 5669 talibus
962 5604 1100 5668 oriretur
1115 5602 1274 5667 discordia
1297 5608 1330 5666 et
1352 5601 1516 5665 distractio
1541 5601 1679 5665 civitatis
1696 5600 1853 5681 Bononia,
1872 5600 2124 5685 suplioavcrunt,
2142 5607 2178 5665 ut
2197 5603 2317 5666 dictum
2344 5614 2403 5687 cst,

586 5715 763 5801 jamdicto
796 5713 925 5777 domino
949 5711 1085 5796 Legato,
1111 5718 1146 5774 nt
1169 5711 1210 5773 ad
1233 5731 1387 5796 presens,
1412 5709 1438 5772 si
1462 5709 1491 5772 ci
1516 5707 1674 5794 placeret,
1700 5729 1763 5771 non
1787 5707 1912 5771 veniret
1935 5707 1977 5770 ad
2001 5708 2164 5772 civitatem
2187 5709 2348 5794 Bononie,
2373 5720 2405 5776 et

588 5822 767 5908 spetialiter
797 5821 858 5885 hoc
885 5819 1036 5884 dicebant
1068 5819 1152 5903 quod
1176 5839 1240 5881 non
1263 5817 1417 5881 vetabant
1440 5815 1549 5879 venire
1574 5815 1616 5877 ad
1639 5815 1757 5879 dictam
1782 5815 1964 5896 civitatem,
1990 5821 2038 5878 set
2062 5822 2115 5898 ut,
2139 5817 2166 5878 si
2189 5817 2333 5902 placeret
2356 5821 2403 5900 ei,

587 5930 717 5994 interim
740 5928 926 5993 abstineret.
952 5927 1111 6012 Tempore
1135 5933 1240 5988 autem
1266 5924 1330 5988 alio
1354 5945 1506 6008 congruo,
1524 5923 1550 5985 si
1572 5923 1601 5986 ei
1625 5923 1782 6007 placuerit
1802 5922 1920 5985 dictam
1938 5923 2101 5986 civitatem
2117 5923 2258 6006 visitare,
2277 5947 2403 5990 omnem

587 6037 742 6101 honorem
765 6043 798 6100 et
820 6034 1036 6099 reverentiam
1059 6034 1088 6096 ei
1112 6033 1313 6096 exhiberent.

678 6143 736 6225 (L.
754 6143 776 6224 †
794 6141 840 6224 S.)
865 6140 937 6226 Ego
962 6140 1124 6205 Oradinus
1146 6139 1185 6202 de
1207 6138 1319 6224 Burgo
1343 6137 1446 6219 Novo,
1463 6137 1525 6200 Dei
1548 6137 1654 6222 gratia
1677 6136 1838 6222 imperiali
1864 6137 2055 6200 auctoritate
2075 6137 2239 6220 Notarius,
2258 6140 2399 6224 interlui,

586 6260 619 6316 et
641 6252 843 6316 dominorum
869 6249 1118 6313 ambaxatorum
1139 6247 1242 6330 jussu,
1267 6246 1391 6331 scripsi.
