5490 7750
660 593 733 665 168
1446 610 1686 662 uouuusnrn

653 770 878 858 producendos
901 791 998 857 super
1022 769 1113 835 novis
1137 769 1296 855 capitulis,
1320 769 1402 833 sieut
1426 768 1546 832 dietum
1570 774 1619 832 est
1641 789 1750 854 supra,
1770 789 1824 832 xv.
1842 767 1909 831 dies
1934 774 2007 854 post
2029 767 2148 831 festum
2171 765 2274 830 saneti
2297 765 2458 832 Michaelis

653 879 800 965 proxime
824 878 971 960 venturi,
997 877 1042 941 ita
1065 885 1174 940 tamen
1198 876 1283 962 quod
1307 876 1466 962 capitula,
1491 897 1587 962 super
1611 876 1726 961 quibus
1750 874 1869 939 debent
1892 880 1999 961 partes
2031 881 2128 938 testes
2160 873 2354 960 producere,
2379 874 2461 959 prius

654 985 747 1050 nobis
769 984 1005 1049 hostendantur
1028 991 1060 1047 et
1084 983 1211 1047 dentur.

743 1091 862 1156 Actum
885 1091 1041 1156 Bononie.

742 1200 813 1264 Hec
836 1199 996 1263 sententia
1019 1198 1104 1262 lecta
1127 1204 1159 1261 et
1181 1197 1316 1261 recitate
1340 1197 1401 1261 fuit
1424 1197 1456 1260 in
1480 1218 1608 1261 camera
1639 1196 1785 1282 magistri
1808 1197 1968 1262 Johannis
2000 1196 2155 1283 predicti,
2179 1201 2329 1283 presente
2353 1194 2461 1262 Veltro

653 1307 692 1372 de
724 1307 888 1389 (lucrinis,
912 1305 1041 1371 domiuo
1069 1305 1226 1370 Ortolano
1257 1311 1289 1369 et
1318 1304 1495 1369 Bonatesta
1526 1303 1566 1368 de
1597 1303 1784 1388 Galegada,
1809 1325 1893 1369 anno
1925 1303 2056 1388 Dominj
2088 1303 2258 1368 millesimo
2290 1325 2335 1368 ec.
2361 1304 2459 1388 xviij,

652 1416 703 1480 dio
727 1437 760 1479 x.
785 1415 924 1479 intrante
949 1413 1140 1500 septembri,
1165 1412 1337 1476 indictione
1361 1413 1416 1496 vj,
1440 1421 1590 1498 presente
1616 1411 1745 1476 Sindica
1769 1412 1873 1476 sancti
1897 1411 2054 1498 Stephani
2077 1418 2110 1475 ct
2133 1409 2327 1497 Hospinello
2352 1417 2384 1475 et
2408 1411 2460 1476 Sa·

651 1524 821 1605 maritano,
845 1528 1054 1608 procuratore
1077 1520 1197 1584 domini
1221 1519 1381 1585 Jacobelli
1405 1518 1446 1582 ad
1469 1519 1661 1582 sententiam
1686 1519 1892 1584 audiendam.
2177 1525 2181 1536 '

742 1630 800 1713 (L.
817 1630 839 1712 †
857 1629 904 1710 S.)
928 1628 999 1713 Ego
1022 1627 1187 1710 Albertus,
1203 1626 1267 1690 Dei
1290 1627 1396 1713 gratia
1419 1626 1502 1691 sacri
1525 1625 1639 1712 paletij
1664 1627 1819 1708 notarius,
1845 1625 1992 1710 interluj,
2010 1632 2042 1690 et
2074 1625 2225 1690 mandato
2249 1623 2460 1711 predictorum

652 1736 805 1804 Judicum
828 1735 953 1822 scripsi.

1516 2019 1609 2084 xlv.

1430 2236 1526 2320 1220,
1551 2237 1593 2300 31
1617 2238 1696 2302 tutis.

768 2451 821 2516 Ex
845 2451 976 2516 archivo
1000 2451 1270 2538 Metropolitanae
1294 2450 1450 2516 eeclesiae
1473 2452 1575 2514 sancti
1599 2449 1689 2515 Petri
1713 2450 1937 2533 bononiensis,
1963 2451 2041 2516 saec.
2066 2452 2105 2535 B,
2133 2455 2161 2534 l,
2187 2475 2273 2517 num.
2300 2455 2352 2518 20.

740 2703 907 2769 Honorius
930 2703 1109 2789 episcopus,
1126 2723 1238 2766 servus
1262 2721 1428 2766 servorum
1450 2701 1523 2783 Dei,
1540 2701 1665 2766 dilectis
1688 2702 1761 2766 liliis
1786 2703 1949 2788 magistris
1972 2703 2091 2767 Rufino
2113 2701 2236 2768 doctori
2253 2703 2462 2788 decretorum,

649 2811 807 2876 Vernatio
831 2810 987 2875 tarvisino
1011 2815 1043 2874 et
1066 2808 1215 2894 Amatorj
1240 2809 1368 2874 senensi
1383 2810 1555 2892 canonicis,
1572 2808 1717 2873 Bononia
1743 2810 2024 2892 commorantibus,
2042 2811 2180 2874 salutem
2201 2818 2233 2874 et
2257 2811 2465 2898 apostolicam

650 2918 918 2983 benedictionem.

741 3026 840 3092 Suam
865 3025 906 3090 ad
929 3046 988 3090 nos
1012 3025 1121 3109 dilectj
1145 3024 1204 3109 filij
1228 3025 1489 3112 Archiprcsbiter
1512 3033 1544 3090 et
1568 3023 1753 3112 Capitulum
1777 3027 1974 3091 bononiense
1996 3027 2231 3112 querimoniam
2255 3027 2465 3114 destinarunt,

650 3133 747 3220 quod,
764 3155 837 3198 cum
856 3133 1014 3198 institutio
1037 3133 1299 3218 presbiterorum,
1317 3133 1515 3216 clericorum,
1532 3133 1731 3220 capellarum
1754 3141 1785 3197 et
1810 3134 1998 3221 plebatuum
2021 3141 2089 3198 tam
2112 3135 2252 3200 civitatis
2277 3157 2376 3221 quam
2398 3136 2464 3202 dio·

649 3241 731 3307 cesis
754 3241 1001 3307 bononiensium
1024 3240 1066 3305 ad
1088 3241 1175 3328 ipsos
1196 3248 1341 3326 spectare
1359 3247 1519 3323 noscatur,
1537 3240 1668 3326 quidam
1683 3241 1833 3305 monachi
1856 3249 1889 3305 ct
1911 3243 2058 3306 conversi
2072 3243 2314 3329 pomposienses
2337 3265 2377 3308 ac
2400 3245 2467 3330 qui·

626 3347 725 3420 ,dem
748 3349 806 3434 alij
829 3347 969 3414 civitatis
993 3355 1025 3412 et
1049 3348 1184 3413 diocesis
1208 3348 1394 3412 earumdem
1416 3369 1451 3411 se
1476 3348 1508 3411 in
1532 3347 1689 3434 quasdam
1711 3348 1914 3434 parochiales
1938 3349 2101 3432 ecclesias,
2119 3349 2152 3413 in
2168 3349 2262 3414 dietis
2285 3351 2466 3437 plebatibus

646 3457 837 3539 existentes,
861 3457 908 3520 eis
932 3456 1138 3541 irrequisitis,
1162 3455 1325 3519 intrudere
1361 3477 1399 3519 ac
1433 3455 1466 3519 in
1501 3455 1547 3519 eis
1582 3455 1691 3520 divina
1714 3455 1818 3519 officia
1841 3456 2006 3520 celebrare
2030 3463 2221 3542 presumunt
2250 3464 2363 3523 eontra
2388 3458 2464 3523 late·

646 3565 794 3629 canensis
817 3571 938 3628 statuta
963 3563 1099 3647 Concilij
1123 3563 1156 3626 in
1180 3583 1291 3626 eorum
1315 3570 1346 3626 et
1369 3563 1503 3628 ecclesie
1527 3583 1584 3626 sne
1608 3563 1818 3649 preiudicium
1842 3571 1873 3627 et
1897 3585 2084 3648 gravamen.
2109 3564 2251 3650 Ideoque
2277 3564 2462 3631 discretioni

646 3679 753 3737 vestre
777 3693 837 3758 per
858 3671 1036 3758 apostolica
1059 3671 1179 3757 scripta
1203 3669 1393 3734 mandamus
1416 3676 1585 3756 quatenns,
1602 3670 1724 3734 voeatis
1749 3671 1804 3756 qui
1827 3669 1947 3735 fuerint
1970 3672 2139 3756 evocandj,
2157 3671 2296 3736 audiatis
2320 3695 2461 3756 causam,

647 3787 689 3864 et,
707 3779 924 3867 appellatione
944 3786 1077 3861 remota,
1095 3777 1158 3842 fine
1182 3777 1290 3842 debito
1313 3778 1509 3860 terminetis3
1526 3778 1681 3842 facientes
1704 3777 1791 3863 quod
1813 3778 2020 3843 decreveritis
2043 3801 2102 3865 per
2118 3802 2288 3845 censuram
2312 3781 2465 3846 ccclesia-

647 3888 761 3953 stieam
784 3887 918 3950 firmiter
934 3886 1110 3950 observari.
1127 3884 1240 3950 Testes
1259 3891 1368 3948 autem
1391 3885 1446 3971 qui
1467 3884 1587 3948 fuerint
1603 3885 1759 3949 nominati
1782 3886 1809 3948 si
1833 3907 1867 3949 se
1891 3887 2008 3971 gratia,
2025 3887 2098 3951 odio
2123 3888 2174 3952 vel
2198 3889 2313 3953 timore
2337 3889 2463 3953 subtra-

647 3995 765 4078 xerint,
782 4015 840 4080 per
862 4015 1032 4059 censuram
1055 3993 1201 4075 eandem,
1218 3992 1435 4079 appellatione
1459 3999 1615 4075 cessante,
1632 3993 1756 4078 cogatis
1779 3993 1909 4077 veritatj
1933 3994 2153 4059 testimonium
2169 3996 2351 4081 perhibere.
2371 3995 2464 4071 Quod

647 4103 676 4168 si
698 4123 762 4168 non
787 4123 897 4167 omncs
919 4101 982 4185 hijs
1006 4100 1204 4186 exequendis
1227 4099 1396 4186 potueritis
1419 4099 1584 4180 interesse,
1609 4100 1673 4165 duo
1697 4107 1840 4165 vestrum
1864 4122 1903 4166 ea
1926 4101 2136 4166 nihilominus
2160 4111 2376 4188 exequantur.

737 4209 871 4294 [Datum
895 4206 994 4294 a]pud
1016 4206 1140 4272 Urbem
1163 4207 1316 4271 Veterem
1339 4207 1373 4290 ij.
1399 4207 1555 4271 kalendas
1579 4208 1718 4292 augusti,
1743 4208 1948 4293 pontificatus
1973 4211 2074 4294 nostrj
2098 4231 2183 4274 anno
2208 4211 2330 4296 quinto.

1520 4528 1595 4594 XV.

1395 4747 1492 4830 1221,
1516 4747 1560 4810 27
1582 4749 1715 4831 augusti.

762 4960 815 5024 Ex
838 4960 970 5024 archivo
993 4958 1264 5045 Metropolitanae
1287 4958 1442 5024 ecclesiae
1466 4960 1568 5024 saneti
1592 4960 1681 5024 Petri
1705 4961 1848 5044 Bonon,
1873 4962 1905 5026 in
1930 4964 1985 5030 lib.
2010 4967 2127 5030 Arium
2152 4973 2346 5052 noncupato,

1401 5090 1428 5132 o.
1451 5069 1579 5152 xxxvij,
1604 5089 1635 5132 n.
1661 5071 1713 5133 50.

734 5287 788 5360 (ιζ’
809 5283 882 5348 Hoc
906 5289 955 5347 est
978 5282 1163 5369 exemplum
1185 5283 1354 5368 cujusdam
1378 5283 1580 5348 instrumenti
1605 5305 1678 5348 cum
1702 5284 1753 5348 die
1777 5292 1809 5348 et
1833 5285 1982 5368 Consule,
2008 5287 2052 5351 sie
2076 5287 2277 5372 incipientis:

736 5389 927 5455 innomine
951 5389 1100 5473 Domini,
1124 5411 1229 5454 amen.
1253 5389 1410 5475 Magister
1433 5390 1547 5455 Gratia
1570 5390 1826 5456 Archidiaconus
1855 5392 2062 5457 bononiensis
2093 5415 2151 5479 pro
2176 5394 2296 5458 honore
2320 5401 2355 5458 et
2380 5400 2466 5459 statu

647 5498 790 5585 Capituli
812 5497 1020 5562 bononiensis
1038 5497 1244 5584 infrascripta
1268 5496 1418 5584 Capitula
1441 5504 1473 5562 et
1497 5497 1627 5562 Statnta
1650 5499 1826 5564 secundum
1849 5500 2088 5586 infrascriptam
2110 5499 2257 5584 sormam,
2279 5522 2410 5588 semper
2433 5501 2465 5565 in

644 5605 837 5671 bononiensi
860 5604 1011 5690 Capitulo
1034 5605 1233 5690 inposterum
1257 5605 1470 5688 observanda,
1486 5607 1690 5692 presentibus
1713 5606 1745 5671 J.
1761 5607 2040 5693 archipresbitero,
2065 5608 2182 5672 domno
2205 5608 2324 5692 Probo,
2346 5609 2465 5674 domno

646 5713 833 5793 Ottaviano,
858 5712 975 5776 domno
998 5712 1146 5794 Albcrto,
1171 5712 1287 5777 domno
1312 5711 1471 5796 Gnidone,
1496 5713 1613 5778 domno
1638 5715 1765 5798 Angelo
1792 5715 1989 5800 presbiteris,
2015 5717 2170 5800 magistro
2194 5716 2340 5800 Oddone,
2367 5717 2466 5780 Petro

647 5820 795 5903 Succida,
820 5819 969 5884 Guidoce
993 5819 1124 5902 Grasso,
1149 5820 1292 5903 Andros,
1316 5822 1471 5906 magistro
1494 5820 1635 5886 Martino
1660 5822 1857 5905 diaconibus,
1879 5822 2026 5887 (luidone
2050 5823 2090 5887 dc
2114 5823 2273 5908 Bagnolo,
2292 5823 2466 5906 Gnidoeto,

646 5928 802 6014 magistro
825 5927 1011 6010 Lambert0,
1028 5927 1163 6010 Jacobo,
1181 5928 1334 6013 magistro
1360 5929 1527 5993 Teneredo
1551 5929 1811 6013 subdiaconibus,
1828 5936 1861 5994 ct
1884 5929 2079 6016 chrigipto
2103 5932 2266 5995 canonicis
2285 5932 2465 5997 bononien·

646 6035 745 6119 sibus,
762 6035 857 6099 tactis
873 6036 1067 6100 sacrosantis
1083 6034 1282 6120 Evangeliis,
1300 6036 1434 6100 iurarit:
1454 6062 1468 6095 ‹
1484 6036 1556 6122 Ego
1573 6037 1728 6122 magister
1744 6037 1868 6120 Gratia,
1881 6038 2137 6102 Archidiaconns
2153 6039 2373 6122 bononiensis,
2392 6061 2466 6105 con·

645 6145 718 6209 eilia
741 6150 774 6208 et
797 6143 927 6207 decreta
951 6141 1092 6229 Capituli
1117 6143 1333 6226 bononiensis,
1351 6165 1412 6228 que
1430 6150 1582 6230 precepta
1598 6152 1691 6208 erunt
1708 6166 1778 6208 esse
1795 6154 1919 6209 secreta
1935 6167 1993 6231 per
2008 6145 2281 6210 Archidiaconum
2298 6153 2330 6211 et
2347 6147 2466 6212 Archi-

646 6253 860 6340 presbiterum
883 6253 935 6316 rel
959 6274 1071 6317 eorum
1094 6251 1242 6334 alterum,
1259 6252 1321 6335 vel,
1338 6253 1384 6317 eis
1408 6252 1606 6335 absentibus,
1623 6274 1681 6339 per
1704 6252 1899 6340 Capitulum,
1917 6254 1997 6317 nulli
2020 6254 2177 6339 pandam,
2195 6255 2281 6318 ultra
2303 6255 2467 6320 decimum

646 6369 796 6428 octavum
821 6359 1057 6426 Canonicorum
1081 6380 1250 6424 numerum
1276 6361 1309 6424 in
1337 6360 1527 6426 bononiensi
1550 6361 1697 6425 Ecclesia
1724 6362 1946 6444 constitutum,
1970 6361 2095 6426 nullum
2125 6362 2158 6425 in
2183 6361 2385 6427 Canonieum
2409 6363 2465 6428 eli-

645 6491 721 6554 gam
749 6468 800 6532 vcl
829 6467 1000 6553 recipiam,
1026 6468 1153 6533 ordines
1185 6467 1321 6532 servabo
1350 6470 1383 6532 in
1415 6468 1564 6555 Capitulo
1596 6469 1803 6552 bononiensi,
1835 6469 1986 6533 videlicet
2017 6489 2075 6532 sex
2105 6469 2306 6534 Presbiteros
2339 6477 2374 6534 ot
2409 6492 2466 6534 sex
