5484 7746
671 671 902 722 SPECTANTIA
921 673 972 722 AD
993 672 1158 722 OLASSEM
1179 672 1543 722 ARCHIDIACONORUM
1563 672 1665 723 ECOIs.
1686 671 1824 722 BONON.
1872 697 1878 712 ι
2079 650 2151 720 251

340 833 452 891 sancta
475 826 649 890 mutinensi
671 826 818 891 Ecclesia
842 849 861 890 a
886 827 1014 891 domiuo
1039 827 1194 892 Anselmo
1218 833 1328 892 sancte
1352 827 1538 891 ravennatis
1561 827 1706 891 Ecclesia
1730 827 1982 913 archiepiscopo,
2003 831 2035 890 et
2059 827 2156 890 missa

340 933 486 1018 expleta,
512 934 647 999 accessit
678 933 719 997 ad
751 935 864 1018 altero,
887 935 921 1000 in
945 956 1007 1020 quo
1032 935 1170 1020 desuper
1193 941 1263 998 erat
1285 934 1403 998 librum
1433 933 1687 1019 Evangeliorum
1718 934 1797 1016 Dei,
1823 935 1992 1019 esposuit
2025 954 2156 996 inanum

340 1064 432 1106 suam
455 1041 605 1106 dextram
628 1063 725 1128 supra
750 1042 854 1127 ipsum
879 1042 1014 1124 librum,
1039 1049 1070 1106 et
1094 1041 1194 1104 dixit:
1225 1041 1311 1104 «Ab
1334 1041 1390 1104 hac
1420 1062 1476 1104 ora
1506 1043 1539 1104 iu
1570 1049 1659 1105 aritae
1692 1063 1743 1126 eqo
1772 1041 1969 1126 supradictus
1999 1039 2157 1104 Henricns

339 1149 508 1234 Episcopus
531 1151 711 1214 mutinensis
734 1148 864 1214 Ecclesia
885 1149 985 1232 fidelis
1010 1157 1037 1213 et
1059 1148 1197 1212 obediens
1220 1169 1270 1212 ero
1292 1156 1393 1212 sancte
1416 1151 1577 1212 ravennati
1599 1147 1731 1214 Ecclesia
1754 1156 1781 1212 et
1796 1148 1918 1212 dornino
1934 1168 1997 1212 rrteo
2013 1149 2157 1211 Arrsetrno

340 1257 561 1341 archiepiscopo
583 1259 782 1321 consecratori
801 1278 874 1339 aueo,
890 1256 1167 1340 successoribusque
1189 1258 1254 1320 eius
1276 1258 1418 1320 camnine
1438 1255 1677 1340 inpredieutibas
1693 1263 1719 1319 et
1735 1257 1927 1340 corrseqrntis,
1943 1256 1987 1318 ita
2002 1262 2036 1318 nt
2052 1261 2157 1318 contra

340 1386 406 1428 earrr
429 1386 490 1428 nou
513 1385 614 1449 cepam,
630 1371 684 1428 aut
707 1370 813 1426 caretro
836 1384 904 1428 enm
928 1370 955 1427 et
977 1383 1158 1426 successores
1181 1383 1260 1445 suos,
1277 1384 1373 1447 neque
1396 1361 1554 1448 aqentibas
1576 1383 1697 1426 sensum
1717 1361 1872 1446 prebeant,
1889 1369 1915 1426 et
1939 1364 2071 1426 inimicis
2093 1363 2158 1425 suis

340 1479 367 1536 et
389 1473 514 1535 illorum
538 1470 729 1535 masieatetll
745 1470 787 1534 ad
809 1491 899 1534 suam
923 1478 950 1534 et
972 1471 1097 1534 illortnn
1120 1470 1319 1534 damnitatem
1347 1490 1409 1533 non
1440 1469 1564 1534 sociabo.
1589 1469 1629 1533 In
1658 1470 1821 1552 festivitate
1849 1477 1950 1533 antem
1981 1476 2158 1534 satiatorum

341 1587 516 1663 creartprum
532 1579 716 1662 Apalerearis
737 1585 764 1640 et
787 1576 907 1659 Vitatis,
924 1585 1045 1660 eeceqrta
1060 1577 1239 1659 infirruitate
1253 1577 1291 1640 (2)
1304 1597 1408 1659 causa,
1424 1584 1479 1640 aut
1494 1584 1600 1640 coritra
1616 1578 1761 1640 canonica
1778 1579 1972 1640 excusacione
1986 1597 2055 1640 cum
2071 1576 2154 1638 ardi-

342 1686 430 1750 nibas
451 1707 514 1749 creec
537 1685 669 1749 Ecclesia
691 1684 860 1748 obedienter
883 1705 1041 1748 occurrere
1059 1686 1216 1768 promitto,
1231 1686 1294 1747 crisi
1310 1705 1371 1766 per
1390 1705 1479 1747 secam
1495 1705 1682 1769 satorumque
1704 1704 1906 1746 successorum
1930 1685 2085 1748 licenciam
2109 1704 2157 1746 re·

342 1814 492 1858 erraneam.
510 1792 576 1855 Sibi
598 1813 715 1877 quoque
739 1793 883 1855 Ariselmo
907 1794 1068 1856 raaernmti
1090 1791 1322 1876 archiepiscopo,
1346 1799 1372 1854 et
1398 1839 1539 1854 .....
1563 1791 1681 1872 lautiori,
1699 1811 1785 1875 quem
1811 1793 1843 1853 in
1869 1791 2023 1854 Romania
2045 1798 2100 1854 crat
2125 1793 2158 1854 in

341 1901 459 1964 Emitiu
481 1899 578 1983 turbet,
598 1903 659 1963 sice
680 1898 790 1963 habere
812 1898 905 1980 debet,
928 1897 1204 1984 successoribusque
1226 1900 1290 1962 sicis
1312 1899 1437 1961 odiatur
1461 1919 1511 1962 ero
1533 1898 1575 1961 ad
1597 1899 1761 1962 tenendum
1787 1945 1961 1962 ......
1985 1900 2156 1980 consitium,

342 2009 423 2094 quod
445 2008 521 2070 arrihi
544 2007 643 2070 credet
660 2027 721 2090 per
743 2028 773 2070 se
796 2007 841 2070 cel
858 2028 918 2090 per
940 2026 1032 2069 sutem
1059 2014 1175 2070 eertum
1206 2007 1365 2088 aesernium,
1389 2005 1431 2068 ad
1460 2026 1551 2068 saara
1579 2005 1728 2068 damnum
1758 2027 1816 2089 per
1846 2007 1969 2070 retritum
1999 2007 2157 2088 inpenium

343 2165 350 2180 .
369 2167 376 2180 .
395 2165 402 2179 .
420 2116 499 2178 ndens
521 2122 630 2197 terras,
648 2115 791 2198 paludes,
804 2116 969 2198 piscarias,
986 2114 1087 2195 circes,
1103 2113 1201 2195 uillas,
1217 2114 1349 2196 castella,
1370 2134 1422 2176 seu
1445 2133 1562 2176 ornnem
1586 2112 1768 2177 irrtrnabilem
1783 2115 2001 2198 possessionem
2018 2161 2155 2176 ......

342 2223 473 2287 Ecclesia
496 2244 576 2305 mee,
598 2243 655 2306 que
676 2243 736 2305 per
759 2221 970 2305 emphyteosim
997 2222 1042 2284 uel
1058 2228 1186 2304 pactcuu
1209 2221 1348 2284 ordinate
1371 2241 1432 2283 aare
1455 2227 1537 2302 stad,
1554 2222 1599 2284 eet
1621 2223 1654 2283 iu
1674 2221 1824 2303 faturum
1843 2219 1974 2286 Ecclesia
1996 2241 2059 2284 rnee
2083 2221 2156 2283 reci-

341 2333 444 2394 derint
466 2329 577 2414 absque
599 2351 656 2392 sua
679 2349 865 2412 setarumque
879 2348 1083 2392 successorum
1107 2329 1232 2391 licencia
1253 2349 1310 2411 per
1332 2326 1544 2411 errqurqteosim
1560 2328 1748 2411 valpertum
1773 2349 1835 2391 aon
1858 2326 2023 2391 ordinabo:
2046 2328 2157 2412 tapetas

342 2461 459 2525 quoqne
482 2445 583 2502 sande
606 2439 782 2500 racc-eunetis
803 2434 934 2500 Ecclesia
952 2437 995 2499 cet
1009 2456 1079 2498 snos
1101 2455 1280 2499 successores
1297 2456 1358 2518 per
1380 2455 1427 2497 me
1450 2441 1651 2518 tremseantcS,
1668 2442 1723 2498 aut
1745 2435 1788 2498 ad
1809 2456 1856 2498 me
1880 2437 2028 2498 sarcientes
2045 2483 2156 2500 .....

342 2546 417 2609 mihi
441 2553 545 2609 notum
565 2545 664 2627 fuerit
688 2591 862 2607 ......
887 2544 1035 2626 susipiam
1058 2549 1084 2605 et
1107 2541 1284 2605 lrrcrauniter
1305 2541 1447 2605 tractabo.
1473 2539 1522 2604 Sic
1546 2541 1633 2604 treus
1656 2544 1735 2605 enim
1758 2541 1891 2623 adiacet,
1908 2550 1935 2605 et
1956 2541 2068 2604 Sancta
2093 2544 2157 2605 eius

342 2653 511 2737 Eeaupelia
536 2676 566 2714 ν.

430 2760 549 2822 Actum
573 2765 622 2821 est
645 2758 706 2821 hoc
731 2757 763 2819 in
787 2756 954 2842 presencia
977 2755 1106 2819 Alherti
1130 2755 1346 2819 archidiaconi
1378 2764 1487 2821 saneto
1520 2755 1705 2819 ravennatis
1735 2755 1898 2836 Ecclesia,
1924 2761 1956 2818 ct
1988 2755 2157 2841 presbiteri

342 2866 514 2930 (inaruerii
540 2912 744 2928 .......
771 2862 928 2926 (luidonis
952 2869 984 2926 et
1007 2862 1138 2926 Viriani
1163 2862 1300 2942 diaconi,
1317 2862 1538 2945 cardinalium,
1564 2870 1595 2925 ot
1619 2862 1766 2948 magistri
1788 2861 1950 2944 Mazoliui,
1968 2869 2000 2925 et
2021 2861 2156 2945 Ugonis,

343 2971 554 3057 quorumdam
576 2970 803 3034 canonicorum
825 2968 926 3053 ipsius
950 2967 1139 3030 mutinensis
1163 2967 1306 3031 Ecclesia
1324 2974 1356 3031 et
1373 2967 1519 3032 Gnidotti
1534 2969 1591 3030 tilii
1607 2967 1794 3051 Marrfretdi]
1820 3018 1826 3032 .
1852 3018 1859 3032 .
1885 3017 1892 3032 .
1917 2967 1987 3030 ardi
2011 2968 2049 3031 da
2069 2967 2157 3030 Ran-

342 3102 436 3164 gonc,
454 3088 485 3142 ot
509 3079 646 3141 aliorum
669 3077 793 3141 Mutine
818 3075 973 3140 nobilium
997 3082 1028 3138 et
1051 3084 1264 3138 serenitatum
1289 3074 1445 3139 (trudonis
1471 3124 1645 3140 ......
1671 3083 1703 3139 et
1727 3076 1883 3140 (luidonis
1908 3077 1946 3140 de
1971 3075 2158 3159 Ungarucio

319 3195 373 3249 'ct
397 3187 528 3249 Fontini
553 3183 779 3270 pensaurensis
805 3231 979 3246 ......
1005 3182 1144 3246 doctoris
1169 3190 1201 3245 et
1225 3183 1360 3246 aliorum
1386 3205 1482 3267 quarn
1507 3183 1647 3268 plurium
1671 3205 1807 3269 quornm
1824 3185 1954 3248 nomina
1970 3184 2067 3266 longa
2084 3190 2158 3246 sunt

342 3296 383 3358 ad
407 3293 621 3358 scribendum.

431 3403 502 3486 Ego
533 3401 695 3465 Iohannes
724 3399 856 3464 tabellio
890 3405 921 3462 et
945 3399 1088 3463 notarius
1118 3405 1227 3462 secrete
1252 3401 1438 3462 ravennatis
1461 3399 1606 3464 Ecclesie
1631 3400 1743 3486 scripsi
1766 3400 1826 3464 hoc
1852 3449 2025 3464 ......
2051 3400 2158 3463 omnia

342 3509 548 3594 infrascripta
571 3516 606 3571 ut
630 3507 695 3570 vidi
721 3515 752 3571 et
776 3507 885 3570 audiri
910 3514 941 3569 ot
964 3505 1105 3569 interfui.

1229 3825 1269 3889 V.

1072 4041 1169 4123 1168,
1194 4041 1239 4102 30-
1259 4041 1431 4105 clecernbris.

647 4255 699 4318 Ex
722 4254 852 4318 archivo
878 4253 981 4340 Capit.
1008 4255 1144 4340 Metrop.
1170 4255 1306 4336 bonon,
1332 4275 1416 4318 nunc
1441 4255 1472 4318 in
1498 4255 1578 4320 Tab.
1603 4257 1692 4320 Max.
1717 4258 1854 4341 bonon,

848 4368 924 4425 sect.
947 4387 961 4417 ‹
986 4361 1170 4426 Demarciale
1194 4387 1224 4444 ι»,
1249 4384 1334 4426 num.
1355 4345 1423 4458 ἐξ,
1448 4362 1518 4426 doc..
1544 4366 1584 4426 29
1600 4365 1648 4428 (3).

310 4659 317 4666 ο
429 4577 616 4640 Alexander
640 4577 819 4662 opiscopus,
845 4597 957 4639 servus
981 4597 1147 4640 servorum
1171 4575 1250 4658 Dei,
1276 4577 1400 4640 dilectis
1424 4577 1498 4640 filiis
1521 4578 1687 4643 Bonifatio
1713 4580 1939 4645 archidiacono
1968 4589 2000 4646 et
2023 4583 2159 4649 Alberto

339 4685 608 4772 archipresbitero
632 4685 766 4748 ecclesie
792 4684 895 4746 sancti
918 4682 1009 4747 Petri
1031 4683 1239 4747 bononiensis
1263 4706 1437 4770 eorumque
1462 4685 1627 4769 fratribus,
1644 4694 1711 4751 tarn
1728 4689 1931 4774 presentibus
1954 4712 2050 4775 quarn
2074 4692 2160 4755 lutu-

340 4795 382 4856 ris
406 4793 559 4856 canonice
583 4791 824 4855 substituendis.
850 4791 888 4854 In
912 4797 1113 4876 perpetuum.

427 4899 587 4963 Effectum
608 4900 697 4982 justa
719 4898 957 4985 postulantibus
982 4897 1150 4983 indulgere
1175 4905 1207 4962 et
1230 4899 1323 4983 vigor
1347 4901 1498 4985 equitatis
1522 4907 1554 4964 et
1579 4902 1656 4966 ordo
1686 4903 1788 4987 exigit
1815 4903 1966 4987 rationis,
1991 4907 2160 4990 presertim

339 5007 467 5092 quando
492 5007 670 5092 petentium
693 5006 893 5069 voluntatem
917 5006 1020 5090 pietas
1045 5005 1189 5089 adjuvat,
1206 5012 1238 5069 et
1261 5006 1381 5070 veritas
1405 5029 1469 5071 non
1493 5009 1654 5094 relinquit.
1676 5009 1725 5073 Ea
1746 5018 1887 5096 propter,
1905 5011 2013 5074 dilecti
2036 5013 2069 5075 in
2093 5013 2159 5077 Do-

340 5115 425 5177 mino
449 5114 519 5196 filij,
545 5112 659 5176 vestris
681 5112 776 5196 justis
800 5111 1070 5197 postulationihus
1095 5112 1269 5175 clementer
1292 5114 1473 5196 corruimus,
1495 5121 1527 5178 et
1550 5116 1710 5200 prefatam
1735 5117 1904 5181 ecclesiam
1928 5120 2031 5183 sancti
2058 5120 2158 5202 Patri,

340 5223 371 5285 iu
396 5241 459 5306 qua
484 5219 592 5284 divino
621 5220 697 5282 estis
730 5219 883 5303 obsequio
917 5219 1109 5304 nranoipati,
1135 5219 1194 5282 sub
1224 5219 1312 5283 beati
1342 5221 1432 5285 Petri
1463 5229 1495 5285 et
1526 5231 1636 5286 nostra
1669 5225 1865 5309 protectione
1898 5228 2106 5313 suscipimus,
2128 5236 2160 5293 et

339 5329 494 5415 presentis
520 5328 629 5412 scripti
653 5327 822 5412 privilegio
847 5327 1089 5409 communimus,
1107 5334 1285 5391 statuentes
1306 5335 1342 5392 ut
1365 5351 1583 5414 quascumque
1599 5332 1828 5416 possessiones,
1846 5355 2046 5421 quecumque
2074 5336 2160 5400 bona

338 5437 450 5500 eadem
475 5436 612 5499 ecclesia
635 5435 668 5498 in
692 5435 927 5520 presentiarum
948 5434 1034 5516 justo
1058 5441 1091 5497 et
1115 5435 1267 5499 canonice
1287 5437 1440 5521 possidet,
1458 5444 1514 5500 aut
1530 5439 1561 5500 in
1579 5438 1722 5502 futurum
1740 5443 1944 5506 concessione
1960 5443 2159 5527 pontificum,

339 5544 533 5608 liberalitate
558 5564 671 5627 regum
695 5541 747 5604 vel
771 5541 969 5627 principum,
995 5541 1157 5605 oblatione
1181 5541 1340 5625 fidelium,
1366 5565 1422 5607 seu
1453 5543 1524 5606 aliis
1556 5545 1647 5608 iustis
1672 5545 1789 5628 modis,
1812 5555 1977 5633 prestante
2000 5549 2158 5634 Domino,

340 5651 456 5736 poterit
480 5650 624 5736 adipisci,
642 5649 735 5712 firma
758 5649 849 5713 vobis
879 5649 1058 5734 vestrisque
1082 5650 1319 5713 suecessoribus
1347 5657 1379 5714 et
1403 5650 1528 5715 illibata
1552 5660 1773 5738 permaneant.
1798 5655 1837 5718 In
1862 5656 1976 5740 quibus
2001 5657 2060 5721 hec
2084 5680 2158 5743 pro·

338 5759 416 5843 priis
440 5757 590 5821 duximus
615 5756 826 5843 exprimenda
850 5755 1032 5819 vocabulis:
1057 5757 1226 5820 ecclesiam
1243 5759 1346 5821 sancti
1361 5758 1382 5822 J
1385 5758 1497 5823 oannis
1519 5759 1676 5845 Baptista,
1694 5762 1863 5825 ecclesiam
1880 5771 1989 5827 sancte
2006 5764 2109 5829 Maris
2126 5765 2158 5830 in

339 5864 535 5946 hlontovalo,
554 5864 722 5928 ecclesiam
746 5863 849 5928 sancti
865 5863 975 5949 Egidij
989 5865 1085 5948 juxta
1103 5863 1266 5948 Sarinam,
1284 5866 1453 5930 ecclesiam
1470 5868 1572 5931 sancti
1587 5867 1678 5931 Petri
1693 5869 1726 5931 in
1744 5868 1971 5954 Castagnaolo,
1989 5872 2159 5954 ecelesiam

339 5973 442 6036 sancti
465 5973 634 6037 Michaelis
659 5972 697 6036 de
720 5973 895 6057 Argelata,
921 5979 952 6036 et
975 5973 1102 6059 plebem
1125 5973 1301 6057 Medicina,
1326 5976 1495 6040 ecclesiam
1524 5983 1632 6041 sancte
1656 5977 1758 6041 llario
1784 5978 1822 6042 de
1846 5977 1976 6062 Vincis,
2002 5987 2034 6044 et
2057 5981 2158 6044 eccle-

419 6259 458 6322 (1)
479 6257 522 6307 Sic
541 6273 590 6326 pro
612 6273 627 6307 c
646 6263 787 6310 neanenate
806 6277 830 6308 r.

418 6349 456 6412 (2)
477 6346 529 6398 Sic.

418 6439 457 6502 (3)
477 6435 517 6488 cl.
532 6435 604 6488 Serti
624 6441 651 6489 et
671 6453 761 6490 comes
781 6436 886 6489 Sevioli
905 6438 1040 6504 (elatrat,
1059 6440 1112 6491 rol.
1126 6439 1179 6506 11.,
1200 6457 1258 6509 par.
1271 6441 1323 6506 11.,
1342 6457 1368 6508 p.
1383 6443 1438 6507 't-9,
1452 6439 1491 6493 n.⁰
1502 6440 1635 6510 CXCIV.)
1656 6443 1757 6495 bullam
1780 6444 1982 6512 exscripserunt
2001 6449 2029 6495 et
2047 6443 2159 6496 «utero

339 6528 438 6578 Arium
461 6547 474 6576 a
496 6528 608 6579 archivi
628 6526 792 6596 capitularis
812 6545 833 6579 s.
850 6529 925 6580 Petri
945 6529 1049 6580 Bonan.
1068 6530 1148 6582 Nunc
1167 6532 1278 6598 prodest
1297 6547 1331 6583 ex
1351 6533 1476 6602 originali
1495 6532 1571 6584 bulte
1590 6534 1617 6585 in
1638 6533 1930 6588 areciretinam.
1950 6539 2067 6586 serrata.
