5484 7746
771 669 1001 720 senosanam
1030 671 1080 720 an
1108 669 1363 720 caonassoans
1392 671 1503 721 sarrs
1531 671 1723 722 nornmnu
2074 652 2148 724 203

336 822 456 908 scripti.
473 821 582 908 Hujus
606 824 653 907 rej
677 830 775 887 testes
797 831 871 888 sunt
889 823 1103 907 Guillielmus,
1121 826 1342 890 ravenatensis
1359 826 1492 890 ecclesie
1510 826 1778 912 archiepiscopus,
1795 826 1992 909 Bernardus,
2010 825 2151 891 fanensis

336 929 515 1015 episcopus,
539 931 619 1013 Ano,
645 931 787 994 marchio
812 932 957 1014 estensis,
981 931 1066 1018 Ugo,
1092 953 1197 997 comes
1221 932 1377 1014 Lavanie,
1401 933 1563 998 Robertns
1587 933 1626 996 de
1650 933 1782 1016 Durcia,
1798 933 1960 998 Hauricns
1977 934 2151 999 Maresoal-

336 1037 415 1101 ebus
438 1036 478 1101 de
501 1037 626 1119 Rhen,
651 1036 890 1122 Aldribandns,
914 1039 1089 1102 ubertanns
1112 1040 1297 1124 episcopus,
1321 1039 1497 1122 Robertus,
1523 1061 1628 1104 eomes
1659 1040 1698 1104 de
1729 1040 1904 1126 Stringat,
1928 1040 2150 1123 Lumbardus,

336 1165 459 1227 comes,
484 1143 656 1226 Gofredus,
680 1166 786 1209 comes
810 1145 850 1208 dc
875 1145 1065 1230 Saraponte,
1090 1153 1122 1210 et
1145 1146 1201 1209 alii
1225 1147 1463 1232 quamplures.
1490 1146 1626 1231 Signum
1650 1169 1763 1211 manus
1787 1147 1922 1212 Henrici
1946 1149 2030 1211 sexti
2054 1148 2152 1234 impe-

422 1358 494 1443 Ego
519 1357 681 1441 Coradus,
708 1358 882 1444 imperialis
906 1359 979 1422 aule
1004 1359 1224 1441 cancelarius,
1249 1358 1463 1423 vicedomini
1495 1359 1623 1442 Odnlli,
1648 1361 1839 1425 coloniensis
1870 1360 2150 1442 archicancelarii,

336 1465 520 1550 recognovj.

425 1573 509 1637 Acta
533 1580 607 1636 sunt
629 1573 688 1637 hec
713 1594 797 1636 anno
821 1572 952 1637 Domini
976 1572 1146 1636 millesimo
1171 1574 1344 1638 centesimo
1362 1573 1570 1659 nonagesimo
1587 1575 1709 1658 quinto,
1727 1558 1899 1639 indictione
1917 1574 2151 1654 terciodecimo,

336 1686 492 1764 regnante
516 1679 644 1744 domino
667 1679 810 1744 Henrico
834 1685 945 1760 sexto,
970 1701 1176 1743 romanorum
1198 1680 1393 1766 imperatore
1418 1680 1665 1764 gloriosissimo,
1690 1701 1774 1746 anno
1799 1689 1831 1745 et
1854 1682 1945 1766 regni
1969 1683 2040 1765 ejus
2063 1681 2151 1766 vige-

335 1787 415 1852 simo
439 1793 542 1867 sexte,
569 1786 694 1872 imperii
717 1809 793 1850 vero
818 1787 939 1871 quinto,
964 1794 996 1851 et
1020 1787 1112 1871 regni
1135 1786 1245 1851 Cicilie
1270 1789 1383 1873 primo.

424 1893 546 1957 Datum
569 1893 745 1975 Placentie,
771 1901 885 1978 quarto
909 1894 1065 1958 kalendas
1088 1894 1183 1978 junij.

1220 2215 1265 2278 ll.

1094 2428 1191 2508 1245,
1218 2428 1259 2489 13
1283 2430 1397 2491 rrrnrtii.

828 2638 878 2702 Ex
904 2639 1017 2703 codem
1043 2639 1181 2724 Regiatro
1207 2641 1329 2722 Grosso,
1354 2640 1408 2702 lib.
1434 2639 1497 2722 ll.,
1522 2661 1548 2703 e.
1575 2642 1593 2702 3
1619 2635 1658 2702 r.⁰

423 2851 495 2915 Iloc
520 2858 568 2915 cst
592 2851 777 2937 exemplum
801 2853 970 2936 cujusdam
995 2853 1197 2916 instrumenti
1225 2853 1345 2939 publici
1380 2853 1551 2934 autentici,
1577 2853 1769 2916 continentis
1802 2854 1917 2916 seriem
1947 2862 1980 2917 ct
2007 2865 2151 2918 tenorem

334 2959 496 3045 privilegij
521 2979 540 3020 a
565 2958 699 3022 condam
725 2959 853 3023 domino
877 2959 1050 3023 Frederieo
1074 2982 1279 3024 romanorum
1303 2960 1446 3046 principe
1470 2960 1603 3041 indulto,
1629 2967 1661 3023 et
1684 2960 1807 3024 dato(¹)
1822 2961 1889 3024 viro
1906 2960 2004 3024 nobili
2023 2960 2150 3024 domino

333 3067 535 3130 Bertholotto
561 3065 723 3150 quondam
746 3066 867 3130 domini
891 3067 981 3130 Petri
1005 3067 1044 3130 de
1061 3067 1235 3130 Venernsis
1252 3068 1283 3130 in
1299 3067 1496 3130 Lombardia
1514 3067 1637 3130 comitis
1654 3067 1799 3152 palatini,
1817 3089 1913 3152 super
1939 3067 2151 3131 concedendis

334 3173 502 3236 ordinariis
523 3172 816 3257 jurisdictionibus,
841 3181 873 3237 et
896 3174 1043 3238 creandis
1068 3174 1306 3256 tabellionibus,
1332 3174 1549 3259 legitimaudis
1574 3175 1708 3259 spuriis,
1733 3183 1765 3237 et
1788 3174 1859 3237 aliis
1883 3175 2028 3259 pluribus
2053 3175 2150 3240 hono·

333 3281 421 3343 ribus
445 3288 476 3343 et
500 3279 683 3362 beneficiis3
709 3282 800 3364 eujus
825 3282 1030 3345 instrumenti
1054 3282 1172 3365 integri
1196 3289 1227 3344 et
1253 3283 1446 3367 incorrupti,
1471 3283 1559 3345 etin
1584 3282 1673 3344 nulla
1697 3283 1746 3344 sui
1777 3289 1869 3367 parte
1904 3281 2034 3363 viciosi,
2059 3289 2151 3346 tenor

332 3388 405 3451 talis
430 3395 494 3450 est:

421 3493 458 3556 ln
484 3495 611 3558 nomine
635 3503 745 3557 sancte
763 3502 796 3557 et
812 3493 975 3557 individue
993 3494 1170 3557 Trinitatis.
1188 3494 1378 3558 Frcrlericus
1395 3495 1564 3575 secundus,
1582 3494 1691 3556 divina
1709 3493 1837 3557 favente
1854 3493 2023 3557 clementia
2045 3514 2150 3555 roma-

332 3623 445 3664 norum
470 3601 643 3686 imperator
667 3610 698 3665 et
722 3623 848 3686 semper
872 3613 1039 3686 augustus,
1057 3601 1240 3665 Jerusalem
1264 3611 1296 3664 et
1321 3601 1429 3666 Sicilie
1453 3623 1522 3665 rex.
1546 3601 1591 3665 Ut
1614 3601 1816 3686 singulorum
1839 3601 1962 3664 animos
1987 3599 2028 3662 ad
2048 3599 2148 3662 fideli-

331 3709 406 3771 tatis
430 3715 538 3772 nostre
563 3709 718 3794 obsequia
742 3708 902 3772 efficacius
927 3709 1117 3790 invitemus,
1142 3716 1174 3771 et
1197 3708 1340 3772 fidelium
1364 3718 1488 3773 mentes
1513 3709 1543 3772 in
1568 3709 1630 3771 fide
1654 3709 1833 3772 efficiantur
1857 3707 2005 3772 fortiores
2034 3708 2150 3770 mentis

331 3836 453 3896 eorum,
479 3837 558 3901 quos
579 3816 648 3900 jam
672 3815 793 3878 dudum
816 3815 847 3878 in
873 3816 1007 3900 agendis
1031 3816 1149 3879 nostris
1173 3823 1204 3879 et
1229 3816 1355 3901 imperij
1380 3815 1561 3879 invenimus
1585 3823 1617 3878 et
1640 3815 1765 3900 experti
1789 3836 1909 3897 snrrrus,
1934 3815 2019 3877 omni
2044 3814 2149 3877 studio

331 3923 515 3986 exercitatis
539 3924 715 3987 honoribus
739 3930 771 3986 et
794 3923 891 4007 regiis
920 3923 1083 3987 benefieiis
1108 3924 1332 3986 corvsncvimns
1361 3945 1559 4008 promovere,
1584 3923 1667 3986 inter
1691 3943 1770 4007 qnos
1794 3929 1937 3986 nostrum
1966 3921 2094 3984 fidelem
2118 3929 2150 3984 et

331 4029 523 4093 familiarem
547 4030 789 4093 Bertholoctum
813 4029 961 4093 comitem
985 4030 1086 4093 lilium
1109 4029 1200 4093 Petri
1222 4029 1397 4112 Venerosi,
1422 4030 1546 4093 comitis
1578 4030 1714 4115 palatini
1744 4028 1783 4092 de
1815 4029 1901 4114 Ripa
1933 4027 2035 4091 insule
2069 4028 2149 4112 Sug-

331 4137 417 4199 zarie
434 4145 466 4200 et
481 4137 623 4200 Bardine
648 4136 782 4222 imperio
806 4136 945 4218 fidelem,
963 4144 1134 4221 nostreque
1152 4137 1331 4220 majestatis
1348 4137 1499 4200 devotum
1520 4144 1785 4222 recognoscentes
1803 4142 1834 4198 et
1851 4135 2033 4198 omnimodo
2057 4135 2148 4198 obse·

332 4243 496 4329 qniosnm;
521 4243 723 4307 attendentes
747 4243 786 4306 de
811 4243 1042 4306 consuetudine
1066 4244 1282 4307 benivolentia
1311 4253 1419 4307 nostre
1451 4244 1602 4328 largitate
1633 4255 1798 4327 tamqnam
1829 4242 2025 4306 benemerito
2057 4242 2148 4327 regia

333 4350 476 4413 volentes
502 4349 696 4435 respondere
719 4351 1032 4435 recompensatione,
1056 4350 1169 4414 damus
1194 4352 1241 4433 ei,
1266 4350 1357 4432 filiis,
1382 4351 1553 4415 heredibus
1578 4351 1644 4413 suis
1668 4351 1699 4413 in
1723 4356 1928 4434 perpetuum,
1954 4358 2050 4434 atque
2074 4370 2147 4413 cou-

331 4456 480 4519 cedimus'
495 4457 567 4539 jure
592 4455 790 4520 honorabilis
815 4457 902 4520 feudi
927 4463 959 4520 et
982 4457 1171 4520 investitura
1195 4459 1384 4521 facultatem
1408 4479 1445 4521 ac
1469 4457 1604 4520 liberam
1626 4464 1819 4542 potestatem
1851 4455 2021 4519 ordinandi
2044 4462 2076 4518 et
2099 4457 2146 4518 sa-

331 4563 435 4626 ciendi
458 4563 541 4627 filios
564 4563 735 4648 legitimos,
754 4565 808 4649 qni
832 4586 895 4628 uon
920 4573 994 4628 sunt
1017 4564 1164 4648 legitimi,
1182 4573 1214 4628 et
1237 4565 1319 4628 filios
1344 4564 1512 4650 adoptivos
1536 4577 1568 4628 et
1588 4564 1714 4649 jndices
1739 4563 1918 4628 ordinarios
1942 4572 1974 4626 et
1994 4563 2146 4644 notarios,

331 4679 362 4733 et
385 4669 501 4734 eetiam
526 4671 672 4756 accipere
697 4678 729 4734 et
754 4671 875 4734 ellncre
899 4679 931 4734 et
955 4672 1126 4736 extrahere
1151 4672 1231 4736 duos
1255 4672 1401 4736 homines
1426 4671 1676 4758 condempnatos
1701 4672 1731 4734 in
1749 4691 1887 4757 persona
1904 4677 1936 4733 et
1952 4671 1983 4732 in
2000 4670 2147 4756 pecnnia,

330 4776 369 4840 de
387 4777 493 4844 banno
510 4785 542 4841 et
558 4778 740 4841 carceribus
757 4778 929 4862 cujuslibet
946 4779 1100 4861 comunis,
1114 4779 1263 4861 civitatis,
1276 4779 1329 4842 vel
1345 4778 1442 4842 castri
1458 4778 1500 4842 ad
1516 4778 1715 4842 voluntatem
1732 4777 1782 4841 sni
1802 4777 1871 4840 sine
1896 4777 2147 4841 contradictione

320 4884 381 4946 vel
405 4885 628 4948 molestatione
653 4885 790 4968 alicujus
815 4906 952 4970 persone
977 4886 1170 4972 ubicumque
1195 4886 1314 4949 fuerint
1338 4907 1395 4972 per
1418 4893 1521 4949 totum
1545 4906 1712 4949 romanum
1737 4884 1924 4970 Imperium,
1942 4885 2009 4947 sine
2027 4893 2147 4966 uestra,

330 4998 577 5076 nostrorumque
601 5013 822 5056 suceessorum
845 4999 878 5055 et
901 4993 1084 5077 aliquarum
1113 5013 1324 5079 personarum
1352 4993 1623 5074 contradictione,
1647 4993 1719 5076 lege
1748 4992 1858 5076 aliqua
1888 5013 1952 5055 non
1984 4991 2146 5073 obstante,

330 5104 362 5162 et
386 5098 442 5161 illa
467 5099 629 5184 precipue,
647 5120 709 5183 que
733 5098 907 5182 legitimari
931 5101 1067 5186 spurios,
1085 5100 1146 5164 nisi
1170 5121 1212 5164 ex
1236 5108 1324 5164 certa
1348 5099 1482 5164 scientia
1503 5121 1567 5163 non
1583 5100 1748 5185 permittit.
1766 5099 1818 5162 lta
1835 5098 1919 5184 quod
1941 5119 2146 5183 quoscunque

330 5205 452 5287 feeerit,
477 5206 601 5291 possint
625 5205 796 5269 succedere
820 5206 991 5270 hereditati
1016 5206 1134 5292 patris,
1160 5214 1191 5270 et
1215 5207 1302 5270 omni
1326 5207 1382 5290 alij
1407 5227 1539 5270 snorum
1565 5215 1730 5292 tamquam
1754 5206 1824 5270 veri
1847 5213 1880 5269 et
1903 5205 2038 5290 legitimi
2061 5206 2147 5268 cives

330 5313 464 5394 romani,
490 5320 523 5376 et
545 5313 653 5375 omma
677 5311 781 5376 officia
806 5319 837 5376 ct
857 5313 1022 5397 judicatus
1045 5321 1076 5376 et
1100 5321 1172 5377 acta
1197 5313 1339 5399 publica,
1365 5319 1547 5377 contractus
1572 5313 1773 5376 conscribere
1797 5319 1893 5397 atque
1917 5311 2090 5392 conticere,
2116 5309 2158 5373 et

330 5420 437 5482 omnia
461 5418 568 5483 faeere
592 5427 624 5483 ct
646 5441 815 5502 exercerc,
840 5442 901 5505 qne
933 5421 974 5483 ad
1005 5420 1075 5506 ipsa
1106 5421 1335 5484 tabellionatus
1367 5427 1399 5483 et
1426 5420 1590 5504 judicatus
1620 5419 1724 5483 officia
1747 5419 1786 5482 de
1808 5421 1881 5503 jure
1906 5418 2066 5503 pertinere
2090 5439 2146 5481 no·

329 5534 462 5591 scantur
485 5527 518 5590 in
543 5548 733 5612 quacunque
757 5534 850 5612 parte
874 5527 994 5590 luerint
1018 5527 1150 5614 imperii
1173 5529 1362 5610 memorati,
1387 5528 1470 5591 sient
1493 5549 1512 5590 a
1537 5527 1628 5590 nobis
1653 5526 1721 5590 sine
1753 5534 1863 5590 nostra
1886 5525 2037 5608 largitate
2061 5524 2147 5587 dieta

330 5633 434 5698 officia
458 5635 656 5719 optinerent,
681 5643 716 5696 ut
740 5633 778 5698 de
803 5656 909 5721 penna
934 5643 966 5698 et
990 5635 1164 5699 calamario
1188 5641 1221 5699 et
1241 5635 1389 5720 judicatu
1412 5635 1513 5720 possit
1536 5641 1568 5698 et
1591 5633 1700 5697 valeat
1722 5633 1875 5698 investire
1899 5632 2037 5696 eosdem.
2061 5631 2104 5694 nt
2127 5653 2147 5694 a

329 5749 439 5805 nostra
463 5742 552 5805 curia
576 5741 769 5826 ubicumque
794 5742 891 5806 suerit
915 5763 973 5827 pro
998 5742 1030 5804 in
1055 5742 1140 5806 victu
1166 5749 1198 5806 et
1221 5743 1339 5806 vestitu
1363 5749 1396 5806 et
1419 5743 1632 5822 nutrimento,
1658 5741 1828 5804 alimonias
1851 5761 1909 5826 pro
1939 5761 1991 5821 se,
2016 5739 2146 5824 suisque

329 5848 538 5912 servitoribus
555 5855 587 5911 et
604 5849 704 5932 equis,
722 5849 983 5934 quotiescumque
1008 5849 1070 5912 sibi
1092 5850 1260 5935 placuerit,
1286 5849 1453 5934 condignis
1477 5857 1508 5913 ct
1529 5849 1759 5914 sufficientibus
1776 5848 1932 5934 accipere.
1950 5847 1992 5910 Et
2009 5846 2146 5932 quadra-

329 5956 420 6040 ginta
443 5956 592 6018 marchas
615 5955 692 6018 boni
716 5963 748 6019 et
771 5956 827 6019 fini
844 5957 970 6040 argenti
987 5957 1073 6020 omni
1090 5977 1174 6020 anno
1192 5979 1249 6042 pro
1266 5956 1420 6041 adjuncta
1437 5955 1524 6019 feudi
1541 5956 1761 6042 suprascripti.
1779 5955 2012 6019 Contirmamns
2029 5954 2145 6016 eetiam

329 6064 437 6126 onrrria
460 6063 631 6148 privilegia
655 6084 674 6125 a
699 6064 815 6128 nostris
839 6064 1120 6150 predecessoribus
1144 6065 1248 6128 eidem
1275 6064 1532 6128 antecessoribus
1564 6064 1629 6126 suis
1659 6065 1728 6148 jam
1758 6063 1879 6127 dudum
1913 6062 2047 6125 indulta.
2074 6061 2145 6127 Sta·

330 6177 456 6233 tnentes
487 6177 519 6233 ct
549 6170 682 6233 tirmiter
712 6171 926 6257 precipientes
949 6193 989 6235 ne
1013 6173 1122 6257 aliqua
1147 6172 1328 6236 omnimodo
1352 6192 1491 6257 persona
1515 6171 1582 6234 alta
1605 6172 1657 6234 vel
1679 6171 1827 6252 humilis,
1851 6169 2070 6234 ecclesiastiea
2094 6168 2145 6230 vel

330 6278 494 6358 secularis,
518 6277 602 6340 hanc
626 6284 735 6341 nostre
760 6278 974 6342 concessionis
999 6285 1031 6343 ct
1055 6279 1305 6343 confirmationis
1333 6279 1470 6342 formam
1500 6278 1693 6363 iufringere,
1718 6277 1770 6341 vcl
1801 6278 1832 6341 ei
1862 6299 1942 6340 ausu
1974 6275 2144 6339 temerario

408 6507 446 6570 (ι)
467 6504 518 6555 aa.
