5484 7746
625 617 701 688 274
892 640 1132 690 Monnunnrn
1153 639 1383 691 senosanam
1403 641 1454 691 AD
1475 641 1639 693 CLASSEM
1659 642 1978 694 Aacfflnmconoa.
2000 644 2102 698 EGOL.
2124 645 2210 697 Bon.

625 792 708 856 banc
731 794 885 878 paginam
910 801 1017 858 nostre
1040 793 1290 859 confirmationis
1307 795 1481 880 infringere
1507 796 1559 859 rel
1582 795 1611 859 ei
1636 817 1715 859 ausu
1740 797 1911 860 temerario
1932 798 2102 862 contraire.
2121 798 2155 863 si
2172 800 2243 886 quis
2261 807 2368 865 autem
2384 803 2443 868 hoe

623 905 815 986 attemptare
832 901 1081 986 presumpserit,
1099 901 1353 986 indignationem
1378 902 1605 987 omnipotentis
1628 903 1690 967 Dei
1715 910 1746 968 et
1771 903 1938 968 beatorum
1959 905 2048 968 Petri
2065 911 2097 970 et
2112 905 2207 970 Pauli
2226 909 2442 994 apostolorum

623 1006 692 1069 eius
716 1027 750 1070 se
775 1005 899 1070 noverit
923 1006 1136 1089 incursurum,
1161 1008 1334 1071 autoritate
1359 1008 1444 1071 sedis
1469 1008 1643 1094 apostolice
1673 1009 1705 1072 in
1739 1009 1887 1072 omnibus
1910 1031 2037 1096 semper
2060 1013 2160 1076 salva.
2186 1013 2307 1076 Datum
2332 1014 2442 1100 Sigine

622 1111 774 1176 kalendis
793 1112 883 1197 julii,
908 1114 1113 1198 pontificatus
1145 1114 1246 1178 nostri
1270 1135 1354 1178 anno
1378 1115 1514 1200 septimo
1540 1129 1576 1178 ».'

711 1220 749 1282 In
775 1221 866 1303 cujus
891 1221 938 1284 rei
962 1221 1181 1286 testimonium
1205 1221 1346 1308 presenti
1369 1223 1487 1308 pagine
1512 1230 1656 1286 nostrum
1681 1223 1823 1308 sigillum
1847 1223 1991 1309 pendens
2010 1227 2130 1310 apponj
2147 1226 2291 1309 fecimus,
2310 1251 2367 1314 per
2382 1229 2442 1295 hoc

622 1326 718 1390 fldem
744 1328 960 1392 omnimodam
985 1328 1144 1392 habiture.

710 1433 832 1498 Datum
855 1434 1003 1499 Bononie
1025 1435 1084 1498 sub
1108 1457 1192 1500 auno
1216 1436 1347 1500 Domini
1370 1430 1429 1499 M?
1445 1431 1505 1500 ec.⁰
1520 1431 1613 1518 lxx.⁰,
1631 1436 1805 1501 indictione
1829 1438 2064 1522 terciedeeima,
2083 1439 2135 1504 dle
2159 1439 2282 1505 decimo
2303 1450 2441 1506 exeunte

622 1561 731 1604 mense
756 1541 993 1606 decembrislll.

1450 1811 1613 1877 XXXIII.

1363 2009 1460 2092 1298,
1486 2009 1528 2071 13
1552 2011 1699 2072 feretrarii.

1151 2203 1201 2266 Ex
1228 2204 1340 2268 eodem
1370 2231 1384 2262 ι
1410 2203 1505 2268 Libro
1529 2205 1644 2268 Ariana
1670 2231 1700 2289 v,
1725 2227 1790 2268 car.
1819 2209 1856 2270 19
1882 2204 1921 2270 r.⁰

710 2402 897 2466 Bonifacius
921 2401 1101 2488 episcopus,
1119 2422 1230 2464 servus
1255 2422 1421 2464 serrorum
1444 2399 1517 2482 Del,
1535 2401 1651 2465 dilecto
1675 2401 1740 2465 filio
1766 2400 1947 2485 G[uidoni],
1964 2403 2202 2468 Archidiacono
2219 2405 2364 2470 Ecclesia
2385 2406 2441 2470 bo-

621 2511 794 2591 noniensis,
819 2508 956 2572 salutem
980 2515 1012 2571 et
1036 2507 1536 2594 apostolicambenedictionem.

710 2617 791 2681 (lum
814 2617 846 2680 in
871 2617 1000 2680 civitate
1025 2616 1170 2679 Bononie
1196 2615 1354 2696 Studium,
1371 2635 1430 2700 per
1453 2615 1515 2678 Dei
1540 2615 1688 2700 gratiam,
1707 2616 1815 2700 vigeat
1847 2616 2009 2700 generale,
2028 2619 2077 2681 cui
2095 2619 2324 2683 Archidiacoui
2341 2620 2441 2700 bon07

620 2725 758 2805 nienses,
775 2723 830 2808 qui
853 2731 927 2786 sunt
949 2744 1008 2808 pro
1033 2730 1187 2807 ternpore,
1208 2742 1336 2807 preesse
1362 2729 1547 2800 noscuntur,
1565 2742 1602 2786 ac
1627 2722 1658 2784 in
1684 2721 1796 2785 eodem
1822 2721 1934 2786 Studio
1956 2725 2177 2808 consistentes,
2195 2724 2320 2811 qu[um]
2343 2725 2441 2789 licen-

619 2833 741 2895 tiantur
758 2831 790 2893 iu
808 2830 915 2914 aliqua
937 2830 1102 2911 facultate,
1121 2829 1283 2893 licentiam
1308 2829 1492 2912 hujusmodi
1516 2828 1556 2891 ab
1581 2828 1827 2892 Archidiaeonis
1845 2829 2003 2916 recipiant
2027 2831 2229 2917 supradietis,
2246 2839 2440 2918 propterque

619 2938 793 3024 plurimum
818 2937 966 3022 expedit,
992 2945 1026 3000 ut
1051 2945 1085 3000 tu
1109 2943 1141 3000 ct
1166 2956 1366 3000 successores
1390 2936 1437 2999 tui
1460 2935 1690 3000 Archidiacoui
1714 2935 1937 3019 bononienses,
1962 2937 2017 3022 qui
2041 2959 2098 3023 pro
2123 2947 2266 3025 tempore
2294 2940 2440 3021 fueritis,

568 3077 571 3083 ·
619 3045 826 3109 residentiam
851 3045 978 3108 faciatis
1002 3045 1034 3106 in
1058 3044 1171 3107 eadem
1195 3044 1331 3108 ecclesia
1354 3044 1567 3130 personalem,
1586 3065 1653 3126 nos,
1672 3051 1706 3107 ut
1730 3052 1763 3107 tu
1789 3050 1821 3107 et
1843 3043 1905 3128 ipsi
1928 3065 2128 3110 successores
2153 3047 2338 3131 hujusmodi
2360 3068 2441 3110 onus

619 3153 804 3234 residentis,
829 3153 870 3215 ad
895 3173 991 3236 quam
1015 3173 1072 3215 vos
1094 3152 1197 3214 terreri
1220 3152 1378 3232 volumus,
1403 3152 1531 3236 possitis
1556 3151 1753 3216 oonnuodius
1777 3159 1978 3237 supportare,
2003 3153 2172 3238 providere
2197 3155 2352 3236 volentes,
2376 3154 2440 3217 tuis

620 3260 909 3346 supplicationibus
934 3259 1090 3341 inclinati,
1108 3260 1166 3322 tibi
1190 3267 1222 3323 et
1246 3259 1367 3323 eisdem
1390 3258 1638 3340 successoribus,
1665 3259 1856 3322 auctoritate
1880 3259 2088 3345 presentium,
2109 3260 2324 3347 indulgemus,
2350 3269 2383 3326 ut
2408 3261 2442 3323 iu

619 3368 764 3454 predicta
788 3367 925 3431 ecelesia
948 3367 1162 3453 personaliter
1186 3366 1380 3449 residentes,
1404 3367 1545 3448 fructus,
1570 3366 1714 3429 redditus
1738 3373 1769 3429 et
1794 3373 1968 3451 proventus
2000 3367 2228 3432 beneficiorum
2256 3377 2441 3433 vestrorum

518 3547 525 3556 ,
617 3476 715 3539 etiarn
736 3476 762 3538 si
786 3475 960 3560 dignitates
985 3481 1041 3538 aut
1066 3481 1256 3559 personatus
1281 3474 1502 3557 existant,ch
1526 3473 1706 3537 animarum
1731 3494 1807 3536 eura
1831 3473 1894 3536 illis
1919 3473 2062 3557 imineat,
2080 3497 2152 3538 curn
2176 3497 2214 3540 ea
2237 3477 2367 3562 possitis
2391 3478 2441 3540 iu·

615 3582 767 3667 tegritate
791 3581 967 3668 percipere,
994 3581 1163 3645 cotidianis
1187 3581 1467 3645 distributionibus
1492 3580 1661 3644 dumtaxat
1685 3581 1849 3666 exceptis,
1875 3602 1947 3645 oum
1971 3603 2034 3667 qua
2058 3583 2266 3669 perciperetis
2290 3583 2439 3666 eosdem,

616 3691 643 3754 si
666 3691 699 3754 in
727 3691 848 3754 eisdem
877 3690 1040 3774 ecclesijs,
1065 3690 1098 3753 in
1129 3689 1245 3775 quibus
1276 3689 1462 3774 hujusmodi
1484 3689 1641 3753 beneficia
1665 3688 1794 3771 fuerint,
1820 3690 1969 3754 faceretis
1993 3691 2200 3754 residentiam
2223 3693 2440 3777 personalem,

616 3805 648 3862 et
672 3797 712 3861 ad
737 3797 944 3861 residendum
968 3797 1062 3860 aliter
1086 3798 1118 3860 in
1143 3796 1263 3860 eisdem
1288 3796 1431 3860 ecclesiis
1455 3796 1585 3859 minime
1610 3797 1794 3876 teneamini,
1820 3798 1989 3881 nequead
2014 3797 2045 3860 id
2070 3819 2089 3861 a
2114 3819 2275 3884 quoquam
2299 3801 2441 3864 coartari

619 3905 760 3990 possitis,
778 3926 841 3967 non
859 3905 1062 3968 obstantibus
1079 3903 1333 3990 quibuscumque
1350 3903 1519 3966 contrariis
1540 3903 1667 3966 statutis
1684 3909 1716 3967 et
1733 3903 2018 3969 consuetudinibus
2033 3905 2243 3970 ecclesiarum
2268 3907 2301 3970 in
2322 3907 2442 3992 quibus

615 4011 801 4097 hujusmodi
831 4012 988 4075 beneficia
1016 4011 1145 4092 fuerint,
1172 4012 1366 4095 juramento,
1391 4009 1633 4074 confirmatione
1658 4009 1750 4073 Sedis
1774 4011 1960 4095 Apostolice
1985 4014 2036 4076 rel
2061 4034 2262 4098 quacumque
2286 4013 2440 4078 firmitate

615 4121 679 4183 alia
704 4119 873 4202 roboratis,
898 4126 933 4182 ut
958 4119 984 4182 si
1008 4126 1043 4182 tu
1067 4118 1119 4182 vel
1140 4118 1242 4203 jidem
1266 4139 1465 4182 successores
1490 4138 1552 4180 nou
1577 4117 1726 4181 faceretis
1750 4117 1783 4180 in
1807 4117 1927 4182 eisdem
1955 4118 2098 4182 ecclesiis
2122 4119 2258 4206 primam
2272 4121 2311 4183 (Ξ)
2328 4143 2441 4207 perso-

614 4228 721 4290 nalem
746 4226 954 4290 residentiam
978 4233 1183 4309 oonsuetam,
1208 4247 1264 4290 seu
1290 4224 1439 4310 capitulis
1467 4225 1609 4310 ipsarum
1641 4224 1850 4289 ecclesiarum
1882 4226 1923 4289 ab
1946 4225 2135 4313 Apostolica
2160 4226 2244 4291 Sede
2277 4227 2441 4292 indultum

587 4367 591 4372 ·
615 4335 734 4398 existat
758 4333 842 4420 quod
867 4333 1012 4419 personis
1035 4355 1092 4396 seu
1114 4333 1276 4398 canonicis
1293 4353 1404 4395 earum
1421 4332 1554 4414 fructus,
1573 4332 1715 4396 redditus
1732 4341 1764 4395 et
1780 4341 1955 4418 proventus
1972 4341 2212 4418 personatuum,
2230 4334 2440 4420 dignitatum,

613 4440 852 4527 prebendarum
868 4460 924 4502 seu
943 4439 1180 4521 beneficiorum,
1198 4439 1307 4524 quein
1326 4439 1389 4501 illis
1411 4438 1566 4520 obtinent,
1584 4438 1766 4502 ministrare
1784 4438 1815 4501 in
1837 4438 1984 4502 absentia
2001 4439 2130 4503 minime
2149 4448 2329 4524 teneantur,
2346 4450 2377 4506 et
2395 4444 2441 4506 ad

614 4549 645 4610 id
664 4547 813 4632 compelli
830 4568 893 4610 non
911 4547 1035 4632 possint
1050 4567 1108 4632 per
1124 4546 1251 4610 Literas
1269 4546 1463 4632 apostolicas
1488 4567 1551 4609 non
1575 4545 1730 4609 facientes
1754 4546 1884 4632 plenam
1905 4552 1937 4609 et
1961 4567 2149 4632 expressam
2170 4569 2207 4612 ac
2224 4548 2263 4612 de
2279 4549 2379 4613 verbo
2396 4551 2444 4614 ad

614 4656 748 4719 verbum
772 4654 811 4718 de
835 4654 960 4718 indulto
989 4653 1174 4738 hujusmodi
1197 4654 1410 4736 mentionem,
1436 4661 1467 4717 et
1492 4654 1689 4739 quibuslibet
1712 4653 1831 4736 literis,
1856 4654 2034 4741 privilegiis
2060 4661 2091 4719 et
2115 4655 2324 4741 indulgentiis
2352 4657 2444 4722 dicte

614 4762 706 4827 Sedis
731 4762 938 4847 generalibus
959 4769 991 4825 et
1013 4761 1206 4847 specialibus
1231 4783 1506 4847 quorumcumque
1524 4761 1643 4824 tenoris
1668 4761 1819 4843 existant,
1837 4769 1869 4826 et
1893 4783 1955 4847 que
1975 4763 2179 4848 presentibus
2201 4784 2263 4827 non
2281 4785 2442 4850 expressa

612 4871 665 4933 vel
681 4869 825 4934 totaliter
841 4891 905 4932 non
923 4870 1044 4932 inserta
1061 4869 1194 4932 effectus
1210 4868 1396 4952 hujusmodi
1419 4874 1527 4932 nostre
1552 4868 1656 4951 gratie
1681 4868 1829 4954 impediri
1850 4869 1958 4932 valeat
1973 4869 2026 4932 vel
2050 4869 2182 4951 differri,
2201 4877 2233 4934 et
2255 4869 2295 4934 de
2320 4872 2445 4957 quibus

612 4998 812 5064 quorumque
838 4976 912 5040 totis
935 4976 1100 5039 tenoribus
1121 4975 1160 5039 de
1177 4975 1277 5040 verbo
1294 4975 1336 5038 ad
1353 4975 1486 5038 verbum
1504 4974 1620 5038 debeat
1636 4975 1669 5038 in
1685 4973 1887 5061 presentibus
1904 4974 1973 5038 fieri
1989 4977 2109 5040 mentio
2126 4977 2289 5062 spetialis3
2304 4978 2443 5063 proviso

613 5084 698 5170 quod
719 5083 876 5148 beneficia
892 5084 964 5168 ipsa
981 5082 1097 5146 debitis
1115 5082 1277 5168 obsequiis
1294 5103 1357 5146 non
1374 5081 1577 5164 fraudentur,
1593 5089 1625 5146 et
1641 5082 1821 5145 animarum
1837 5103 1925 5164 cara,
1942 5082 1970 5146 si
1986 5082 2148 5168 aliquibus
2165 5105 2276 5148 eorum
2292 5084 2444 5168 imineat,

612 5192 645 5254 in
670 5192 715 5254 eis
741 5190 926 5255 nullatenus
951 5190 1145 5276 negligatur.
1171 5189 1260 5253 Nulli
1284 5211 1362 5274 ergo
1380 5190 1508 5252 omnino
1529 5189 1694 5252 hominurn
1712 5189 1806 5252 liceat
1825 5188 1909 5253 hanc
1925 5190 2078 5276 paginam
2095 5198 2203 5254 nostre
2220 5193 2445 5258 concessionis

613 5299 799 5383 infringere,
816 5298 869 5362 vel
885 5299 915 5362 ei
931 5319 1013 5361 ausu
1033 5299 1204 5362 temerario
1228 5297 1407 5378 contraire;
1431 5297 1458 5360 si
1482 5297 1553 5381 quis
1577 5303 1685 5360 autem
1708 5296 1769 5360 hoc
1793 5302 1952 5360 attentare
1976 5299 2216 5384 presumpserit,
2238 5299 2445 5385 indignatio-

613 5399 686 5470 nem
711 5406 938 5492 omnipotentis
962 5406 1025 5469 Dei
1048 5412 1080 5468 et
1103 5405 1270 5468 beatorum
1295 5403 1385 5468 Petri
1409 5410 1441 5467 et
1464 5403 1560 5467 Pauli
1584 5403 1802 5489 apostolorum
1826 5404 1895 5466 eius
1919 5425 1953 5468 se
1978 5405 2103 5468 noverit
2126 5405 2339 5470 incursurum.
2438 5473 2445 5481 ,

702 5513 824 5578 Datum
847 5513 1002 5576 Laterani
1025 5513 1097 5576 idus
1107 5512 1145 5576 (³)
1155 5511 1308 5596 januarii,
1332 5511 1537 5598 pontificatus
1562 5510 1663 5575 nostri
1686 5531 1770 5574 anno
1795 5519 1920 5596 quarte.

691 6225 729 6292 (1)
751 6225 782 6275 In
803 6225 943 6293 margine:
965 6240 978 6270 a
1000 6222 1176 6288 Coralis-matio
1193 6223 1298 6274 domini
1316 6223 1403 6273 nostri
1416 6238 1488 6288 pope
1511 6222 1543 6272 de
1571 6221 1811 6282 corastitutionibua,
1830 6222 1948 6284 statutis,
1965 6221 2202 6272 consuetudinibus
2229 6221 2333 6273 ecclesie
2358 6222 2453 6276 borro-

610 6315 713 6366 nienaia
732 6315 763 6365 dc
782 6315 919 6366 canonicis
937 6312 1101 6379 recipiendis
1119 6318 1142 6363 et
1160 6311 1295 6377 fructibus
1309 6311 1510 6378 mebeisdcram
1533 6329 1557 6363 a.

691 6407 729 6470 (2)
749 6404 811 6455 Bis:
827 6404 959 6470 primam.

690 6496 729 6559 (3)
750 6493 802 6545 Sic.
