5490 7750
776 697 1007 746 sraorarvrra
1037 697 1086 744 an
1115 693 1370 744 enonassoans
1398 695 1503 744 anais
1532 694 1665 744 orvmrs
2051 673 2125 742 127

312 876 486 939 eorumque
511 853 692 918 nominibus
716 851 884 916 retinenda
909 852 1119 936 possessione,
1144 856 1176 913 et
1199 849 1306 935 quasi,
1331 849 1472 911 omnium
1496 855 1529 911 et
1552 848 1753 932 singulorum
1773 847 1895 932 jurium
1918 854 1950 911 et
1973 846 2130 910 bonorum

312 961 354 1024 ad
376 961 522 1024 eamdem
547 981 714 1024 romanam
737 958 927 1040 Ecclesiam,
951 966 986 1021 ut
1011 957 1216 1042 premittitur,
1241 957 1431 1042 pertinente,
1452 977 1551 1041 penes
1576 977 1634 1020 nos
1658 963 1689 1019 et
1714 975 1913 1019 successores
1938 961 2063 1018 nostros
2092 975 2130 1018 ae

312 1069 458 1131 eamdem
482 1089 648 1131 romanam
672 1066 852 1130 Ecclesiam
875 1072 1030 1151 perpetuo
1055 1072 1251 1128 remanente.

401 1175 560 1239 Volumus
585 1176 681 1238 etiam
706 1173 791 1259 quod
816 1195 872 1260 per
895 1173 1147 1255 universitatem,
1169 1173 1324 1258 populum
1348 1178 1380 1234 et
1404 1171 1580 1236 Commune
1605 1172 1746 1257 prefatos
1771 1171 1840 1254 fiat,
1865 1178 1901 1235 ut
1923 1171 2130 1256 promittitur,

313 1284 493 1365 actualiter,
510 1283 641 1346 realiter
664 1290 696 1345 ct
719 1281 930 1366 corporaliter
954 1281 1113 1344 restitutio
1130 1286 1162 1342 et
1185 1279 1362 1363 assignatio
1383 1279 1558 1364 corporalis
1574 1280 1795 1364 possessionis,
1813 1286 1845 1342 et
1861 1280 1963 1365 quasi,
1980 1278 2129 1360 civitatis,

313 1392 483 1456 comitatus
507 1398 539 1454 et
562 1391 724 1454 districtus
748 1389 965 1476 predictorum
996 1411 1033 1452 ao
1064 1388 1143 1452 meri
1174 1395 1207 1452 et
1236 1388 1328 1450 mixti
1352 1387 1493 1472 imperij,
1518 1409 1535 1450 e
1574 1387 1756 1452 omnimode
1778 1388 1900 1470 jurium
1924 1388 2066 1472 ipsorum
2090 1387 2131 1450 ad

313 1521 371 1563 nos
396 1507 427 1562 et
450 1520 617 1562 romanam
640 1497 821 1561 Ecclesiam
844 1497 940 1582 pleno
962 1497 1035 1580 jure
1060 1497 1273 1581 spectantium
1297 1515 1443 1580 persone,
1468 1516 1524 1558 seu
1548 1496 1704 1580 personis,
1728 1517 1825 1580 quam
1853 1495 1904 1558 vel
1929 1517 2008 1579 quas
2037 1494 2131 1557 adid

311 1606 528 1692 deputandam
553 1607 739 1669 duxerimus
764 1605 936 1668 sanctiam
959 1603 1172 1688 deputandas,
1197 1603 1364 1688 recipienti
1390 1623 1446 1666 seu
1471 1603 1699 1688 recipientibus
1723 1612 1833 1667 nostro
1857 1609 1889 1665 et
1910 1623 2130 1666 suceessorum

315 1721 494 1778 nostrorum
513 1735 550 1778 ac
574 1734 705 1776 romane
729 1711 874 1776 Ecclesia
897 1694 1113 1796 predictorum
1139 1711 1276 1790 nomine,
1297 1709 1481 1793 hujusmodi
1505 1711 1704 1795 corporalem
1729 1711 1964 1796 possessionem
1980 1717 2012 1773 et
2028 1709 2130 1794 quasi,

313 1843 351 1885 ae
374 1843 432 1908 per
455 1843 527 1884 cana
555 1842 611 1884 son
636 1841 691 1883 eas
716 1819 843 1883 nomino
868 1817 1052 1903 supradicto
1077 1817 1261 1901 hujusmodi
1291 1816 1387 1879 realis
1412 1824 1444 1879 et
1467 1816 1643 1902 corporalis
1671 1817 1830 1902 possessio
1862 1823 1894 1880 et
1918 1817 2026 1902 quasi,
2052 1817 2131 1880 reei-

313 1929 430 2015 piatur,
448 1927 709 2014 apprehendatur
725 1934 757 1989 et
780 1925 949 2006 habeatur,
967 1932 1002 1988 ut
1026 1925 1231 2009 premittitur,
1248 1924 1380 2010 pacifice
1405 1930 1437 1986 et
1460 1924 1567 2009 quiete
1591 1924 1670 1987 fiant
1691 1924 1789 1987 etiam
1804 1945 1862 2010 per
1878 1925 2131 2006 universitatem,

313 2037 468 2124 populum
492 2043 523 2098 ot
547 2035 723 2099 Commune
748 2033 889 2119 prefatos
914 2033 1160 2117 recognitiones,
1185 2032 1423 2112 ratificationes,
1441 2032 1688 2116 acceptationes,
1707 2032 1946 2114 affirmationes,
1964 2032 2132 2095 confirma-

313 2145 416 2207 tiones
441 2151 472 2206 et
497 2142 760 2226 emologationes,
776 2142 1033 2224 juramentorum
1054 2141 1277 2225 prestationes,
1296 2139 1509 2224 obligationes
1527 2161 1653 2224 quoque
1671 2139 1868 2226 superdicto
1885 2161 1983 2202 censu
2003 2145 2035 2202 et
2058 2138 2132 2223 alijs

314 2251 462 2315 omnibns
485 2257 517 2313 ct
541 2249 677 2334 singulis
701 2247 859 2312 contentis
883 2248 914 2310 in
939 2247 1031 2330 dictis
1055 2246 1156 2310 literis
1180 2247 1338 2328 distincte,
1356 2247 1539 2332 specialiter
1562 2255 1594 2310 et
1617 2268 1780 2332 expresse,
1798 2268 1835 2310 ac
1851 2247 2008 2332 premissa
2025 2247 2132 2309 omnia

312 2359 408 2442 juxta
431 2358 669 2443 promissiones,
688 2355 901 2440 obligationes
925 2362 957 2418 et
978 2356 1163 2438 juramenta
1188 2354 1264 2417 dicti
1288 2354 1428 2417 Rolandi
1452 2354 1576 2435 sindioi,
1598 2361 1629 2418 ot
1646 2354 1820 2418 secundum
1838 2355 1978 2437 modum,
1995 2353 2132 2417 sormam

315 2473 348 2529 et
371 2465 514 2528 ordinem
538 2465 571 2528 in
596 2463 716 2527 eisdem
742 2463 841 2526 litoris
866 2462 982 2526 nostris
1007 2483 1188 2546 expressos,
1206 2461 1291 2523 int'ra
1310 2461 1468 2524 kalendas
1491 2463 1609 2526 mensis
1634 2462 1824 2547 septembris
1841 2462 1988 2546 proximo
2005 2461 2131 2524 suturas

314 2573 421 2636 debite
445 2580 476 2636 et
501 2571 673 2634 efficaciter
696 2571 900 2655 impleantur,
918 2577 949 2632 et
973 2568 1058 2653 quod
1080 2568 1119 2630 de
1136 2569 1367 2652 acceptatione,
1385 2569 1627 2654 approbatione,
1646 2569 1867 2650 ratificationo,
1885 2569 2131 2652 emologatione,

315 2681 556 2745 confirmatione
581 2685 612 2742 et
633 2679 810 2763 juramenti
834 2677 1041 2763 prestatione,
1059 2697 1116 2740 nec
1141 2697 1204 2739 non
1229 2677 1440 2758 restitutione,
1458 2677 1646 2757 redditione,
1665 2678 1882 2762 assignatione
1899 2686 1931 2740 et
1947 2677 2133 2742 dimissione

315 2788 525 2874 possessionis
550 2793 582 2850 et
605 2786 714 2871 quasi,
745 2784 928 2869 hujusmodi
957 2785 1013 2846 liat
1037 2784 1202 2869 publicum
1226 2791 1257 2846 ct
1281 2784 1501 2847 authenticum
1525 2785 1772 2848 instrumentum
1796 2785 1979 2849 tabellionis
2003 2786 2133 2871 publica

315 2917 412 2958 manu
437 2895 591 2979 seriptum
621 2900 654 2956 et
683 2892 789 2978 sigillo
814 2892 890 2955 dicti
915 2891 1100 2955 Communis
1124 2892 1300 2976 sigillatum
1325 2891 1416 2954 nobis
1440 2891 1525 2954 infra
1548 2892 1704 2955 kalendas
1730 2893 1867 2977 proximi
1891 2893 1991 2957 futuri
2015 2895 2133 2958 mensis

314 3003 453 3066 octobris
477 3000 704 3064 destinandum
720 3007 752 3062 et
775 3000 905 3063 realiter
931 2999 1176 3084 assignandum,
1202 2999 1300 3061 salvis
1324 3005 1356 3061 et
1379 2998 1478 3060 firmis
1502 2999 1707 3062 manentibus
1735 3006 1767 3063 et
1787 3001 1930 3085 plenarie
1955 3001 2133 3066 observatis

316 3111 347 3172 in
371 3109 523 3195 predictis
555 3107 703 3172 omnibus
735 3114 767 3170 et
798 3107 934 3192 singulis
966 3106 1255 3186 declarationibus,
1282 3105 1555 3169 moderationibus
1578 3113 1610 3169 ct
1634 3107 1890 3192 suppletionibus
1923 3109 2133 3195 supradictis,

315 3217 433 3302 quibus
457 3237 514 3302 per
538 3215 682 3301 predicta
706 3215 758 3278 vel
783 3214 911 3300 aliquod
936 3213 1152 3300 predictorum
1177 3214 1209 3276 in
1234 3213 1321 3276 nullo
1346 3214 1493 3276 volumus
1518 3214 1677 3298 derogari.
1703 3215 1827 3278 Rursus
1852 3217 1993 3280 onmium
2018 3238 2080 3301 que
2101 3218 2134 3280 in

315 3323 499 3408 hujusmodi
523 3322 795 3385 declarationibus
820 3322 1038 3402 eontinentur,
1063 3321 1090 3383 si
1114 3342 1211 3406 super
1234 3321 1280 3383 eis
1304 3321 1355 3383 vel
1380 3342 1490 3384 eornm
1515 3321 1623 3406 aliquo
1652 3322 1703 3384 vel
1727 3322 1905 3408 aliquibus,
1931 3324 2053 3408 aliquid
2076 3324 2133 3387 du·

317 3433 446 3495 bietatis
470 3430 521 3492 vel
554 3429 774 3514 ambiguitatis
806 3429 977 3513 eontigerit
1006 3429 1141 3510 exoriri,
1171 3428 1422 3492 declarationem
1453 3434 1486 3491 et
1516 3429 1813 3514 interpretationem
1845 3430 1886 3493 ad
1910 3452 1985 3514 nos,
2010 3433 2135 3517 quoties

316 3561 396 3624 opus
421 3538 534 3618 suerit,
560 3537 707 3600 volamus
731 3537 911 3622 pertinere3
935 3557 1033 3621 snper
1056 3558 1119 3621 qua
1144 3536 1273 3621 quidem
1297 3535 1514 3599 declaratione
1539 3542 1571 3598 et
1594 3537 1878 3622 interpretatione,
1903 3539 1929 3601 si
1953 3561 2014 3624 que
2038 3561 2135 3625 snper

316 3645 500 3730 hujusmodi
525 3644 632 3728 dubijs
656 3667 713 3730 per
737 3665 795 3707 nos
819 3645 906 3726 fient,
924 3644 1062 3706 stabitur
1084 3644 1183 3706 verbo
1208 3665 1265 3706 seu
1289 3644 1390 3706 literis
1413 3644 1540 3724 nostris,
1557 3651 1653 3727 prout
1678 3644 1769 3708 nobis
1786 3645 1947 3710 videbitur
1967 3647 2133 3710 faciendis.

406 3753 476 3825 Qus
501 3752 630 3837 quidem
655 3753 762 3814 omnia
787 3759 819 3814 et
841 3750 970 3835 singula
994 3758 1061 3813 tam
1084 3751 1117 3813 in
1140 3750 1325 3834 hujusmodi
1348 3749 1631 3832 declarationibus,
1653 3751 1926 3816 moderationibus
1950 3761 1982 3817 et
2006 3755 2134 3840 supplo-

317 3860 474 3942 tionibus,
501 3881 597 3944 qaam
620 3859 653 3922 in
677 3859 848 3944 sepedictis
872 3858 973 3921 literis
1005 3879 1102 3943 super
1132 3858 1216 3922 dieta
1246 3859 1505 3922 reconciliatione
1535 3859 1689 3923 confectis
1721 3865 1889 3942 contenta,
1914 3861 1946 3924 in
1979 3868 2134 3946 quantum

317 3967 499 4051 hujusmodi
521 3966 803 4047 declarationibus,
821 3965 1095 4029 moderationibus
1112 3973 1144 4028 et
1167 3966 1423 4051 suppletionibus
1447 3989 1510 4030 non
1534 3967 1676 4049 obviant,
1693 3966 1770 4031 dicti
1793 3968 1940 4052 magistri
1962 3969 2079 4032 Petrus
2104 3977 2135 4032 et

316 4075 556 4151 Bonaventura,
581 4081 806 4160 procuratores
830 4080 862 4136 et
885 4073 1013 4153 sindiei,
1038 4073 1259 4158 procuratorio
1284 4081 1316 4136 et
1343 4074 1514 4138 sindicario
1538 4075 1666 4138 nomine
1691 4075 1885 4161 supradicto,
1910 4097 1989 4161 quos
2014 4077 2055 4139 ab
2079 4099 2134 4140 ex-

317 4182 614 4247 communicationis
638 4203 694 4244 sen
718 4181 1087 4245 excommunicationum
1111 4181 1287 4264 sententiis,
1311 4202 1391 4266 quaa
1414 4204 1471 4268 per
1495 4183 1596 4246 dictos
1620 4203 1789 4268 processus
1813 4190 1938 4246 nostros
1966 4184 2018 4246 vol
2042 4183 2133 4266 alias,

316 4291 545 4376 premissorum
569 4288 747 4368 occasione,
770 4288 981 4369 incurrerant,
1004 4287 1044 4350 ad
1068 4287 1198 4352 humilis
1227 4288 1369 4374 ipsorum
1393 4289 1635 4374 supplicationis
1660 4289 1846 4352 instantiam
1870 4291 1958 4375 prius
1986 4290 2136 4354 duximus

316 4395 544 4476 absolvendos,
570 4394 849 4481 approbaverunt,
875 4394 1116 4457 ratificaverunt
1140 4401 1172 4458 et
1196 4396 1421 4479 emologarunt
1445 4417 1613 4482 expresso,
1640 4418 1678 4460 ao
1706 4397 1922 4482 promiserunt
1952 4398 2137 4460 solemniter

318 4511 350 4568 et
371 4505 521 4587 jurarunt
546 4502 718 4565 sindioario
742 4509 774 4565 et
796 4501 1018 4587 procuratorio
1048 4503 1193 4584 nomine,
1219 4509 1250 4566 et
1282 4503 1314 4566 in
1346 4504 1469 4566 animas
1503 4504 1765 4568 constituentium
1795 4504 2026 4589 predictorum,
2051 4504 2136 4591 quod

316 4612 400 4675 infra
424 4611 525 4674 dictas
549 4609 706 4673 kalendas
731 4609 875 4694 ejusdem
901 4609 1019 4672 mensis
1043 4611 1233 4692 septembris
1257 4611 1334 4674 dicti
1358 4612 1561 4694 universitas,
1579 4613 1717 4698 populus
1734 4635 1791 4676 seu
1813 4612 1988 4677 Commune
2009 4621 2040 4676 et
2065 4635 2136 4699 per·

315 4741 392 4783 sone
417 4719 598 4802 singulares
623 4718 763 4782 civitatis
787 4718 932 4802 ejusdem
957 4740 1053 4802 super
1077 4719 1137 4782 hoc
1162 4719 1202 4782 ad
1227 4741 1340 4783 sonum
1365 4741 1520 4805 campane
1545 4742 1633 4784 more
1658 4722 1752 4785 solito
1777 4723 1976 4806 congregati,
1993 4730 2088 4807 prout
2105 4723 2136 4785 in

317 4826 494 4910 majoribus
519 4833 550 4888 et
575 4825 684 4888 arduis
707 4826 850 4911 ipsorum
875 4826 1013 4910 negotijs
1038 4826 1145 4888 extitit
1168 4833 1374 4908 consuetum,
1398 4827 1543 4914 predicta
1576 4827 1684 4891 omnia
1715 4835 1746 4892 et
1775 4829 1904 4913 singula
1927 4851 1985 4914 per
2008 4828 2137 4892 eosdem

316 4934 455 4996 sindicos
479 4941 510 4995 et
535 4940 760 5018 procuratores
785 4940 867 5014 acta,
892 4939 994 5017 gesta,
1019 4933 1177 5019 promissa
1202 4941 1234 4996 et
1255 4935 1375 5017 jurata,
1398 4941 1468 4998 rata
1493 4941 1525 4998 et
1549 4943 1643 5020 grata
1666 4935 1833 5000 habebunt
1855 4942 2010 5022 perpetuo
2035 4943 2067 4998 et
2091 4943 2136 4998 to-

316 5040 449 5120 nebunt,
468 5038 687 5102 ‹ilrservabuat
709 5046 741 5102 et
766 5039 986 5125 adimplebant
1013 5047 1045 5102 et
1065 5040 1232 5123 jurabunt,
1250 5048 1345 5126 prout
1369 5042 1401 5104 in
1426 5041 1527 5105 literis
1551 5043 1635 5106 diete
1659 5042 1928 5107 reconciliationis
1945 5043 2136 5124 continetur,

317 5158 349 5211 et
373 5147 457 5232 quod
483 5154 594 5210 eontra
618 5167 657 5209 ea
680 5146 732 5208 vel
756 5147 899 5232 ipsorum
923 5146 1068 5231 aliquod,
1093 5147 1182 5210 nullo
1206 5155 1350 5233 tempore
1375 5148 1494 5212 sacient
1515 5151 1567 5213 vcl
1591 5151 1722 5213 venient
1746 5150 1855 5235 aliqua
1879 5150 2020 5231 ratione,
2046 5170 2137 5212 occa·

316 5256 415 5336 sione,
441 5255 547 5318 coloro
572 5254 623 5317 vel
648 5275 756 5317 causa.
780 5254 928 5338 Denique
956 5264 991 5317 ut
1016 5255 1219 5336 universitas,
1244 5256 1382 5340 populus
1407 5261 1439 5319 et
1462 5256 1639 5320 Commune
1663 5257 1781 5343 prefati
1805 5264 1837 5320 et
1860 5257 2042 5341 singulares
2066 5277 2137 5342 per·

320 5383 396 5425 sone
420 5362 573 5448 ipsorum,
599 5383 655 5424 nos
680 5369 712 5425 et
735 5360 853 5424 dictam
879 5360 995 5424 Sedem
1019 5381 1097 5445 erga
1121 5382 1154 5424 se
1179 5363 1320 5425 sentiant
1342 5363 1498 5448 propitios
1522 5371 1554 5426 et
1578 5363 1746 5448 benignos,
1763 5385 1832 5446 nos,
1850 5364 1909 5426 sub
1934 5364 2139 5449 infrascripta

317 5469 536 5532 moderatione
561 5491 633 5532 cum
657 5469 703 5532 eis
728 5467 976 5532 misericorditer
998 5469 1219 5554 procedentes,
1242 5471 1435 5533 sententiam
1459 5471 1630 5552 interdicti,
1656 5471 1706 5534 eui
1731 5471 1854 5552 civitas,
1873 5471 2053 5552 comitatus,
2074 5479 2137 5534 ter·

317 5576 464 5641 ritorium
488 5584 519 5639 et
542 5576 705 5639 districtus
730 5576 959 5656 bononienses,
985 5598 1043 5639 nec
1069 5597 1131 5639 non
1156 5577 1349 5640 universitas
1374 5578 1513 5641 civitatis
1538 5579 1685 5661 ejusdem
1709 5588 1740 5643 et
1764 5579 1826 5642 alio
1855 5579 2082 5642 universitates
2106 5588 2138 5642 et

317 5684 498 5747 communia
522 5704 634 5746 eorum
657 5682 787 5746 fuerunt
803 5704 861 5767 per
877 5682 977 5746 dictos
997 5690 1122 5746 nostros
1139 5690 1170 5747 et
1187 5684 1332 5768 ejusdem
1348 5684 1465 5769 Legati
1482 5706 1650 5770 processus
1668 5693 1699 5750 et
1716 5686 1976 5750 constitutionem
1993 5686 2138 5770 ejusdcm

316 5790 489 5874 Bonifaeij,
508 5791 559 5853 vel
583 5791 794 5876 provincialia
818 5813 874 5854 seu
899 5791 1057 5854 sinodalia
1082 5799 1203 5854 statuta
1223 5799 1255 5855 et
1279 5793 1377 5855 etiam
1402 5792 1517 5856 Sacros
1542 5815 1691 5877 canones,
1709 5815 1767 5880 pro
1792 5795 1956 5880 premissis
1980 5795 2137 5858 contentis

317 5898 350 5961 in
375 5898 467 5961 dictis
501 5899 703 5984 processibus
736 5897 851 5961 nostris
883 5899 1067 5983 supposita,
1092 5921 1192 5984 penas
1224 5921 1351 5984 qnoque
1383 5908 1415 5964 et
1438 5901 1614 5964 sententias
1647 5901 1678 5964 in
1708 5901 1829 5965 eisdem
1853 5902 2055 5987 processibus
2080 5923 2138 5964 nec

317 6027 380 6069 non
405 6005 489 6068 dieta
514 6006 741 6068 constitutione
765 6005 910 6089 ejusdem
934 6005 1095 6090 Bonifaeij
1120 6013 1287 6070 contentas
1318 6015 1430 6071 contra
1461 6009 1604 6094 prelatas
1637 6009 1800 6072 civitatem
1831 6017 1863 6072 et
1895 6009 2139 6072 universitatem

316 6113 530 6176 bononienses
555 6134 651 6197 super
674 6113 854 6198 privatione
880 6111 985 6196 Studij
1010 6114 1171 6196 generalis
1204 6115 1409 6200 omniumque
1433 6116 1688 6200 privilegiorum,
1710 6115 1983 6200 indulgentiarum
2008 6125 2039 6178 et
2063 6138 2138 6201 gra-

318 6220 435 6282 tiarum
460 6220 710 6304 apostolicorum
733 6226 765 6282 et
787 6219 1012 6304 imperialium,
1031 6226 1062 6283 et
1079 6221 1119 6283 ab
1137 6221 1209 6283 aliis
1226 6221 1480 6307 quibuscumque
1498 6243 1721 6287 concessorum
1745 6223 1866 6287 eisdem
1890 6245 1991 6308 usque
2010 6222 2050 6285 ad
2066 6245 2138 6308 pre-

316 6327 401 6390 latas
425 6326 584 6390 kalendas
608 6326 752 6410 ejusdem
777 6327 915 6412 proximi
939 6327 1040 6390 frituri
1065 6329 1182 6392 mensis
1208 6328 1346 6392 octobris
1371 6329 1410 6393 de
1435 6329 1592 6394 dictorum
1615 6330 1766 6394 Fratrum
1791 6339 1974 6394 nostrorum
1994 6331 2137 6414 consilio,

317 6435 494 6520 apostolica
526 6434 717 6498 auctoritate
750 6435 976 6520 suspendimus
1000 6435 1039 6498 do
1068 6436 1268 6520 benignitate
1301 6437 1394 6502 Sedis
1426 6438 1571 6521 ejusdem
1599 6445 1632 6501 et
1655 6439 1762 6522 gratia
1786 6438 1928 6523 speciali.
1953 6438 2005 6501 Ita
2034 6440 2138 6522 quod,

317 6539 453 6604 durante
477 6540 687 6625 suspensione
711 6541 866 6626 predicta,
883 6541 1008 6628 possint
1031 6542 1144 6626 officijs
1166 6543 1282 6606 (livinis
1307 6565 1344 6608 ac
1367 6543 1481 6608 Studio
1498 6544 1653 6629 generali,
1670 6565 1729 6608 nec
1746 6565 1814 6636 non,
1826 6545 2016 6630 privilegijs,
2034 6546 2139 6609 indul-
