5490 7750
631 605 705 677 146
1421 632 1662 684 mouumnurr

734 784 917 858 XXVIII.
950 787 1051 874 Quod
1081 787 1339 884 compellantur
1368 814 1431 885 per
1456 792 1745 864 communitatem
1767 793 1947 864 intrinseci
1968 795 2246 867 contradictores
2266 797 2449 893 praedicta

631 908 786 1005 capitula
816 910 1017 984 observare.
1237 1007 1240 1012 Ι

733 1035 880 1108 XXIX.
912 1036 1014 1125 Quod
1045 1038 1201 1135 capitula
1229 1040 1311 1113 hine
1340 1041 1421 1113 inde
1451 1051 1628 1115 conventa
1647 1041 1850 1120 solemniter
1869 1045 2049 1141 acceptari
2069 1046 2233 1144 debeant,
2255 1058 2449 1122 convocato

628 1158 782 1232 Consilio
811 1160 980 1255 generali,
1002 1187 1044 1235 ac
1071 1188 1143 1236 una
1172 1164 1275 1236 simul
1305 1166 1474 1239 ratificari
1502 1167 1595 1240 infra
1625 1168 1852 1242 medietatem
1880 1170 2064 1266 proximae
2087 1172 2229 1246 futurae
2250 1174 2448 1270 quadrage-

627 1285 748 1378 simae,
779 1295 814 1357 et
844 1286 888 1358 ad
918 1287 1035 1360 omnia
1065 1289 1177 1361 teneri
1207 1292 1272 1363 sub
1302 1315 1416 1388 poena
1446 1293 1790 1389 quinquagenterum
1820 1319 2021 1366 marcarum
2050 1297 2139 1368 auri.

732 1410 859 1484 XXX.
892 1411 993 1500 Quod
1023 1414 1140 1485 omnia
1169 1413 1350 1488 humiliter
1378 1417 1422 1488 ab
1452 1417 1575 1489 eadem
1605 1418 1868 1491 Commuuitate
1897 1420 2067 1516 expetita,
2089 1428 2169 1495 reta
2189 1431 2224 1495 et
2252 1431 2357 1518 grata
2384 1423 2448 1496 ha·

625 1535 778 1608 beantur
806 1561 828 1608 a
857 1545 980 1610 saneta
1009 1538 1111 1634 Sede,
1135 1565 1236 1636 quae,
1259 1543 1454 1638 praemissa
1483 1542 1703 1617 absolutione
1732 1571 1753 1618 a
1782 1545 1904 1642 poenis
1933 1545 2094 1641 incursis,
2116 1548 2311 1642 reintegret
2329 1548 2448 1622 Bono-

626 1662 766 1734 nienses
795 1663 841 1734 ad
870 1664 987 1735 omnia
1016 1665 1203 1761 privilegiu
1231 1691 1276 1739 ex
1304 1667 1539 1740 beneficentia
1567 1669 1763 1766 apostolica
1791 1671 1877 1767 ipsis
1904 1669 2044 1744 collata.

734 1787 949 1883 Hujusmodi
979 1787 1195 1863 Constitutio
1225 1792 1309 1864 data
1337 1792 1404 1865 fuit
1433 1795 1619 1868 Arenione
1648 1796 1714 1869 IV.
1745 1796 1824 1870 idus
1852 1796 2017 1892 octobris,
2048 1821 2142 1870 anno
2171 1807 2298 1895 quarto
2315 1797 2365 1872 (¹).

731 2037 906 2134 Mupistro
940 2037 1107 2134 Guiponi,
1137 2041 1343 2137 apostoticae
1373 2041 1476 2115 Sedis
1505 2043 1656 2119 Nunnio.

733 2163 931 2260 Superioris
970 2163 1242 2238 Constitutionis
1282 2167 1496 2263 apostolicae
1534 2178 1636 2244 tenor
1674 2171 1731 2245 hio
1768 2173 1956 2245 inseritur:
1986 2198 2028 2246 ae
2065 2173 2238 2246 instructo
2276 2175 2446 2269 magistro

625 2288 788 2383 Guigone
819 2289 860 2360 de
889 2288 931 2361 iis
961 2313 1050 2384 quae
1080 2290 1300 2387 acciderant,
1330 2293 1521 2367 demandat
1550 2297 1582 2368 ei
1609 2297 1789 2392 Pontifex,
1820 2298 1914 2394 quod
1942 2297 2140 2370 Bononiam
2169 2323 2206 2370 se
2231 2299 2444 2394 transferat,

623 2413 722 2486 etin
752 2438 847 2508 casu,
875 2439 943 2510 quo
974 2413 1219 2488 Commuuitas
1248 2417 1478 2491 ratificaverit
1508 2421 1707 2518 praefatam
1735 2422 1967 2520 apostolicam
1996 2422 2306 2520 Constitutionem,
2329 2423 2447 2496 omnia

623 2539 659 2609 in
688 2539 812 2611 eadem
841 2548 1009 2611 contenta
1038 2549 1273 2636 exequantur.
1305 2541 1438 2615 Datum
1467 2553 1506 2617 ut
1535 2571 1643 2644 supra
1658 2546 1708 2620 (2).

728 2663 872 2736 Eidem:

729 2790 831 2878 Quod
860 2791 1118 2887 possessionem
1148 2792 1302 2865 civitatis
1331 2794 1530 2893 Bononiae,
1560 2799 1635 2871 sive
1669 2824 1733 2896 per
1764 2825 1801 2872 se
1834 2800 1908 2872 sive
1937 2825 2001 2897 per
2029 2799 2137 2872 alium
2166 2801 2305 2898 capiat,
2337 2800 2443 2873 etde

622 2914 759 2986 actibus
789 2915 1019 3012 possessionis
1049 2916 1118 2988 duo
1155 2917 1242 2990 fiant
1283 2918 1540 3018 instrumenta,
1571 2949 1722 3019 quorum
1760 2926 1912 2998 alterum
1950 2925 2173 2998 Avenionem
2213 2927 2444 2998 transmittat.

621 3037 755 3112 Datum
785 3049 823 3113 ut
854 3065 963 3138 supra
979 3038 1028 3115 (³).

727 3293 862 3365 Eodem
892 3319 996 3389 anno,
1018 3295 1134 3368 idibus
1154 3295 1320 3392 octobris,
1343 3297 1438 3370 dedit
1467 3299 1635 3372 Pontifex
1665 3301 1940 3399 perhonorificas
1964 3301 2085 3375 literas
2105 3301 2274 3375 Thadaeo
2293 3301 2441 3399 Pepu10,

621 3442 712 3513 quae
741 3419 1002 3493 inscribuntur:

726 3543 939 3618 Benedictus
967 3549 1290 3645 episcopusservus
1317 3573 1493 3622 serrorum
1522 3551 1601 3647 Dei,
1630 3552 1752 3624 dilecto
1778 3552 1854 3648 filio
1886 3551 2029 3625 Thudeo
2057 3553 2099 3624 de
2129 3553 2272 3651 Papulis
2300 3553 2342 3625 de
2370 3553 2442 3626 Bo-

620 3671 741 3764 nonio,
764 3671 865 3767 juris
893 3672 1007 3744 civilis
1028 3673 1234 3770 professori,
1262 3675 1409 3746 solertem
1439 3683 1469 3748 et
1496 3677 1719 3773 apostoticam
1750 3675 2083 3751 benedictionale).

726 3922 948 4020 Aquitejeusr'
978 3931 1008 3996 et
1041 3925 1220 3997 Gradena·
1252 3925 1485 4021 Potriorclu's,
1515 3951 1698 4024 eorumque
1726 3927 1976 4025 suffrepoeeis,

727 4047 897 4135 Quamvis
925 4055 1000 4120 tarn
1030 4049 1168 4146 publice
1198 4059 1233 4122 et
1262 4049 1466 4123 solemniter
1496 4061 1655 4125 oratores
1679 4060 1714 4125 et
1733 4053 1853 4125 nuncii
1873 4052 2147 4126 Communitatis
2166 4053 2347 4126 Bononiae
2366 4052 2442 4124 fere

619 4172 663 4243 ad
693 4172 908 4244 evidentiam
938 4174 1261 4246 demonstraverint
1290 4176 1334 4248 ad
1364 4176 1538 4270 gremium
1567 4184 1711 4250 sanetae
1732 4178 1832 4250 Sedis
1853 4178 1968 4251 redire
1988 4176 2091 4274 velle,
2113 4185 2148 4250 et
2168 4201 2326 4250 summus
2345 4177 2441 4249 Pon·

619 4296 709 4369 tifex
738 4322 783 4368 ex
810 4298 1030 4392 benignitate
1060 4297 1255 4395 apostolica
1283 4324 1362 4372 cum
1391 4301 1524 4373 eisdem
1552 4312 1768 4375 convenerat
1796 4303 1839 4375 de
1868 4303 2015 4398 triginta
2036 4301 2211 4399 capitulis,
2233 4302 2268 4374 in
2288 4301 2441 4396 registro

619 4422 700 4494 anni
731 4423 850 4518 quarti
877 4422 979 4519 epist.
1001 4423 1139 4496 LXVI.
1162 4425 1349 4521 contentis,
1371 4425 1432 4497 vix
1461 4435 1580 4499 tamen
1610 4427 1656 4500 ed
1685 4428 1866 4500 civitatem
1895 4427 2077 4500 Bononiae
2106 4451 2249 4500 accesso
2270 4427 2441 4521 magistro

619 4546 806 4642 Guigone,
837 4554 877 4618 ut
905 4547 1162 4643 possessionem
1201 4549 1360 4645 ejusdem
1390 4551 1544 4623 civitatis
1572 4576 1643 4624 une
1672 4576 1750 4624 oum
1776 4552 1990 4649 juramentis
2027 4551 2208 4624 fidelitatis
2244 4551 2439 4648 reciperet,

618 4696 743 4744 verum
772 4672 881 4745 facies
910 4673 947 4744 in
976 4682 1091 4746 totum
1119 4681 1257 4746 mutata
1287 4683 1352 4747 est.

725 4798 825 4870 Idem
855 4800 949 4871 enim
977 4799 1138 4873 Nuncius
1167 4801 1203 4873 in
1232 4800 1365 4898 palatio
1395 4795 1600 4876 Communis
1628 4813 1794 4900 receptus
1822 4829 1843 4876 a
1871 4804 2041 4877 Thadaeo
2070 4804 2113 4876 de
2141 4802 2297 4900 Pepulis,
2319 4803 2440 4875 statim

616 4947 658 4994 ac
692 4921 805 4994 eidem
836 4922 1006 4996 Thadaeo
1043 4949 1085 4997 ac
1123 4925 1360 4999 Universitati
1398 4934 1433 4999 et
1469 4927 1605 5024 Populo
1641 4928 1744 5025 petiit
1779 4936 2034 5000 conventorum
2073 4927 2365 5022 ratificationem,
2395 4928 2440 4999 ab

616 5047 739 5120 eodem
769 5047 940 5122 Thadeeo
970 5049 1081 5122 multa
1110 5051 1225 5124 minus
1254 5052 1456 5124 verecunda
1485 5059 1520 5124 et
1548 5053 1650 5148 quasi
1677 5053 1845 5126 seditiosa
1873 5054 1983 5126 verba
2010 5053 2047 5125 in
2075 5077 2283 5150 responsum
2302 5052 2439 5147 habuit,

616 5197 767 5269 quorum
796 5197 933 5247 summa
962 5184 1036 5247 est:
1069 5176 1171 5264 Quod
1200 5185 1285 5248 tune
1313 5176 1530 5274 impossibile
1559 5186 1636 5251 erat
1665 5180 1854 5252 observare
1884 5203 1926 5252 ea
1956 5178 2111 5274 quaein
2148 5178 2260 5250 literis
2297 5184 2440 5274 aposto-

615 5297 692 5371 licis
721 5299 1005 5397 continebantur,
1037 5302 1202 5397 quodque
1232 5302 1325 5374 circa
1363 5303 1639 5376 nominationem
1670 5302 1911 5376 Confalonerii
1940 5312 1975 5376 et
2004 5301 2228 5399 officialium,
2259 5327 2339 5376 eum
2363 5302 2440 5398 jam

614 5423 690 5520 ipse
719 5449 740 5496 a
769 5425 914 5498 civitate
943 5435 977 5499 et
1006 5426 1136 5524 populo
1166 5428 1211 5499 ad
1240 5428 1352 5500 vitam
1379 5428 1415 5499 in
1440 5426 1737 5501 Conservatorem
1757 5428 1881 5502 fuisset
1902 5428 2046 5523 electus,
2069 5428 2276 5501 intendebat
2297 5427 2439 5500 omnino

615 5550 653 5622 in
681 5551 802 5623 eodem
834 5552 949 5625 officio
983 5578 1216 5650 permanere,
1248 5553 1411 5650 sequenti
1449 5553 1588 5626 dicendi
1627 5554 1779 5627 formula
1821 5563 1943 5628 utens:
1981 5584 1999 5625 ((
2028 5554 2120 5652 quod
2153 5577 2260 5651 equus
2286 5577 2373 5626 etrus
2400 5555 2438 5626 in

615 5681 752 5748 tuntum
783 5684 864 5748 uerte
885 5685 1111 5774 processerat,
1141 5679 1234 5776 qood
1260 5704 1331 5751 non
1353 5685 1492 5776 poteret
1518 5679 1726 5751 retrocedere
1754 5706 1789 5752 r,

721 5801 876 5898 Deinde,
907 5804 1079 5898 quasdam
1109 5828 1215 5899 super
1238 5805 1314 5899 jam
1344 5802 1548 5876 solemniter
1585 5804 1768 5877 conventis
1805 5804 2075 5877 reformationes
2111 5805 2316 5902 proposuit,
2346 5829 2438 5901 quae

614 5926 777 6024 praefata
806 5927 955 6022 triginta
984 5927 1140 6026 capitula
1173 5929 1315 6001 mitiora
1351 5928 1554 6002 redderent.
1584 5928 1747 6001 Nuntius
1782 5928 1997 6026 apostolicus
2029 5929 2160 6002 civium
2198 5928 2439 6002 simulationes

613 6062 649 6125 et
678 6053 776 6126 dolos
805 6053 926 6126 videre
956 6053 1023 6125 sibi
1052 6055 1160 6150 visua,
1187 6079 1251 6152 per
1280 6054 1416 6151 aliquot
1443 6054 1518 6126 dies
1547 6078 1606 6127 eos
1635 6055 1792 6126 fraterne
1822 6054 1959 6126 monuit
1987 6063 2026 6126 ut
2055 6054 2098 6127 ad
2129 6054 2248 6128 lumen
2278 6055 2440 6128 veritatis

690 6372 729 6437 (1)
749 6371 814 6424 Loc.
835 6371 896 6438 eit,
916 6387 939 6423 o.
960 6374 1010 6422 241
1033 6389 1071 6437 r.,
1090 6374 1141 6423 246
1164 6389 1190 6422 r.
1635 6372 1674 6437 (a)
1695 6370 1759 6423 Loc.
1779 6371 1840 6437 eit,
1859 6387 1883 6423 o.
1903 6373 1953 6422 247
1973 6389 1994 6423 r.

690 6464 729 6528 (2)
749 6461 815 6514 Loo.
834 6463 898 6526 cit,
918 6479 941 6514 c.
962 6465 1013 6514 246
1035 6479 1059 6513 r.
1634 6462 1674 6527 (4)
1695 6461 1765 6513 Vide
1785 6461 1835 6513 sub
1856 6477 1929 6512 num.
1949 6460 2067 6528 LXIII,
2087 6478 2110 6513 c.
2132 6465 2191 6514 103.
