5484 7746
639 598 716 667 234
1424 619 1663 670 nonuuaurn

720 771 803 836 Item
826 793 885 857 pro
909 773 1055 858 exequiis
1081 772 1237 837 faciendis
1262 773 1472 858 relinquimus
1497 779 1625 837 centum
1642 773 1741 837 libras
1758 774 2000 840 bononenorum
2018 783 2050 840 et
2066 775 2146 840 duos
2163 775 2381 858 baldachinos,
2399 777 2451 862 qui

630 886 799 964 portentur
822 880 935 944 subtus
959 887 990 942 et
1014 901 1112 965 supra
1137 901 1253 966 corpus
1277 887 1422 944 nostrum
1446 881 1479 943 in
1503 880 1555 944 die
1578 881 1754 966 sepulture.

719 985 802 1050 Item
826 985 973 1050 volumus
997 994 1029 1050 et
1053 987 1253 1069 mandamus,
1278 986 1364 1072 quod
1389 987 1421 1050 in
1446 987 1498 1050 die
1526 987 1690 1072 sepulture
1716 995 1823 1052 nostre
1847 995 2021 1074 erogentur
2044 990 2240 1075 pauperibus
2264 997 2393 1054 centum
2416 991 2450 1053 li·

630 1093 687 1158 bre
715 1095 958 1158 bouonenorum
990 1095 1022 1156 in
1053 1093 1189 1158 ecclesia
1213 1094 1301 1158 beati
1332 1094 1492 1159 Dominioi
1527 1095 1781 1179 congregandis;
1805 1103 1838 1160 et
1868 1095 1973 1180 siquid
2004 1096 2200 1182 superfuerit
2230 1096 2269 1161 de
2301 1097 2450 1182 predictis

630 1209 760 1264 centum
791 1200 881 1264 libris
905 1201 936 1264 in
962 1200 1098 1264 ecclesia
1121 1200 1370 1282 distribuendis,
1395 1201 1475 1264 illud
1504 1201 1668 1266 residuum
1692 1209 1832 1288 ponatur
1855 1203 1886 1266 in
1911 1224 2007 1288 opere
2032 1203 2167 1268 ecclesie
2188 1204 2216 1268 si
2238 1204 2336 1268 fuerit
2359 1226 2449 1290 opor-

629 1316 753 1372 tuuum.

719 1414 803 1479 Item
827 1413 1038 1500 relinquimus
1062 1420 1094 1478 et
1118 1415 1265 1499 legamus
1291 1415 1462 1480 Sororibus
1486 1423 1596 1480 sancte
1620 1415 1758 1500 Agnetis
1783 1415 1822 1479 de
1846 1415 1994 1480 Bononia
2018 1417 2138 1502 podere
2161 1417 2201 1482 de
2234 1417 2449 1500 Casaraltola,

630 1523 751 1588 eisdem
775 1522 877 1586 modis
900 1529 932 1585 et
956 1521 1212 1586 condictionibus
1237 1545 1298 1609 que
1323 1521 1553 1606 contiue[n]tur
1574 1523 1607 1585 in
1630 1523 1841 1587 instrumento
1858 1523 2050 1607 donationis,
2069 1547 2166 1610 quam
2182 1525 2316 1589 fecimus
2332 1525 2450 1590 eisdem

633 1630 821 1695 Sorroribus
845 1629 928 1692 inter
951 1629 1042 1693 rivos
1069 1678 1311 1695 ........

723 1738 806 1801 Item
830 1735 949 1822 podere
975 1745 1118 1800 nostrum
1143 1736 1182 1801 de
1205 1738 1397 1802 Archuveco
1416 1739 1466 1802 vel
1489 1738 1642 1803 Frassino
1667 1737 1813 1823 legamus
1831 1737 2019 1803 Sorroribus
2035 1739 2187 1824 predictis
2208 1747 2318 1804 sancta
2341 1740 2450 1825 Agno-

631 1845 682 1926 tis,
707 1844 827 1908 eisdem
852 1843 954 1908 modis
978 1850 1010 1908 et
1034 1843 1275 1910 condicionibus
1300 1867 1362 1930 que
1386 1845 1591 1910 continentur
1615 1845 1647 1908 in
1673 1845 1886 1910 instrumento
1910 1844 2097 1910 donacionis
2122 1847 2204 1910 inter
2234 1847 2325 1910 vivos
2356 1869 2450 1932 quam

634 1953 680 2016 eis
704 1951 838 2015 fecimus
864 1999 1107 2016 ........

721 2059 804 2124 Item
829 2058 1039 2144 relinquimus
1063 2066 1096 2122 et
1119 2059 1265 2143 legamus
1289 2081 1347 2145 pro
1371 2059 1533 2145 pietanzia
1557 2059 1709 2123 Fratrum
1732 2059 1977 2124 Predicatorum
2000 2059 2146 2124 Bononia
2171 2061 2203 2124 in
2220 2060 2271 2125 die
2288 2062 2451 2147 sepulture

632 2173 741 2230 nostre
765 2165 914 2229 facienda
937 2187 991 2229 xv.
1016 2166 1116 2230 libras
1139 2167 1382 2231 bononenorum
1406 2166 1475 2252 ipso
1501 2165 1552 2230 die
1576 2167 1718 2230 totaliter
1743 2166 1988 2252 expendendas,
2013 2173 2046 2232 et
2078 2167 2259 2232 celebretur
2289 2169 2388 2232 missa
2418 2170 2450 2232 in

631 2281 791 2338 conventu
816 2320 1062 2337 ........

720 2381 803 2445 Item
824 2381 898 2465 jure
923 2380 1023 2465 legati
1047 2381 1258 2466 relinquimus
1282 2381 1387 2446 eidem
1410 2381 1583 2445 conventui
1606 2381 1752 2445 Bononio
1776 2402 1876 2445 unum
1900 2389 2125 2467 paramentum
2155 2382 2350 2468 completum
2380 2403 2451 2446 eum

631 2491 726 2554 mitra
750 2489 863 2552 frisata
888 2510 961 2552 cum
984 2488 1074 2552 frisio
1099 2510 1197 2552 aureo
1222 2489 1359 2553 brustito
1383 2496 1415 2552 et
1438 2488 1619 2554 faldistorio
1643 2489 1746 2574 nigro.

720 2597 804 2660 Item
824 2597 898 2680 jure
922 2596 1020 2681 legati
1045 2596 1255 2681 relinquimus
1279 2596 1371 2659 fratri
1396 2595 1556 2680 Ilgouiill
1572 2595 1701 2660 Ordinis
1724 2595 1984 2678 Predicatorum,
2009 2597 2119 2682 nepoti
2142 2602 2272 2678 nostro,
2298 2595 2453 2681 legendas

632 2704 842 2785 Sanctorum,
867 2709 899 2766 et
922 2702 1162 2785 Monaldinam,
1187 2710 1219 2766 et
1243 2725 1275 2766 x.
1300 2704 1437 2768 florenos
1461 2703 1500 2766 de
1526 2725 1604 2766 auro
1630 2703 1797 2767 annuatim
1820 2703 1974 2788 quamdiu
1998 2703 2133 2784 vixerit,
2159 2724 2238 2788 quos
2262 2703 2380 2767 debeat
2403 2725 2452 2768 re-

631 2812 738 2898 cipere
763 2819 795 2874 et
816 2810 937 2874 habere
961 2810 1001 2874 de
1024 2810 1182 2874 fructibus
1207 2810 1445 2896 possessionum
1469 2817 1650 2895 emptarum
1674 2810 1779 2890 Luce,
1806 2831 1867 2894 que
1899 2817 2005 2896 emptc
2038 2809 2168 2874 fuerunt
2195 2808 2235 2874 de
2258 2810 2396 2895 pecunia
2419 2812 2453 2874 in

631 2918 840 2984 elemosinam
863 2918 909 2980 eis
934 2917 1043 2980 datam
1066 2937 1125 3002 pro
1151 2916 1322 2982 Sororibus
1347 2917 1386 2980 de
1410 2917 1546 3002 Angelis
1571 2916 1610 2980 de
1634 2917 1734 3000 Luca,
1752 2939 1824 2980 cum
1849 2917 2103 2981 condictionibus
2127 2924 2159 2980 et
2183 2917 2285 2983 modis
2307 2917 2363 3003 qui
2378 2939 2453 2981 con·

630 3028 775 3090 tinentur
799 3025 831 3088 in
856 3032 1022 3089 contractu
1047 3025 1217 3110 emptionis
1242 3025 1384 3111 ipsarum
1409 3025 1656 3110 possessionum,
1681 3045 1738 3088 seu
1762 3025 1967 3089 concessione
1992 3073 2234 3090 ........

721 3133 804 3196 Item
829 3132 964 3196 ecclesie
988 3133 1088 3195 sancti
1113 3132 1203 3196 Petri
1227 3131 1360 3216 Majoris
1384 3133 1424 3196 de
1449 3133 1539 3196 Luca
1562 3132 1677 3217 viginti
1701 3131 1800 3197 libras
1824 3133 1994 3196 luchenses
2017 3155 2075 3220 pro
2099 3154 2164 3197 una
2187 3132 2329 3218 planeta.

722 3240 804 3304 Item
828 3239 1025 3325 pauperibus
1047 3239 1153 3304 Masso
1171 3239 1319 3321 Fiscalie,
1338 3239 1511 3304 cerviensis
1531 3239 1689 3304 diocensis
1698 3240 1748 3321 (2),
1765 3240 1950 3324 specialiter
1966 3240 2073 3304 Massa
2089 3240 2120 3303 N
2122 3261 2192 3321 ove,
2209 3247 2337 3304 centum
2354 3239 2454 3304 libras

631 3348 874 3412 bononenorum
899 3346 1147 3432 dispensandas,
1172 3369 1366 3432 parmenus
1398 3345 1520 3411 Prioris
1551 3354 1583 3410 et
1614 3346 1759 3410 Lectoris
1792 3347 1943 3411 Fratrum
1971 3346 2215 3412 Predicatorum
2238 3345 2278 3410 da
2302 3345 2454 3411 Ferraria

633 3456 687 3541 qui
711 3476 769 3540 pro
794 3461 938 3540 tempore
962 3453 1092 3534 fuerint,
1115 3452 1245 3538 [ma]gis
1268 3454 1487 3538 indigentibus
1511 3452 1668 3516 dictorum
1692 3454 1836 3518 locorum
1860 3476 1918 3540 pro
1942 3453 2051 3518 anima
2074 3461 2184 3518 nostra
2208 3501 2453 3517 ........

722 3561 804 3625 Item
828 3561 1025 3646 pauperibus
1049 3560 1165 3646 puellis
1188 3560 1228 3624 de
1252 3560 1368 3625 Cerria
1393 3559 1581 3624 maritandis
1606 3561 1657 3624 vel
1680 3561 1714 3624 iu
1737 3560 1893 3645 religiono
1918 3561 2088 3646 ponendis,
2113 3568 2242 3625 centum
2270 3560 2370 3624 libras
2402 3581 2454 3622 ra-

632 3676 822 3734 venstorum
847 3667 1087 3731 distribuendas
1111 3675 1142 3731 et
1166 3667 1355 3732 dividendae
1379 3689 1437 3754 per
1461 3667 1684 3732 Guardiauum
1715 3667 1866 3732 Fratrum
1890 3668 2051 3733 Minorum
2075 3675 2107 3732 et
2130 3668 2277 3734 Priorem
2301 3666 2454 3730 Fratrum

631 3776 917 3840 Heremitanorum
938 3775 979 3837 de
996 3773 1112 3838 Oervio
1133 3781 1165 3839 et
1181 3775 1328 3840 Priorem
1343 3775 1495 3839 Fratrum
1511 3773 1756 3841 Predicatorum
1772 3774 1812 3838 de
1828 3775 1998 3858 Ravenna,
2015 3775 2070 3860 qui
2086 3797 2144 3860 pro
2161 3781 2305 3860 tempore
2321 3774 2453 3838 fuerint.

722 3883 804 3948 Item
827 3882 1038 3947 conventibus
1062 3881 1213 3946 Fratrum
1237 3882 1483 3947 Predicatorum
1505 3882 1545 3946 de
1570 3881 1728 3946 Cremona
1756 3889 1789 3945 et
1820 3881 1859 3946 de
1891 3882 2017 3947 Mutina
2046 3882 2178 3947 cuilibet
2206 3881 2321 3966 viginti
2353 3880 2455 3945 libras

631 3990 885 4055 bononenorum.

722 4097 805 4162 Item
829 4096 1040 4161 conventibus
1063 4095 1215 4159 Fratrum
1238 4095 1484 4160 Predicatorum
1508 4097 1548 4160 de
1573 4097 1734 4178 Ferraria,
1752 4095 1791 4160 de
1815 4095 1969 4179 Forlivio,
1986 4097 2026 4160 de
2050 4096 2174 4161 Cesena
2191 4104 2222 4159 et
2238 4095 2277 4159 de
2294 4095 2453 4160 Ravenna

632 4206 764 4270 cuilibet
787 4204 898 4268 decem
921 4203 1023 4266 libras
1047 4203 1300 4267 bononenorum.

722 4312 805 4377 Item
829 4311 1002 4376 conventui
1024 4311 1176 4375 Fratrum
1199 4309 1361 4374 Minorum
1385 4309 1424 4374 de
1449 4309 1565 4375 (larvis
1589 4318 1621 4374 et
1645 4312 1816 4376 conventui
1838 4310 1990 4375 Fratrum
2006 4311 2291 4378 Heremitanorum
2308 4313 2453 4397 ejusdem

631 4427 715 4484 terra
740 4418 872 4484 cuilibet
895 4418 1007 4482 decem
1030 4417 1131 4481 libras
1155 4425 1394 4481 ravenstorum.

720 4527 803 4591 Item
827 4525 1000 4609 conventuj
1025 4524 1176 4587 Fratrum
1199 4524 1444 4589 Predicatorum
1468 4524 1508 4587 de
1531 4524 1671 4588 Pistorio
1696 4525 1812 4609 viginti
1836 4524 1935 4588 libras
1959 4525 2159 4590 lucanorum.

720 4634 804 4698 Item
828 4631 999 4698 conventui
1023 4631 1176 4695 Fratrum
1199 4630 1445 4696 Predicatorum
1469 4632 1508 4695 de
1532 4631 1616 4695 Pisis
1642 4631 1858 4717 quadraginta
1882 4631 1980 4695 libras
2005 4633 2201 4718 pisanorum.

721 4741 805 4806 Item
829 4739 1039 4804 conventibus
1064 4739 1215 4803 Fratrum
1238 4737 1400 4802 Minorum
1423 4739 1463 4802 da
1494 4739 1643 4804 Bononia
1674 4739 1909 4825 quinquaginta
1940 4739 2040 4804 libres
2072 4740 2333 4822 bononenorum,
2358 4737 2454 4803 etde

631 4850 722 4915 Luca
745 4848 980 4934 quinquaginta
1004 4846 1104 4911 libras
1127 4846 1317 4910 lucanorum
1342 4893 1586 4910 ........

721 4956 805 5020 Item
829 4955 921 5018 fratri
944 4954 1088 5019 Iohanni
1111 4953 1291 5017 Faventino
1324 4951 1453 5018 Ordinis
1485 4952 1747 5035 Predicatorum,
1772 4954 1827 5039 qui
1858 4953 2033 5040 aliquando
2063 4954 2124 5018 fuit
2151 4953 2269 5018 Lector
2295 4953 2453 5034 Bononia,

631 5063 891 5150 vigintiquinque
916 5061 1016 5125 libros
1040 5061 1293 5124 bononenorum.

721 5170 805 5234 Itcm
830 5168 1018 5234 Guillielmo
1044 5167 1225 5251 Sornachij,
1250 5167 1490 5252 consanguineo
1514 5174 1546 5230 et
1569 5167 1722 5230 familiari
1744 5176 1865 5250 nostro,
1883 5169 2118 5254 quinquaginta
2141 5169 2242 5234 libras
2269 5168 2456 5232 bononeno-

632 5299 704 5342 rum
728 5284 760 5341 et
785 5277 977 5341 remittimus
1001 5276 1030 5340 ei
1056 5297 1167 5340 ornnes
1191 5275 1331 5340 offensas
1351 5283 1383 5338 et
1399 5273 1619 5360 displicentiae
1643 5281 1675 5338 ct
1695 5274 1801 5360 siquid
1816 5275 1999 5339 fraudasset
2016 5277 2139 5340 ratione
2156 5274 2453 5354 administrationis,

633 5405 730 5470 quam
754 5384 851 5468 longo
876 5391 1020 5469 tempore
1045 5383 1146 5467 gessit
1168 5383 1201 5445 in
1226 5382 1320 5447 domo
1345 5387 1455 5445 nostra
1479 5403 1498 5444 a
1519 5383 1689 5465 juventute
1713 5403 1773 5445 sua
1802 5402 1904 5467 usquc
1936 5382 1977 5445 ad
2008 5389 2134 5468 tempus
2165 5381 2261 5465 hujus
2295 5380 2454 5466 scripturo

632 5491 736 5572 tactc3
754 5498 786 5554 et
806 5489 833 5553 si
850 5490 1048 5554 inveniretur
1072 5489 1164 5555 nobis
1189 5491 1221 5553 in
1246 5489 1354 5574 aliquo
1379 5510 1448 5552 esse
1473 5489 1635 5573 obligatus
1659 5510 1701 5552 ex
1723 5510 1913 5575 quocunqne
1930 5511 2029 5553 eausa
2045 5511 2064 5553 a
2080 5497 2224 5575 tempore
2240 5487 2337 5572 hujus
2353 5488 2454 5573 scrip-

632 5605 704 5662 ture
721 5597 821 5680 facte,
840 5596 982 5660 totaliter
1006 5596 1110 5683 ipsum
1135 5596 1333 5661 absolvimus
1357 5617 1399 5659 cx
1422 5617 1507 5660 rauna
1531 5602 1626 5681 prout
1649 5617 1690 5659 ex
1713 5602 1800 5678 tuuc,
1816 5597 1920 5682 ipsum
1945 5618 2015 5660 esse
2036 5596 2184 5660 volumus
2201 5595 2343 5659 totaliter
2360 5595 2454 5658 abso·

631 5705 746 5769 lutum.

721 5813 805 5877 Item
828 5811 1039 5898 relinquimus
1064 5811 1253 5893 Thederioo,
1269 5811 1335 5875 filio
1358 5809 1480 5875 domini
1503 5810 1618 5893 Veltri,
1636 5817 1668 5874 et
1690 5809 1800 5895 Ugoni
1823 5817 1855 5874 et
1877 5809 2049 5893 Veltrutio,
2067 5811 2220 5875 fratribus
2244 5817 2276 5874 et
2299 5809 2373 5872 filiis
2397 5808 2454 5872 do·

632 5920 710 5984 mini
734 5919 910 6000 Francisci,
935 5919 1035 5984 libros
1060 5925 1169 5982 nostro
1193 5918 1232 5981 da
1255 5916 1417 5982 Medicina
1443 5967 1685 5983 ........

722 6026 806 6090 Item
830 6026 943 6091 Veltro
968 6025 1150 6109 Soruaohij,
1176 6023 1367 6090 consobrino
1392 6033 1510 6106 nostro,
1536 6031 1664 6089 centum
1688 6025 1787 6089 libras
1811 6025 2011 6089 lucanorum.

721 6135 805 6199 Item
825 6155 887 6220 pro
911 6155 1008 6220 opere
1032 6133 1137 6197 sancti
1161 6131 1330 6198 cristofori
1355 6133 1394 6197 de
1417 6132 1517 6214 Luca,
1542 6130 1653 6197 decem
1677 6131 1776 6197 libras
1800 6131 1999 6196 lucanorum.

712 6385 752 6450 (1)
773 6383 825 6436 Hic
845 6382 960 6451 legitur:
981 6398 996 6430 ι
1016 6381 1107 6446 fratri
1124 6380 1156 6432 ff
1171 6379 1284 6447 Hupom'
1305 6380 1391 6446 Ugoni
1408 6398 1434 6432 a.

712 6475 751 6539 (2)
771 6472 824 6524 Sic.
