5492 7750
789 650 1020 700 SPECTAN'I'IA
1049 650 1099 698 ΑΙ)
1128 647 1381 698 Pnornssonns
1410 647 1514 696 JURIS
1544 646 1677 714 elvrnrs

1171 1013 1301 1078 XXIII.

1081 1231 1178 1311 1227,
1201 1231 1220 1288 5
1245 1230 1394 1292 iactaverit.

815 1443 866 1506 Ex
889 1443 1002 1507 661661
1026 1451 1113 1506 16616
1136 1441 1313 1523 XXXVI,
1339 1462 1425 1504 num.
1449 1439 1603 1504 LXXVI.
1617 1441 1655 1504 (¹)

415 1659 580 1723 Honorius
604 1658 668 1722 III.
692 1657 885 1722 Rectoribus
910 1656 1079 1720 Societatis
1103 1655 1314 1736 Lombardie,
1341 1654 1484 1719 Marohie
1509 1661 1541 1718 61
1565 1653 1789 1717 Romandiole.
1814 1652 1896 1736 Ejus
1919 1653 2042 1735 locum,
2067 1653 2142 1717 11661

328 1767 488 1848 1166161111,
510 1766 691 1830 obtinentes
714 1766 747 1828 iu
771 1765 875 1846 terris,
903 1785 965 1850 que
988 1785 1054 1849 pax
1078 1769 1188 1828 nostra
1211 1763 1287 1826 fecit
1309 1769 1446 1846 utraque
1471 1782 1579 1843 unum,
1597 1760 1677 1824 dnos
1700 1761 1840 1846 parietes
1864 1760 2029 1825 venientes
2053 1783 2070 1825 e
2094 1761 2141 1824 di-

327 1895 420 1938 verso
445 1874 646 1958 conjungens
670 1873 703 1935 in
727 1893 761 1936 se
786 1873 854 1958 ipso
878 1871 986 1956 lapide
1010 1870 1170 1955 angulari,
1186 1869 1392 1933 nascentibus
1415 1867 1569 1932 debemus
1593 1867 1724 1932 obviare
1745 1867 1912 1930 discordiis
1929 1875 1961 1932 et
1977 1867 2142 1934 intendere

328 1981 464 2045 sollicite
488 2001 525 2044 ac
549 1980 721 2064 diligenter
745 1979 785 2042 ad
811 2001 866 2061 ea,
891 1999 953 2064 que
977 1985 1051 2041 sunt
1076 1977 1244 2042 concordie
1267 1977 1400 2040 unitatis
1424 1983 1456 2038 et
1478 1975 1577 2060 pacis.
1603 1974 1684 2038 Cura
1707 1995 1785 2058 ergo
1813 1995 1914 2060 nuper
1937 1975 2020 2039 inter
2044 1978 2141 2040 caris-

327 2088 443 2153 simum
468 2087 499 2150 in
525 2087 653 2150 Christo
677 2087 778 2150 filium
807 2092 950 2150 nostrum
981 2085 1207 2166 Fredericum,
1231 2083 1450 2147 Romanorum
1481 2083 1709 2167 imperatorem
1739 2103 1866 2169 semper
1897 2090 2143 2168 augustnn1,et

328 2217 437 2280 regem
464 2194 590 2277 Sicilie,
616 2201 714 2279 atque
738 2216 795 2258 vos
820 2193 979 2257 discordia
1002 2199 1073 2257 6116
1097 2198 1196 2273 66661,
1221 2212 1289 2272 666,
1314 2189 1516 2256 61166166166
1540 2190 1625 2274 qnod
1648 2211 1714 2272 res,
1739 2190 1802 2254 nisi
1824 2190 2033 2255 absisteretur
2056 2193 2142 2278 prin-

328 2304 430 2389 cipiis,
455 2302 626 2366 videbatur
650 2303 748 2365 611166
771 2321 996 2388 progressura,
1021 2309 1053 2364 61
1076 2305 1207 2386 6166161
1231 2299 1434 2362 difficultates
1458 2297 1539 2361 61166
1563 2297 1702 2361 allatura
1725 2297 1989 2384 impedimentum
2013 2301 2142 2385 negotio

329 2416 414 2474 terre
438 2417 558 2492 sancte,
584 2431 643 2496 pro
668 2429 730 2494 quc
754 2415 804 2472 661
827 2415 917 2471 tauto
942 2415 1085 2494 tempore
1109 2406 1301 2488 laboratum,
1325 2405 1459 2489 dignum
1482 2403 1633 2468 duxhnus
1657 2405 1861 2490 interponere
1884 2412 1992 2491 partes
2015 2414 2142 2471 6661166

328 2524 361 2581 61
384 2518 459 2602 igne
485 2517 681 2602 hujusmodi,
700 2523 874 2600 antequam
896 2515 981 2578 vises
1005 2514 1240 2600 assumpsisset,
1258 2514 1410 2593 extincto,
1427 2511 1581 2597 gravibus
1605 2511 1736 2576 obviare
1757 2512 1908 2597 periculis
1931 2535 1993 2597 qne
2014 2515 2142 2599 quidam

328 2647 370 2688 ex
393 2625 470 2708 hoc,
496 2625 557 2688 nisi
583 2625 772 2710 tempestive
798 2629 1036 2702 occurreretur,
1061 2627 1210 2707 poterant
1241 2621 1380 2684 evenire.
1405 2618 1481 2704 Ipso
1512 2617 1611 2703 igitur
1642 2619 1835 2704 imperatore
1863 2641 1901 2684 ac
1925 2620 2016 2685 vobis
2040 2627 2142 2686 totum

328 2731 433 2818 ipsum
458 2733 624 2816 negotium
647 2731 678 2794 in
704 2737 815 2794 nostra
838 2737 870 2793 61
893 2728 1030 2792 fratrum
1054 2735 1236 2792 nostrornm
1263 2727 1466 2813 providentia
1496 2732 1528 2789 et
1558 2725 1766 2811 dispositione
1796 2726 1898 2790 libere
1928 2748 1966 2791 66
1997 2728 2143 2793 absolute

328 2838 532 2924 ponentibus,
549 2837 645 2922 idque
671 2836 910 2900 declarantibus
938 2856 995 2920 per
1019 2835 1130 2898 literas
1154 2841 1186 2897 61
1208 2833 1338 2918 publiea
1360 2833 1574 2896 instrumenta
1598 2853 1656 2896 nec
1679 2853 1744 2896 uon
1766 2854 1824 2918 per
1848 2834 2006 2898 solemnes
2026 2834 2147 2899 Procn-

329 2951 454 3009 ratores
478 2951 510 3009 et
535 2945 674 3008 Nuntios
700 2951 832 3030 propter
855 2943 915 3007 hcc
939 2942 980 3006 ab
1004 2949 1141 3027 utraque
1164 2949 1256 3026 parte
1280 2940 1322 3004 ad
1345 2947 1489 3004 nostram
1519 2939 1715 3025 presentiam
1744 2939 1938 3024 1661166166,
1963 2963 2036 3006 6616
2064 2942 2147 3006 16161

329 3059 437 3115 cetera
461 3051 640 3116 1616661611
665 3057 758 3137 66116
783 3051 883 3136 ipsius
907 3047 1342 3135 16166161611661666611661,
1367 3047 1466 3132 qnod,
1490 3047 1683 3134 impediente
1709 3047 1869 3112 Societate
1892 3056 2010 3131 vestra,
2034 3051 2146 3135 neqni-

327 3166 419 3223 verat
440 3160 536 3243 juxta
561 3159 761 3245 propositum
785 3179 878 3221 sunm
902 3156 1075 3243 procedere
1106 3163 1218 3220 contra
1251 3155 1446 3240 pravitatem
1477 3154 1671 3237 hereticam,
1696 3176 1758 3239 qne
1788 3163 1896 3242 661166
1928 3156 2000 3220 11166
2031 3158 2147 3222 1161161

329 3267 472 3351 graviter
503 3266 670 3348 infecisse,
695 3286 733 3329 ao
764 3265 909 3328 16161616
945 3263 1129 3328 libertatem
1161 3261 1429 3344 ecclesiasticam,
1454 3281 1515 3346 que
1545 3261 1663 3325 ibidem
1693 3262 1914 3348 multipliciter
1943 3265 2148 3329 asserebatur

331 3394 496 3460 oppressa,
512 3394 572 3437 nec
598 3393 773 3458 procurare
797 3371 975 3435 subsidium
998 3377 1083 3436 terre
1107 3377 1227 3452 sancte,
1243 3376 1375 3456 propter
1399 3368 1484 3454 quod
1508 3369 1690 3454 specialiter
1714 3369 1755 3432 61
1778 3377 1886 3455 661166
1907 3371 1993 3456 16666
2010 3371 2148 3438 duxerat

330 3480 565 3563 accedendum,
589 3479 738 3565 quodque
764 3478 883 3564 captivi
907 3478 969 3541 sibi
992 3483 1103 3542 666116
1124 3478 1234 3560 juset
1260 3476 1416 3540 honorem
1443 3476 1569 3561 imperii
1600 3475 1728 3540 Inerant
1759 3477 1927 3561 denegati,
1952 3480 2090 3562 666116,
2114 3487 2146 3545 61

330 3587 412 3670 61116,
430 3609 492 3672 666
516 3587 647 3650 1661661
669 3586 746 3650 hinc
771 3585 846 3649 1616
870 3584 1189 3671 616666116,6166166
1213 3583 1383 3646 intellectis
1406 3583 1445 3646 16
1469 3582 1671 3668 providentia
1695 3584 1740 3648 sic
1763 3583 1912 3648 duximus
1929 3587 2145 3670 statuendum,

330 3701 367 3758 ut
390 3694 541 3758 videlicet
565 3694 633 3779 ipse
658 3694 834 3778 imperator
857 3715 915 3778 pro
939 3691 1120 3756 1616166116
1144 3689 1298 3756 Crucifixi
1321 3697 1353 3754 et
1376 3691 1505 3775 negotio
1530 3696 1613 3754 terre
1645 3697 1774 3774 sancte,
1799 3712 1857 3755 suo
1881 3699 1913 3756 61
1936 3693 1994 3756 filii
2017 3694 2084 3777 sui,
2109 3715 2147 3759 66

330 3801 462 3887 16166111
486 3802 614 3865 nomine
638 3801 688 3883 116,
706 3800 761 3885 661
784 3806 858 3863 6661
883 3799 923 3862 16
949 3799 1109 3862 Societate
1129 3799 1199 3882 jam
1221 3798 1307 3862 dicta
1325 3797 1549 3861 universaliter
1565 3797 1701 3883 singulis
1717 3804 1749 3861 et
1765 3798 1974 3883 singulariter
1989 3801 2147 3866 universis

328 3909 472 3972 remittat
497 3929 624 3972 6616616
648 3927 835 3988 rancorem,
859 3906 1130 3986 malivolentiam,
1154 3905 1290 3988 injurias
1314 3911 1345 3968 61
1369 3903 1525 3987 offensas,
1550 3905 1656 3968 omnia
1685 3927 1812 3990 qnoque
1843 3906 1968 3989 banna,
1992 3909 2146 3972 constitn-

328 4015 449 4098 tiones,
474 4014 650 4079 sententias
674 4021 706 4077 ct
734 4013 975 4095 ordinamenta,
1000 4034 1060 4098 que
1091 4012 1168 4076 fecit
1191 4012 1243 4076 vel
1265 4012 1418 4098 imposuit
1441 4032 1498 4097 per
1522 4033 1556 4075 se
1580 4012 1633 4075 vel
1656 4033 1715 4098 661
1739 4012 1854 4095 alium,
1880 4014 2003 4078 aliusve
2027 4037 2085 4101 pro
2110 4037 2147 4080 eo

330 4122 484 4187 Societati
507 4123 559 4186 vel
583 4121 680 4186 alicui
704 4121 743 4184 16
770 4121 931 4184 Societate
955 4119 1110 4206 predicta,
1129 4119 1322 4201 civitatibus,
1343 4119 1421 4182 locis
1446 4125 1478 4184 et
1500 4119 1646 4205 personis
1670 4119 1709 4182 de
1734 4119 1804 4206 ipsa
1829 4120 2001 4204 Societate,
2018 4129 2050 4186 et
2070 4144 2147 4208 que·

330 4252 466 4316 eumque
490 4252 532 4294 ex
556 4230 621 4313 eis,
646 4229 699 4293 vel
723 4229 764 4294 ob
789 4235 961 4293 66666616
985 4235 1059 4291 sunt
1081 4228 1209 4314 penitus
1233 4235 1380 4310 revocet,
1405 4235 1437 4291 61
1458 4227 1651 4312 specialiter
1682 4229 1942 4293 constitutionem
1965 4230 2084 4294 factam
2107 4231 2148 4296 de

330 4337 444 4403 Studio
468 4345 500 4402 et
524 4337 728 4400 studentibus
754 4336 900 4400 Bononie
926 4336 1093 4400 universos
1116 4342 1149 4398 et
1172 4335 1327 4420 singulos,
1347 4335 1402 4419 qui
1426 4335 1593 4398 occasione
1617 4335 1754 4419 alicujus
1777 4335 1994 4421 predictorum
2018 4339 2146 4402 166111-

329 4444 455 4528 dentur,
480 4445 653 4508 restituens
676 4445 710 4507 iu
735 4444 899 4528 integrum
923 4443 954 4506 iu
980 4443 1128 4506 omnibus
1152 4463 1169 4506 e
1193 4463 1250 4528 per
1274 4443 1381 4506 omnia
1405 4462 1463 4505 suo
1487 4442 1584 4505 statui
1608 4449 1705 4527 atque
1729 4442 1825 4526 fame,
1849 4444 2041 4509 remittendo
2065 4446 2147 4510 infa-

329 4551 427 4615 miam
452 4572 578 4615 omnem
602 4557 634 4614 et
659 4571 786 4636 penam,
805 4571 866 4634 qne
891 4556 999 4614 secute
1023 4556 1098 4612 sunt
1122 4571 1164 4612 ex
1187 4548 1296 4635 aliquo
1320 4548 1547 4634 predictorum,
1564 4550 1610 4612 ita
1632 4549 1717 4634 quod
1737 4570 1786 4632 66,
1804 4571 1866 4634 que
1882 4551 1987 4615 medio
2004 4559 2148 4639 tempore

328 4679 388 4745 per
411 4679 465 4722 eos
490 4663 563 4721 acta
586 4664 671 4738 sunt,
696 4679 760 4721 non
786 4657 989 4720 obstantibus
1013 4655 1220 4742 supradictis,
1245 4656 1343 4720 robur
1366 4655 1533 4720 obtineant
1565 4655 1651 4740 quod
1682 4655 1763 4719 61166
1794 4656 1972 4721 debuerant
2003 4659 2147 4725 obtinere

329 4765 370 4830 ad
392 4765 469 4847 hec,
496 4765 659 4847 civitates,
684 4765 755 4828 loca
779 4772 812 4828 et
835 4785 990 4850 personas
1013 4763 1052 4827 de
1077 4765 1147 4849 ipsa
1176 4762 1337 4828 Societate
1368 4763 1502 4848 recipiat
1525 4763 1557 4826 in
1582 4783 1638 4826 sue
1663 4764 1766 4848 gratie
1790 4765 2022 4848 plenitudinem
2045 4775 2078 4830 et
2101 4768 2147 4832 eis

330 4873 428 4937 166161
451 4873 578 4936 firmam
601 4893 725 4957 pacem,
743 4871 926 4957 specialiter
949 4871 1127 4935 marchioni
1142 4870 1384 4953 Montisferrati,
1401 4870 1595 4954 Mediolano,
1612 4871 1788 4953 Placentia,
1805 4871 1973 4954 Vercellis,
1989 4873 2146 4958 Bononia,

328 4979 495 5062 Faventia,
521 4977 731 5060 Alexandria,
759 4978 913 5060 Tasurin0,
938 4977 1054 5059 Laudi,
1077 4977 1250 5062 Bergamo,
1275 4977 1398 5059 Brixis,
1422 4977 1566 5059 Mantus,
1590 4977 1730 5061 Verona,
1753 4977 1876 5062 Padus,
1893 4979 2051 5062 Vicentie,
2069 4981 2147 5046 Ter·

329 5087 421 5168 visio,
440 5086 565 5168 Creme,
582 5085 742 5166 Ferraria,
759 5093 791 5148 et
815 5085 986 5150 comitibus
1009 5085 1049 5148 de
1073 5085 1262 5167 Blandrato,
1280 5085 1415 5169 aliisque
1438 5084 1516 5149 locis
1540 5092 1573 5148 61
1596 5085 1741 5171 66166616
1766 5085 1961 5170 quibuslibet
1978 5087 2147 5153 Societatis

329 5193 485 5278 ejusdem,
504 5193 604 5257 faciat
626 5193 725 5256 611661
749 5193 876 5256 16611161
899 5193 1053 5278 66611166,
1071 5191 1126 5276 qui
1148 5200 1222 5256 sunt
1245 5193 1331 5278 capti
1355 5192 1522 5257 occasione
1545 5192 1640 5256 huius
1664 5192 1822 5256 discordie
1839 5214 1912 5257 cnm
1926 5195 2020 5259 bonis
2036 5217 2147 5259 eorum

329 5301 459 5382 666116,
477 5301 724 5385 (616666661666
743 5299 843 5385 ipsius
859 5299 1016 5363 discordie
1033 5305 1128 5385 capta
1144 5307 1218 5363 snnt
1234 5299 1285 5363 vel
1309 5299 1449 5363 detenta.
1474 5298 1611 5385 Insuper
1634 5320 1761 5385 quoqne
1785 5300 1884 5364 faciat
1906 5301 1976 5364 fieri
1999 5309 2146 5388 patentes

312 5407 440 5471 literas
457 5429 498 5470 ex
516 5415 607 5493 parte
624 5406 681 5469 filii
700 5406 760 5488 sui,
778 5407 833 5491 qni
849 5427 962 5492 pacem
977 5413 1010 5469 et
1027 5407 1230 5470 concordiam
1246 5407 1341 5470 istam
1357 5413 1461 5470 ratam
1477 5407 1610 5492 habebit
1626 5413 1658 5470 et
1673 5407 1809 5490 firmam,
1822 5415 1854 5471 61
1870 5409 2011 5472 1611111161
2027 5410 2090 5474 11116
2107 5411 2146 5475 16

330 5513 490 5579 Societute
515 5535 642 5578 omnem
668 5534 846 5596 rancorem,
862 5513 1126 5596 malivolentiam,
1143 5514 1278 5597 injurias
1302 5521 1334 5578 61
1350 5513 1505 5578 offensas:
1517 5513 1667 5578 Ilii-vero
1684 5515 1738 5598 qni
1755 5521 1830 5578 sunt
1846 5513 1886 5578 de
1904 5515 2064 5580 Societate
2077 5519 2147 5602 jum

235 5691 243 5700 ,
330 5621 426 5705 11616,
443 5621 485 5686 61
507 5622 664 5685 16661616
688 5621 749 5685 Dei
774 5621 1001 5708 omnipotentis
1018 5627 1050 5684 et
1066 5621 1210 5685 Ecclesie
1226 5629 1336 5685 sancte
1353 5643 1420 5703 sue,
1438 5642 1475 5684 ac
1493 5621 1592 5708 ipsius
1608 5621 1859 5708 16166161611612)
1875 5622 2072 5706 1661611661
2088 5626 2146 5688 im·

329 5729 470 5815 peratori
493 5750 551 5814 pro
577 5729 719 5793 subsidio
744 5737 828 5792 terre
853 5735 963 5792 sancte
988 5728 1021 5792 in
1045 5729 1196 5813 expensis
1221 5729 1366 5812 ejusdem
1391 5728 1560 5792 Societatis
1584 5750 1642 5814 per
1664 5728 1830 5792 biennium
1853 5730 1971 5794 milites
1995 5731 2147 5816 quadrin-

330 5842 454 5921 gentos,
480 5857 517 5900 ac
541 5835 738 5919 civitatibus,
755 5835 833 5899 locis
858 5843 890 5899 et
913 5837 1059 5921 persenis
1083 5836 1243 5921 imperiali
1262 5835 1452 5900 excellentie
1476 5835 1705 5900 adherentibus
1725 5842 1792 5900 tam
1808 5837 2033 5902 ecclesiasticis
2050 5861 2147 5923 quam

330 5942 511 6024 mundanis,
527 5943 650 6007 faciant
666 5964 789 6027 pacem,
808 5949 840 6007 61
865 5943 1093 6006 16116161111161
1110 5949 1249 6025 6611661,
1266 5943 1465 6008 remittentes
1481 5943 1528 6006 eis
1544 5964 1672 6007 omnem
1687 5964 1865 6028 rancorem,
1882 5945 2145 6030 malivolentiam,

331 6049 466 6135 injurias
492 6058 524 6114 et
547 6050 698 6133 offensas,
716 6070 754 6114 66
777 6058 930 6116 16166661
952 6050 1060 6113 616616
1078 6050 1199 6133 banna,
1221 6050 1475 6133 constitutiones,
1492 6050 1669 6114 sententias
1685 6057 1717 6114 61
1733 6051 1966 6134 611166166616,
1984 6053 2147 6139 (6161666-

331 6163 406 6222 ruut
429 6158 482 6222 vel
504 6159 727 6244 imposuerunt
749 6158 945 6242 civitatibus,
962 6159 1041 6224 locis
1060 6164 1093 6222 61
1108 6159 1253 6245 66166616
1269 6159 1429 6245 1616611611
1445 6158 1628 6223 66161161161
1643 6157 1882 6242 adherentibus,
1900 6171 1932 6223 et
1948 6181 2148 6247 quecumque

412 6411 451 6477 (l)
471 6411 512 6461 Ex
531 6411 649 6480 Registr.
662 6410 696 6463 V.
716 6410 829 6463 Honorii
843 6411 908 6478 III.,
923 6413 1002 6482 epist.
1016 6415 1077 6478 410,
1090 6413 1137 6464 161.
1152 6417 1211 6480 156,
1229 6411 1438 6479 Mcoxxvn„
1452 6412 1485 6464 V.
1503 6413 1631 6480 januarii.

411 6502 449 6566 (2)
470 6500 503 6552 In
523 6501 594 6553 cod:
615 6517 630 6550 s
650 6501 810 6567 imperatori
828 6519 853 6553 ».
