5544 7750
1011 697 1093 748 aua.
1124 697 1196 747 clv.
1227 698 1273 746 nr
1303 696 1387 745 cau.
1417 695 1524 745 eaor.
2094 669 2167 741 341

463 858 507 929 D.
539 857 695 929 Romeus
724 855 767 927 de
796 853 948 950 Pepolis,
1037 921 1041 928 ,
1294 852 1339 925 D.
1369 850 1574 924 Matthaeus
1602 850 1776 925 Johannis
1805 849 1986 948 Specialis,

364 1043 365 1048 ,
467 983 512 1056 D.
544 981 727 1055 Johannes
756 979 799 1051 de
828 977 1104 1073 blezzovillaniS,
1298 975 1342 1049 D.
1373 975 1543 1048 Nicolaus
1572 977 1614 1048 de
1642 976 1832 1071 Magnauis
1862 1033 1869 1048 .
1904 1037 1910 1049 .
1943 1033 1950 1047 .
1983 1035 1990 1050 .
2022 961 2030 1048 ζ
2061 973 2100 1038 (¹)

467 1107 556 1178 XX.
587 1103 832 1199 MCCCXX.,
861 1103 966 1175 XIV.
997 1101 1129 1199 aprilis.
1161 1100 1460 1198 Compromissum
1490 1101 1526 1171 in
1560 1100 1818 1172 Bliobarixium
1855 1108 1890 1172 et
1919 1100 2094 1173 Jacobum
2129 1101 2172 1174 de

358 1230 572 1326 Butrigariis
600 1229 717 1323 legum
746 1224 972 1300 doctoresl2l.
1081 1294 1083 1298 .

465 1353 573 1426 XXI.
600 1349 881 1445 MCCCXXII.,
903 1349 951 1422 X.
973 1349 1185 1421 novembris.
1207 1346 1446 1419 Bliobarixius
1466 1348 1508 1420 16
1528 1346 1744 1442 Anzoguidis
1761 1346 1878 1443 legum
1898 1347 2032 1445 doctor,
2053 1347 2172 1421 Minus

361 1478 405 1551 de
433 1478 547 1573 Regio
571 1477 820 1574 jurisperitus,
851 1474 1033 1548 Johannes
1062 1473 1194 1547 domiui
1221 1472 1348 1545 Jacobi
1374 1471 1572 1567 Baratarii,
1602 1473 1759 1545 Joanncs
1794 1473 1963 1546 Andreae
1999 1474 2041 1546 de
2074 1474 2175 1548 Senis

357 1603 582 1676 decretorum
609 1603 743 1698 doctor,
773 1608 979 1698 praesentes
1007 1596 1240 1693 recognitioni
1275 1597 1559 1695 privilegiorum,
1591 1622 1680 1694 quae
1710 1597 1793 1670 olim
1821 1598 1941 1671 comiti
1967 1597 2173 1672 Bertolocto

359 1729 403 1802 de
431 1729 525 1826 Ripa
553 1752 717 1801 concessa
748 1723 956 1798 1661661131.

466 1853 595 1926 XXII.
625 1849 926 1946 MCCCXXIII.,
946 1850 1033 1923 XV.
1053 1849 1150 1921 iunii.
1175 1847 1415 1920 Bliobarixius
1434 1873 1506 1921 uua
1526 1873 1604 1920 cnm
1625 1847 1702 1921 aliis
1721 1849 1903 1922 61116116
1923 1849 2114 1924 Aemiliam
2133 1858 2173 1924 ut

358 1986 513 2052 mentem
542 1977 746 2074 exquireret
774 1975 985 2072 guelforum,
1007 1977 1051 2047 ob
1078 1973 1186 2046 salsos
1219 1974 1311 2045 enirn
1341 1998 1499 2047 rumores
1520 1999 1647 2069 magno
1668 1973 2170 2071 16661166166111161166161.

357 2103 627 2176 Renunciarunt
657 2127 716 2175 eos
745 2102 779 2172 in
809 2100 876 2173 lide
905 2108 1065 2198 perstare
1094 2123 1180 2195 erga
1207 2123 1390 2171 1666666
1418 2097 1635 2195 Ecclesiam,
1666 2097 1821 2195 nihilque
1851 2101 1895 2171 ab
1923 2100 1965 2171 iis
1994 2124 2069 2172 esse
2098 2126 2172 2175 66-

356 2226 593 2301 1666111614).

465 2353 612 2426 XXIII.
642 2351 920 2424 MCCCXXIV.
950 2350 1190 2423 Bliobarixius
1219 2357 1254 2421 et
1280 2347 1433 2421 Bornius
1462 2349 1707 2421 Samaritanus
1726 2349 1761 2420 in
1781 2349 2052 2422 Remandiolam
2078 2351 2174 2424 missi

360 2479 405 2552 ad
433 2503 556 2576 pacem
586 2477 845 2576 procurandam
874 2477 968 2548 inter
996 2465 1141 2548 comites
1171 2475 1213 2547 16
1243 2473 1356 2546 06616
1385 2484 1420 2547 61
1448 2474 1637 2572 optimates
1662 2476 1832 2570 quosdam
1863 2475 2080 2572 populosque
2111 2476 2173 2549 16-

361 2605 499 2698 616166,
529 2628 603 2675 166
633 2604 764 2700 661166
792 2599 1045 2697 6611616610).

465 2729 610 2801 XXIV.
639 2725 916 2822 MCCCXXV.,
947 2725 1034 2798 XII.
1064 2725 1194 2798 martii.
1224 2724 1278 2798 Ob
1316 2725 1436 2822 priora
1472 2733 1686 2798 testamenta
1714 2727 1898 2822 Accursii,
1929 2726 2110 2799 Francisci
2138 2734 2174 2798 et

357 2854 634 2949 Bartholomaei,
655 2877 806 2948 magnac
836 2852 1079 2925 contentiones
1108 2859 1254 2923 exortae
1284 2861 1350 2923 etc.
1381 2851 1473 2923 Vide
1503 2851 1771 2923 celeberrimum
1800 2851 2091 2949 compromissum
2120 2853 2174 2926 fa·

358 2989 454 3053 otum
482 2981 518 3051 in
547 2979 805 3052 Bliobarixium
835 2986 870 3050 61
899 2979 1070 3050 Jacobum
1102 2977 1144 3048 de
1173 2976 1402 3071 Buttrigariis
1426 2975 2044 3074 (06616111Ρ161666.,6.Ι.,666.
2067 2979 2171 3072 201).

463 3105 588 3178 XXV.
618 3103 900 3198 MCCCXXV.,
930 3101 998 3174 XI.
1020 3102 1173 3196 augusti.
1195 3102 1352 3173 Joannes
1380 3101 1507 3174 XXII.
1530 3102 1710 3174 renuntiat
1738 3101 1956 3174 Bliobarixio
1985 3104 2028 3175 de
2057 3102 2173 3175 Azao·

358 3230 485 3325 guidis,
516 3229 624 3301 nobili
653 3228 755 3300 militi
783 3237 818 3300 61
842 3228 933 3322 juris
961 3226 1072 3298 civilis
1102 3226 1303 3323 professori,
1335 3251 1371 3298 16
1401 3227 1475 3298 6161
1503 3226 1625 3299 literas
1653 3227 1831 3324 incoepisse
1845 3225 1895 3300 (6).

464 3354 608 3427 XXVI.
639 3351 897 3426 MCCCXXV.
927 3351 1166 3424 Bliobarixius
1187 3361 1222 3423 61
1240 3352 1396 3424 Iacobus
1417 3353 1459 3424 de
1479 3351 1709 3446 Buttrigariis
1738 3352 1862 3425 arbitri
1886 3353 1979 3424 inter
1998 3352 2175 3425 Joanuem

358 3479 555 3553 Gallutium
585 3488 620 3551 et
648 3478 878 3550 Franciscum
908 3477 951 3549 (16
979 3475 1226 3548 Accursiisl‘ll.

465 3604 628 3676 XXVII.
668 3601 972 3696 MCCCXXVI.,
1003 3601 1131 3674 XXII.
1169 3601 1330 3673 ianuarii.
1364 3601 1585 3698 Celebratur,
1607 3600 1836 3674 confirmatur
1863 3610 1898 3674 et
1927 3601 2175 3699 promulgatur

356 3729 516 3802 Mutinae
545 3754 616 3826 pax
646 3753 725 3800 cum
755 3726 943 3800 Passerino
972 3727 1160 3799 Bonacolsi
1188 3737 1341 3822 tyranno
1369 3727 1541 3800 Mutinae.

462 3855 611 3927 luerunt
639 3853 749 3948 legati
777 3853 1011 3925 bononienses
1038 3852 1278 3924 Bliobarixius
1307 3853 1558 3949 Anzoguidius,
1587 3853 1743 3926 Jacobus
1772 3853 1986 3950 Artenisius,
2017 3853 2173 3926 Thomas

355 3979 585 4074 Formaglini,
617 3977 881 4073 Bambagliolus
911 3978 953 4049 de
983 3976 1248 4073 Bambagliolis,
1279 3977 1745 4050 1666661Β6611611161181.

464 4105 648 4177 XXVIII.
669 4102 971 4199 MCCCXXVI.,
990 4103 1116 4176 XXX.
1133 4102 1219 4175 iulii.
1251 4101 1353 4175 Aliae
1373 4102 1513 4176 litterae
1533 4103 1660 4176 summi
1680 4103 1861 4176 Pontificis
1876 4105 1900 4177 J
1902 4104 2025 4178 oannis
2044 4103 2172 4178 XXII.

356 4229 402 4302 ad
429 4229 686 4320 Bliobarixium
715 4236 750 4300 et
772 4229 949 4332 ¹Dornium
973 4228 1247 4324 samaritanum,
1269 4229 1395 4323 quibus
1416 4253 1536 4300 eorum
1566 4228 1721 4301 studium
1750 4230 1785 4300 in
1813 4227 2010 4302 Ecclesiam
2038 4228 2173 4326 laudat,

359 4355 467 4427 6161
497 4363 639 4427 strenue
669 4354 953 4451 prosequendum
982 4349 1211 4425 1161161610).

462 4480 572 4552 Plura
601 4491 724 4552 contra
755 4479 1043 4552 Lambertaccios
1070 4479 1137 4551 hoe
1166 4503 1258 4552 anno
1287 4479 1431 4552 decreta
1459 4487 1552 4575 sunt,
1575 4481 1701 4577 quibus
1721 4480 1883 4553 interfuit
1912 4490 2081 4578 tanquam
2110 4480 2174 4554 Sa-

358 4606 458 4703 piens
486 4605 726 4677 Bliobarixins
742 4601 810 4677 (¹0).

467 4729 614 4802 XXIX.
636 4727 916 4802 MCCCXXVI.
946 4729 1031 4801 Dux
1059 4728 1246 4801 Calabriae
1276 4727 1436 4826 Carolus,
1457 4728 1549 4801 filius
1577 4729 1726 4802 Roberti
1755 4731 1859 4826 regis,
1882 4729 2015 4802 electus
2044 4755 2065 4803 a
2093 4729 2176 4803 Flo-

359 4855 506 4928 rentinis
535 4854 653 4927 fuerat
681 4855 843 4926 dominus
871 4853 1073 4927 Florentiae
1103 4855 1148 4926 ad
1176 4855 1397 4928 decennium.
1428 4855 1517 4927 Cum
1542 4855 1650 4951 igitur
1668 4855 1725 4928 ille
1746 4879 1826 4927 cum
1844 4880 1955 4929 uxore
1976 4880 2040 4928 sua
2059 4855 2176 4928 Maria

358 4979 394 5052 in
421 4979 603 5051 Etruriam
632 4979 852 5076 peruenisset
881 4989 916 5051 et
945 4980 1055 5052 Senas
1085 4980 1140 5052 (116
1170 4980 1218 5053 X.
1240 4979 1315 5051 iulii
1333 4981 1551 5076 accessisset,
1573 4981 1690 5076 ibique
1716 4988 1843 5074 rogatu
1864 4980 2072 5053 Senensium
2092 5005 2175 5054 con-

359 5105 507 5178 stitisset
536 5104 581 5177 ad
610 5105 803 5177 discordias
837 5106 1098 5201 componendas
1127 5106 1220 5178 inter
1256 5105 1491 5202 amplissimas
1524 5105 1676 5178 familias
1713 5105 1950 5178 Salimbeuam
1981 5104 2175 5179 611711616-

360 5255 519 5324 maeam,
551 5254 592 5301 eo
627 5229 823 5301 Florentini
862 5239 897 5302 et
932 5230 1174 5302 Bononienses
1201 5229 1397 5325 legationes
1426 5255 1507 5302 suas
1536 5231 1581 5303 ad
1610 5230 1777 5303 Carolum
1806 5231 2029 5303 invisendum
2064 5239 2100 5303 et
2133 5231 2175 5304 16

361 5355 517 5428 6116616
545 5354 796 5450 gratulandum
830 5355 1013 5428 miserunt.
1047 5355 1147 5428 Senis
1177 5355 1312 5453 pacatis
1341 5357 1458 5452 rebus,
1480 5356 1658 5453 proiectus
1688 5355 1836 5429 Carolus
1865 5365 1918 5428 est
1944 5355 2174 5453 Florentiam,

359 5481 591 5578 pervenitque
622 5480 675 5551 die
705 5481 831 5552 XXX.
861 5480 935 5551 iulii
965 5481 1133 5552 eiusdem.
1163 5480 1215 5552 Eo
1244 5504 1378 5576 rursus,
1406 5482 1599 5577 eademque
1630 5482 1672 5553 de
1701 5505 1838 5576 caussa,
1869 5482 2010 5554 eosdem
2039 5479 2175 5576 legatos

438 5976 477 6041 (1)
498 5974 556 6025 Lib.
578 5973 637 6039 Ref.
657 5974 694 6040 B,
713 5975 759 6027 fol.
780 5977 840 6027 235.
1374 5979 1413 6042 (6)
1435 5977 1579 6044 Gymaaar'i
1601 5976 1718 6042 Berroia,
1738 5977 1911 6028 1166666616
1931 5993 1957 6028 n.
1972 5975 2176 6028 aa-nxxvlss.

438 6065 476 6128 (2)
498 6064 576 6114 Ilcm.
589 6064 686 6115 Jacobi
703 6065 838 6130 quotidem
857 6065 989 6117 Zanzouis
1009 6065 1194 6130 1161166131
1213 6085 1237 6118 r.
1374 6069 1413 6132 (l)
1434 6067 1474 6118 Ex
1491 6067 1567 6118 Mem.
1581 6066 1714 6118 (luidonis
1727 6067 1861 6133 quondam
1879 6066 1986 6132 Uyolim'
1998 6067 2030 6116 de
2044 6064 2176 6130 Gucrciia,

439 6155 477 6220 (3)
497 6153 560 6219 Bep.
576 6154 677 6219 Graes,
691 6159 709 6206 t.
724 6155 770 6219 11,
784 6156 803 6206 f.
818 6159 841 6206 8.
855 6155 917 6206 Vid.
931 6157 958 6206 in
977 6158 1029 6208 hoc
1048 6158 1101 6208 rol.
1115 6175 1176 6226 pag.
1191 6160 1239 6209 201
1297 6158 1345 6209 161.
1366 6160 1409 6222 21,
1429 6161 1471 6222 22,
1491 6161 1533 6222 23,
1554 6159 1586 6207 25
1607 6174 1632 6208 v.
1653 6160 1680 6208 ot
1700 6161 1742 6208 26.

359 6246 387 6295 61
406 6245 465 6294 202.
1378 6248 1417 6312 (8)
1437 6246 1521 6315 Negti
1534 6247 1567 6297 61
1581 6246 1653 6298 hune
1667 6264 1777 6312 annum,
1792 6250 1818 6298 et
1833 6245 1959 6298 Gbirard.
1974 6249 1992 6296 t.
2003 6245 2050 6311 11,
2060 6262 2122 6314 pag.
2134 6248 2176 6296 64.

439 6333 478 6399 (l)
498 6332 530 6384 In
549 6335 610 6385 Lib.
632 6335 748 6400 Refornr.
770 6335 802 6400 C,
822 6353 845 6388 o.
865 6339 925 6387 442.
1377 6338 1417 6402 (9)
1439 6335 1583 6402 Gyrnnasii
1601 6336 1713 6401 Bonan,
1732 6337 1852 6388 tronum.
1872 6353 1899 6386 6.
1919 6333 2106 6387 aa-LXXXV.

438 6423 477 6487 (5)
498 6421 1038 6491 1166111166616166611166666666
1059 6430 1086 6478 61
1106 6426 1240 6492 (11111611,
1358 6430 1415 6494 (10)
1437 6427 1577 6494 01111611,
1597 6433 1616 6478 1.
1637 6427 1682 6492 ΙΙ,
1702 6443 1762 6495 pag.
1784 6429 1827 6478 13.

361 6514 380 6563 1.
400 6511 438 6576 ΙΙ,
456 6528 518 6581 pag.
537 6515 579 6564 56.
