<?xml version="1.0" encoding="UTF-8"?>
<!DOCTYPE html PUBLIC "-//W3C//DTD XHTML 1.0 Transitional//EN"
    "http://www.w3.org/TR/xhtml1/DTD/xhtml1-transitional.dtd">
<html xmlns="http://www.w3.org/1999/xhtml" xml:lang="en" lang="en">
 <head>
  <title>
</title>
<meta http-equiv="Content-Type" content="text/html;charset=utf-8" />
  <meta name='ocr-system' content='tesseract 3.04.00' />
  <meta name='ocr-capabilities' content='ocr_page ocr_carea ocr_par ocr_line ocrx_word'/>
</head>
<body>
  <div class='ocr_page' id='page_1' title='image "./declarisarchigy01albigoog_0169.png"; bbox 0 0 5490 7750; ppageno 0'>
   <div class='ocr_carea' id='block_1_1' title="bbox 856 1178 1613 1346">
    <p class='ocr_par' dir='ltr' id='par_1_1' title="bbox 856 1178 1613 1346">
     <span class='ocr_line' id='line_1_1' title="bbox 856 1178 1613 1346; baseline -0.007 -5"><span class='ocrx_word' id='word_1_1' title='bbox 856 1178 1613 1346; x_wconf 85' lang='lat' dir='ltr'>MONUMENTA</span> 
     </span>
    </p>
   </div>
   <div class='ocr_carea' id='block_1_2' title="bbox 1094 1511 1376 1579">
    <p class='ocr_par' dir='ltr' id='par_1_2' title="bbox 1094 1511 1376 1579">
     <span class='ocr_line' id='line_1_2' title="bbox 1094 1511 1376 1579; baseline -0.004 0"><span class='ocrx_word' id='word_1_2' title='bbox 1094 1511 1376 1579; x_wconf 69' lang='lat' dir='ltr'>annonarium</span> 
     </span>
    </p>
   </div>
   <div class='ocr_carea' id='block_1_3' title="bbox 531 1747 1948 1864">
    <p class='ocr_par' dir='ltr' id='par_1_3' title="bbox 531 1747 1948 1864">
     <span class='ocr_line' id='line_1_3' title="bbox 531 1747 1948 1864; baseline -0.005 0"><span class='ocrx_word' id='word_1_3' title='bbox 531 1757 643 1864; x_wconf 86' lang='lat' dir='ltr'>AD</span> <span class='ocrx_word' id='word_1_4' title='bbox 693 1749 1230 1864; x_wconf 81' lang='lat' dir='ltr'><strong>PROFESSORES</strong></span> <span class='ocrx_word' id='word_1_5' title='bbox 1275 1751 1500 1862; x_wconf 78' lang='lat' dir='ltr'>JURIS</span> <span class='ocrx_word' id='word_1_6' title='bbox 1551 1747 1948 1860; x_wconf 80' lang='lat' dir='ltr'><strong>OANONIOI.</strong></span> 
     </span>
    </p>
   </div>
   <div class='ocr_carea' id='block_1_4' title="bbox 1224 2709 1251 2774">
    <p class='ocr_par' dir='ltr' id='par_1_4' title="bbox 1224 2709 1251 2774">
     <span class='ocr_line' id='line_1_4' title="bbox 1224 2709 1251 2774; baseline -0.037 0"><span class='ocrx_word' id='word_1_7' title='bbox 1224 2709 1251 2774; x_wconf 91' lang='lat' dir='ltr'>l.</span> 
     </span>
    </p>
   </div>
   <div class='ocr_carea' id='block_1_5' title="bbox 449 2922 2025 3436">
    <p class='ocr_par' dir='ltr' id='par_1_5' title="bbox 449 2922 2025 3436">
     <span class='ocr_line' id='line_1_5' title="bbox 1049 2922 1425 2989; baseline 0.003 -2"><span class='ocrx_word' id='word_1_8' title='bbox 1049 2922 1179 2988; x_wconf 81' lang='lat' dir='ltr'>Ineunte</span> <span class='ocrx_word' id='word_1_9' title='bbox 1201 2925 1320 2989; x_wconf 78' lang='lat' dir='ltr'>soeculo</span> <span class='ocrx_word' id='word_1_10' title='bbox 1343 2923 1425 2988; x_wconf 87' lang='lat' dir='ltr'><strong><em>XII.</em></strong></span> 
     </span>
     <span class='ocr_line' id='line_1_6' title="bbox 449 3135 2025 3223; baseline -0.006 -16"><span class='ocrx_word' id='word_1_11' title='bbox 449 3143 502 3208; x_wconf 84' lang='lat' dir='ltr'>Ex</span> <span class='ocrx_word' id='word_1_12' title='bbox 526 3141 654 3207; x_wconf 81' lang='lat' dir='ltr'>Mitroie</span> <span class='ocrx_word' id='word_1_13' title='bbox 678 3140 813 3223; x_wconf 83' lang='lat' dir='ltr'>Sicordi,</span> <span class='ocrx_word' id='word_1_14' title='bbox 836 3139 1037 3204; x_wconf 77' lang='lat' dir='ltr'><strong><em>cremonensis</em></strong></span> <span class='ocrx_word' id='word_1_15' title='bbox 1059 3138 1196 3223; x_wconf 73' lang='lat' dir='ltr'><em>episcopi,</em></span> <span class='ocrx_word' id='word_1_16' title='bbox 1221 3137 1254 3201; x_wconf 91' lang='lat' dir='ltr'>in</span> <span class='ocrx_word' id='word_1_17' title='bbox 1278 3137 1347 3202; x_wconf 92' lang='lat' dir='ltr'>cod.</span> <span class='ocrx_word' id='word_1_18' title='bbox 1371 3159 1403 3202; x_wconf 92' lang='lat' dir='ltr'>n.</span> <span class='ocrx_word' id='word_1_19' title='bbox 1430 3139 1514 3202; x_wconf 82' lang='lat'>1135</span> <span class='ocrx_word' id='word_1_20' title='bbox 1538 3136 1760 3201; x_wconf 79' lang='lat' dir='ltr'>Bibliothecae</span> <span class='ocrx_word' id='word_1_21' title='bbox 1783 3135 1986 3200; x_wconf 87' lang='lat' dir='ltr'>Vaticanas(</span> <span class='ocrx_word' id='word_1_22' title='bbox 2005 3135 2025 3199; x_wconf 85' lang='lat' dir='ltr'>l.</span> 
     </span>
     <span class='ocr_line' id='line_1_7' title="bbox 1010 3351 1466 3436; baseline 0.004 -21"><span class='ocrx_word' id='word_1_23' title='bbox 1010 3351 1249 3436; x_wconf 83' lang='lat' dir='ltr'>[Pnooannum</span> <span class='ocrx_word' id='word_1_24' title='bbox 1271 3351 1466 3435; x_wconf 84' lang='lat' dir='ltr'>Aucroars]</span> 
     </span>
    </p>
   </div>
   <div class='ocr_carea' id='block_1_6' title="bbox 329 3565 2156 5482">
    <p class='ocr_par' dir='ltr' id='par_1_6' title="bbox 329 3565 2156 5482">
     <span class='ocr_line' id='line_1_8' title="bbox 415 3565 2152 3656; baseline -0.003 -22"><span class='ocrx_word' id='word_1_25' title='bbox 415 3568 560 3635; x_wconf 78' lang='lat' dir='ltr'>Divitem</span> <span class='ocrx_word' id='word_1_26' title='bbox 584 3567 789 3656; x_wconf 81' lang='lat' dir='ltr'><strong>prudentem,</strong></span> <span class='ocrx_word' id='word_1_27' title='bbox 808 3565 864 3652; x_wconf 91' lang='lat' dir='ltr'>qui</span> <span class='ocrx_word' id='word_1_28' title='bbox 887 3565 1087 3630; x_wconf 86' lang='lat' dir='ltr'>necessarios</span> <span class='ocrx_word' id='word_1_29' title='bbox 1112 3586 1187 3630; x_wconf 90' lang='lat' dir='ltr'>suos</span> <span class='ocrx_word' id='word_1_30' title='bbox 1211 3565 1252 3629; x_wconf 91' lang='lat' dir='ltr'>ad</span> <span class='ocrx_word' id='word_1_31' title='bbox 1276 3586 1390 3630; x_wconf 89' lang='lat' dir='ltr'>cenam</span> <span class='ocrx_word' id='word_1_32' title='bbox 1413 3565 1551 3630; x_wconf 83' lang='lat' dir='ltr'>invitare</span> <span class='ocrx_word' id='word_1_33' title='bbox 1575 3565 1724 3649; x_wconf 87' lang='lat' dir='ltr'>voluerit,</span> <span class='ocrx_word' id='word_1_34' title='bbox 1742 3565 1931 3630; x_wconf 76' lang='lat' dir='ltr'>cenaculum</span> <span class='ocrx_word' id='word_1_35' title='bbox 1954 3573 1987 3630; x_wconf 91' lang='lat' dir='ltr'>et</span> <span class='ocrx_word' id='word_1_36' title='bbox 2010 3565 2152 3631; x_wconf 86' lang='lat' dir='ltr'>officinas</span> 
     </span>
     <span class='ocr_line' id='line_1_9' title="bbox 329 3669 2153 3759; baseline -0.004 -16"><span class='ocrx_word' id='word_1_37' title='bbox 329 3683 515 3744; x_wconf 87' lang='lat' dir='ltr'>construere</span> <span class='ocrx_word' id='word_1_38' title='bbox 540 3675 691 3741; x_wconf 87' lang='lat' dir='ltr'>convenit</span> <span class='ocrx_word' id='word_1_39' title='bbox 713 3679 746 3738; x_wconf 91' lang='lat' dir='ltr'>et</span> <span class='ocrx_word' id='word_1_40' title='bbox 770 3694 896 3756; x_wconf 89' lang='lat' dir='ltr'>ornare,</span> <span class='ocrx_word' id='word_1_41' title='bbox 914 3672 1066 3737; x_wconf 76' lang='lat' dir='ltr'>utensilia</span> <span class='ocrx_word' id='word_1_42' title='bbox 1089 3692 1275 3759; x_wconf 88' lang='lat' dir='ltr'>preparare,</span> <span class='ocrx_word' id='word_1_43' title='bbox 1292 3669 1464 3737; x_wconf 83' lang='lat' dir='ltr'>ministros</span> <span class='ocrx_word' id='word_1_44' title='bbox 1478 3673 1657 3756; x_wconf 79' lang='lat' dir='ltr'>instituere,</span> <span class='ocrx_word' id='word_1_45' title='bbox 1674 3672 1820 3738; x_wconf 82' lang='lat' dir='ltr'>vestibus</span> <span class='ocrx_word' id='word_1_46' title='bbox 1843 3672 2006 3756; x_wconf 89' lang='lat' dir='ltr'>decorare,</span> <span class='ocrx_word' id='word_1_47' title='bbox 2024 3672 2153 3737; x_wconf 89' lang='lat' dir='ltr'>demum</span> 
     </span>
     <span class='ocr_line' id='line_1_10' title="bbox 329 3779 2154 3870; baseline -0.003 -21"><span class='ocrx_word' id='word_1_48' title='bbox 329 3785 459 3870; x_wconf 75' lang='lat' dir='ltr'>singula</span> <span class='ocrx_word' id='word_1_49' title='bbox 483 3783 587 3848; x_wconf 86' lang='lat' dir='ltr'>officia</span> <span class='ocrx_word' id='word_1_50' title='bbox 609 3781 745 3868; x_wconf 86' lang='lat' dir='ltr'>singulis</span> <span class='ocrx_word' id='word_1_51' title='bbox 770 3779 938 3866; x_wconf 83' lang='lat' dir='ltr'>assignare</span> <span class='ocrx_word' id='word_1_52' title='bbox 962 3779 1126 3844; x_wconf 81' lang='lat' dir='ltr'>ministris.</span> <span class='ocrx_word' id='word_1_53' title='bbox 1153 3779 1205 3844; x_wconf 81' lang='lat' dir='ltr'>Sic</span> <span class='ocrx_word' id='word_1_54' title='bbox 1229 3779 1319 3844; x_wconf 87' lang='lat' dir='ltr'>dives</span> <span class='ocrx_word' id='word_1_55' title='bbox 1342 3779 1397 3844; x_wconf 90' lang='lat' dir='ltr'>ille</span> <span class='ocrx_word' id='word_1_56' title='bbox 1421 3780 1474 3845; x_wconf 89' lang='lat' dir='ltr'>oui</span> <span class='ocrx_word' id='word_1_57' title='bbox 1497 3779 1604 3845; x_wconf 88' lang='lat' dir='ltr'>omnia</span> <span class='ocrx_word' id='word_1_58' title='bbox 1629 3781 1784 3864; x_wconf 78' lang='lat' dir='ltr'>serviunt,</span> <span class='ocrx_word' id='word_1_59' title='bbox 1801 3780 1834 3845; x_wconf 93' lang='lat' dir='ltr'>in</span> <span class='ocrx_word' id='word_1_60' title='bbox 1857 3780 2015 3868; x_wconf 90' lang='lat' dir='ltr'>principio</span> <span class='ocrx_word' id='word_1_61' title='bbox 2031 3780 2154 3845; x_wconf 87' lang='lat' dir='ltr'>creavit</span> 
     </span>
     <span class='ocr_line' id='line_1_11' title="bbox 331 3886 2152 3974; baseline -0.004 -18"><span class='ocrx_word' id='word_1_62' title='bbox 331 3892 436 3957; x_wconf 87' lang='lat' dir='ltr'>celum</span> <span class='ocrx_word' id='word_1_63' title='bbox 459 3897 494 3954; x_wconf 90' lang='lat' dir='ltr'>et</span> <span class='ocrx_word' id='word_1_64' title='bbox 515 3897 646 3972; x_wconf 91' lang='lat' dir='ltr'>terram,</span> <span class='ocrx_word' id='word_1_65' title='bbox 663 3909 752 3952; x_wconf 88' lang='lat' dir='ltr'>mare</span> <span class='ocrx_word' id='word_1_66' title='bbox 776 3895 810 3952; x_wconf 91' lang='lat' dir='ltr'>et</span> <span class='ocrx_word' id='word_1_67' title='bbox 834 3889 943 3953; x_wconf 89' lang='lat' dir='ltr'>omnia</span> <span class='ocrx_word' id='word_1_68' title='bbox 967 3909 1029 3974; x_wconf 88' lang='lat' dir='ltr'>que</span> <span class='ocrx_word' id='word_1_69' title='bbox 1053 3887 1087 3952; x_wconf 90' lang='lat' dir='ltr'>in</span> <span class='ocrx_word' id='word_1_70' title='bbox 1110 3887 1156 3952; x_wconf 86' lang='lat' dir='ltr'>eia</span> <span class='ocrx_word' id='word_1_71' title='bbox 1179 3893 1264 3970; x_wconf 88' lang='lat' dir='ltr'>sunt,</span> <span class='ocrx_word' id='word_1_72' title='bbox 1286 3892 1318 3951; x_wconf 91' lang='lat' dir='ltr'>et</span> <span class='ocrx_word' id='word_1_73' title='bbox 1341 3886 1453 3951; x_wconf 92' lang='lat' dir='ltr'>mundi</span> <span class='ocrx_word' id='word_1_74' title='bbox 1475 3887 1625 3953; x_wconf 90' lang='lat' dir='ltr'>machina</span> <span class='ocrx_word' id='word_1_75' title='bbox 1650 3909 1722 3952; x_wconf 89' lang='lat' dir='ltr'>oum</span> <span class='ocrx_word' id='word_1_76' title='bbox 1745 3887 1963 3952; x_wconf 81' lang='lat' dir='ltr'>mundialibus</span> <span class='ocrx_word' id='word_1_77' title='bbox 1983 3887 2152 3970; x_wconf 85' lang='lat' dir='ltr'>fabricata,</span> 
     </span>
     <span class='ocr_line' id='line_1_12' title="bbox 329 3994 2152 4082; baseline -0.002 -19"><span class='ocrx_word' id='word_1_78' title='bbox 329 3999 482 4064; x_wconf 79' lang='lat' dir='ltr'>formavit</span> <span class='ocrx_word' id='word_1_79' title='bbox 513 3996 677 4062; x_wconf 92' lang='lat' dir='ltr'>hominem</span> <span class='ocrx_word' id='word_1_80' title='bbox 707 3995 747 4060; x_wconf 88' lang='lat' dir='ltr'>de</span> <span class='ocrx_word' id='word_1_81' title='bbox 779 3995 856 4060; x_wconf 90' lang='lat' dir='ltr'>limo</span> <span class='ocrx_word' id='word_1_82' title='bbox 880 4001 967 4060; x_wconf 86' lang='lat' dir='ltr'>terre</span> <span class='ocrx_word' id='word_1_83' title='bbox 996 4001 1028 4060; x_wconf 91' lang='lat' dir='ltr'>et</span> <span class='ocrx_word' id='word_1_84' title='bbox 1056 3995 1192 4081; x_wconf 80' lang='lat' dir='ltr'>spiravit</span> <span class='ocrx_word' id='word_1_85' title='bbox 1204 3994 1242 4060; x_wconf 82' lang='lat'>(2)</span> <span class='ocrx_word' id='word_1_86' title='bbox 1266 3995 1296 4058; x_wconf 91' lang='lat' dir='ltr'>ei</span> <span class='ocrx_word' id='word_1_87' title='bbox 1322 3995 1520 4081; x_wconf 84' lang='lat' dir='ltr'>spiraculum</span> <span class='ocrx_word' id='word_1_88' title='bbox 1542 3995 1623 4079; x_wconf 80' lang='lat' dir='ltr'>vito,</span> <span class='ocrx_word' id='word_1_89' title='bbox 1649 4001 1681 4060; x_wconf 87' lang='lat' dir='ltr'>at</span> <span class='ocrx_word' id='word_1_90' title='bbox 1711 3994 1819 4082; x_wconf 87' lang='lat' dir='ltr'>posuit</span> <span class='ocrx_word' id='word_1_91' title='bbox 1842 4016 1916 4060; x_wconf 89' lang='lat' dir='ltr'>eum</span> <span class='ocrx_word' id='word_1_92' title='bbox 1940 3995 1973 4059; x_wconf 90' lang='lat' dir='ltr'>in</span> <span class='ocrx_word' id='word_1_93' title='bbox 1995 3994 2152 4059; x_wconf 89' lang='lat' dir='ltr'>Paradiso</span> 
     </span>
     <span class='ocr_line' id='line_1_13' title="bbox 331 4101 2154 4193; baseline -0.003 -22"><span class='ocrx_word' id='word_1_94' title='bbox 331 4105 517 4193; x_wconf 86' lang='lat' dir='ltr'>voluptatis,</span> <span class='ocrx_word' id='word_1_95' title='bbox 534 4104 705 4190; x_wconf 85' lang='lat' dir='ltr'>assignans</span> <span class='ocrx_word' id='word_1_96' title='bbox 730 4104 801 4188; x_wconf 88' lang='lat' dir='ltr'>ejus</span> <span class='ocrx_word' id='word_1_97' title='bbox 824 4102 925 4167; x_wconf 79' lang='lat' dir='ltr'>victui</span> <span class='ocrx_word' id='word_1_98' title='bbox 948 4123 1043 4167; x_wconf 91' lang='lat' dir='ltr'>omne</span> <span class='ocrx_word' id='word_1_99' title='bbox 1066 4102 1193 4188; x_wconf 84' lang='lat' dir='ltr'>lignum</span> <span class='ocrx_word' id='word_1_100' title='bbox 1212 4101 1383 4190; x_wconf 87' lang='lat' dir='ltr'>pulchrum</span> <span class='ocrx_word' id='word_1_101' title='bbox 1405 4102 1477 4167; x_wconf 87' lang='lat' dir='ltr'>visu</span> <span class='ocrx_word' id='word_1_102' title='bbox 1500 4108 1532 4167; x_wconf 92' lang='lat' dir='ltr'>et</span> <span class='ocrx_word' id='word_1_103' title='bbox 1556 4103 1598 4166; x_wconf 88' lang='lat' dir='ltr'>ad</span> <span class='ocrx_word' id='word_1_104' title='bbox 1620 4102 1816 4168; x_wconf 81' lang='lat' dir='ltr'>vescendum</span> <span class='ocrx_word' id='word_1_105' title='bbox 1832 4123 1929 4168; x_wconf 88' lang='lat' dir='ltr'>soave</span> <span class='ocrx_word' id='word_1_106' title='bbox 1943 4102 1992 4168; x_wconf 78' lang='lat'>(⁸).</span> <span class='ocrx_word' id='word_1_107' title='bbox 2010 4101 2154 4187; x_wconf 76' lang='lat' dir='ltr'>Cumque</span> 
     </span>
     <span class='ocr_line' id='line_1_14' title="bbox 330 4209 2154 4298; baseline -0.002 -20"><span class='ocrx_word' id='word_1_108' title='bbox 330 4213 403 4278; x_wconf 90' lang='lat' dir='ltr'>finis</span> <span class='ocrx_word' id='word_1_109' title='bbox 426 4212 575 4277; x_wconf 83' lang='lat' dir='ltr'>universe</span> <span class='ocrx_word' id='word_1_110' title='bbox 600 4211 706 4276; x_wconf 86' lang='lat' dir='ltr'>carnis</span> <span class='ocrx_word' id='word_1_111' title='bbox 729 4210 871 4276; x_wconf 83' lang='lat' dir='ltr'>venisset</span> <span class='ocrx_word' id='word_1_112' title='bbox 896 4231 1006 4274; x_wconf 88' lang='lat' dir='ltr'>coram</span> <span class='ocrx_word' id='word_1_113' title='bbox 1027 4231 1076 4293; x_wconf 91' lang='lat' dir='ltr'>eo,</span> <span class='ocrx_word' id='word_1_114' title='bbox 1103 4209 1179 4296; x_wconf 91' lang='lat' dir='ltr'>quia</span> <span class='ocrx_word' id='word_1_115' title='bbox 1201 4215 1288 4274; x_wconf 90' lang='lat' dir='ltr'>terra</span> <span class='ocrx_word' id='word_1_116' title='bbox 1311 4209 1418 4275; x_wconf 86' lang='lat' dir='ltr'>fuerat</span> <span class='ocrx_word' id='word_1_117' title='bbox 1441 4209 1611 4296; x_wconf 84' lang='lat' dir='ltr'>iniquitate</span> <span class='ocrx_word' id='word_1_118' title='bbox 1635 4209 1776 4298; x_wconf 89' lang='lat' dir='ltr'>repleta,</span> <span class='ocrx_word' id='word_1_119' title='bbox 1799 4209 1841 4274; x_wconf 90' lang='lat' dir='ltr'>ad</span> <span class='ocrx_word' id='word_1_120' title='bbox 1864 4209 2072 4275; x_wconf 87' lang='lat' dir='ltr'>seminarium</span> <span class='ocrx_word' id='word_1_121' title='bbox 2094 4209 2154 4275; x_wconf 90' lang='lat' dir='ltr'>sei·</span> 
     </span>
     <span class='ocr_line' id='line_1_15' title="bbox 330 4316 2156 4405; baseline -0.002 -21"><span class='ocrx_word' id='word_1_122' title='bbox 330 4321 406 4386; x_wconf 89' lang='lat' dir='ltr'>lieet</span> <span class='ocrx_word' id='word_1_123' title='bbox 418 4320 457 4386; x_wconf 85' lang='lat'>(4)</span> <span class='ocrx_word' id='word_1_124' title='bbox 482 4319 615 4405; x_wconf 85' lang='lat' dir='ltr'>originis</span> <span class='ocrx_word' id='word_1_125' title='bbox 639 4317 908 4400; x_wconf 86' lang='lat' dir='ltr'>conservandum,</span> <span class='ocrx_word' id='word_1_126' title='bbox 929 4337 1039 4382; x_wconf 87' lang='lat' dir='ltr'>arcam</span> <span class='ocrx_word' id='word_1_127' title='bbox 1062 4317 1093 4381; x_wconf 88' lang='lat' dir='ltr'>ei</span> <span class='ocrx_word' id='word_1_128' title='bbox 1114 4316 1153 4380; x_wconf 92' lang='lat' dir='ltr'>de</span> <span class='ocrx_word' id='word_1_129' title='bbox 1177 4316 1274 4402; x_wconf 84' lang='lat' dir='ltr'>lignis</span> <span class='ocrx_word' id='word_1_130' title='bbox 1296 4316 1447 4403; x_wconf 86' lang='lat' dir='ltr'>levigatis</span> <span class='ocrx_word' id='word_1_131' title='bbox 1471 4323 1503 4382; x_wconf 87' lang='lat' dir='ltr'>et</span> <span class='ocrx_word' id='word_1_132' title='bbox 1526 4317 1778 4404; x_wconf 89' lang='lat' dir='ltr'>imputribilibus</span> <span class='ocrx_word' id='word_1_133' title='bbox 1801 4317 1881 4401; x_wconf 87' lang='lat' dir='ltr'>fieri,</span> <span class='ocrx_word' id='word_1_134' title='bbox 1907 4324 1938 4382; x_wconf 92' lang='lat' dir='ltr'>et</span> <span class='ocrx_word' id='word_1_135' title='bbox 1961 4317 1995 4382; x_wconf 91' lang='lat' dir='ltr'>in</span> <span class='ocrx_word' id='word_1_136' title='bbox 2018 4337 2090 4382; x_wconf 89' lang='lat' dir='ltr'>eam</span> <span class='ocrx_word' id='word_1_137' title='bbox 2114 4338 2156 4382; x_wconf 83' lang='lat' dir='ltr'>ex</span> 
     </span>
     <span class='ocr_line' id='line_1_16' title="bbox 332 4424 2155 4512; baseline -0.002 -20"><span class='ocrx_word' id='word_1_138' title='bbox 332 4428 479 4494; x_wconf 88' lang='lat' dir='ltr'>omnibus</span> <span class='ocrx_word' id='word_1_139' title='bbox 504 4427 595 4511; x_wconf 86' lang='lat' dir='ltr'>escis,</span> <span class='ocrx_word' id='word_1_140' title='bbox 614 4447 675 4512; x_wconf 88' lang='lat' dir='ltr'>qua</span> <span class='ocrx_word' id='word_1_141' title='bbox 699 4424 809 4489; x_wconf 91' lang='lat' dir='ltr'>mandi</span> <span class='ocrx_word' id='word_1_142' title='bbox 832 4430 978 4511; x_wconf 86' lang='lat' dir='ltr'>possunt,</span> <span class='ocrx_word' id='word_1_143' title='bbox 1000 4431 1036 4489; x_wconf 88' lang='lat' dir='ltr'>ut</span> <span class='ocrx_word' id='word_1_144' title='bbox 1060 4432 1168 4490; x_wconf 87' lang='lat' dir='ltr'>essent</span> <span class='ocrx_word' id='word_1_145' title='bbox 1191 4425 1383 4510; x_wconf 83' lang='lat' dir='ltr'>ingressuris</span> <span class='ocrx_word' id='word_1_146' title='bbox 1408 4425 1441 4489; x_wconf 91' lang='lat' dir='ltr'>in</span> <span class='ocrx_word' id='word_1_147' title='bbox 1464 4425 1600 4509; x_wconf 80' lang='lat' dir='ltr'>victum,</span> <span class='ocrx_word' id='word_1_148' title='bbox 1618 4425 1813 4512; x_wconf 85' lang='lat' dir='ltr'>comportari</span> <span class='ocrx_word' id='word_1_149' title='bbox 1836 4432 1869 4490; x_wconf 89' lang='lat' dir='ltr'>et</span> <span class='ocrx_word' id='word_1_150' title='bbox 1891 4425 1962 4491; x_wconf 89' lang='lat' dir='ltr'>Noe</span> <span class='ocrx_word' id='word_1_151' title='bbox 1986 4447 2059 4491; x_wconf 90' lang='lat' dir='ltr'>cum</span> <span class='ocrx_word' id='word_1_152' title='bbox 2081 4425 2155 4489; x_wconf 91' lang='lat' dir='ltr'>filiis</span> 
     </span>
     <span class='ocr_line' id='line_1_17' title="bbox 331 4531 2155 4620; baseline -0.002 -20"><span class='ocrx_word' id='word_1_153' title='bbox 331 4536 397 4601; x_wconf 86' lang='lat' dir='ltr'>suis</span> <span class='ocrx_word' id='word_1_154' title='bbox 410 4535 449 4600; x_wconf 80' lang='grc'>(5)</span> <span class='ocrx_word' id='word_1_155' title='bbox 473 4535 595 4599; x_wconf 87' lang='lat' dir='ltr'>intrare</span> <span class='ocrx_word' id='word_1_156' title='bbox 610 4534 767 4620; x_wconf 84' lang='lat' dir='ltr'>precepit.</span> <span class='ocrx_word' id='word_1_157' title='bbox 783 4531 942 4618; x_wconf 78' lang='lat' dir='ltr'>Magister</span> <span class='ocrx_word' id='word_1_158' title='bbox 965 4532 1065 4597; x_wconf 88' lang='lat' dir='ltr'>otiam</span> <span class='ocrx_word' id='word_1_159' title='bbox 1087 4539 1206 4616; x_wconf 90' lang='lat' dir='ltr'>noster,</span> <span class='ocrx_word' id='word_1_160' title='bbox 1224 4533 1348 4598; x_wconf 79' lang='lat' dir='ltr'>cumlss)</span> <span class='ocrx_word' id='word_1_161' title='bbox 1372 4533 1406 4596; x_wconf 91' lang='lat' dir='ltr'>in</span> <span class='ocrx_word' id='word_1_162' title='bbox 1429 4534 1524 4598; x_wconf 90' lang='lat' dir='ltr'>terris</span> <span class='ocrx_word' id='word_1_163' title='bbox 1547 4533 1635 4598; x_wconf 86' lang='lat' dir='ltr'>visus</span> <span class='ocrx_word' id='word_1_164' title='bbox 1659 4539 1718 4617; x_wconf 90' lang='lat' dir='ltr'>est,</span> <span class='ocrx_word' id='word_1_165' title='bbox 1735 4539 1768 4598; x_wconf 89' lang='lat' dir='ltr'>et</span> <span class='ocrx_word' id='word_1_166' title='bbox 1791 4555 1865 4598; x_wconf 90' lang='lat' dir='ltr'>oum</span> <span class='ocrx_word' id='word_1_167' title='bbox 1881 4534 2064 4598; x_wconf 91' lang='lat' dir='ltr'>hominibus</span> <span class='ocrx_word' id='word_1_168' title='bbox 2081 4554 2155 4599; x_wconf 90' lang='lat' dir='ltr'>con·</span> 
     </span>
     <span class='ocr_line' id='line_1_18' title="bbox 332 4639 2154 4727; baseline -0.001 -20"><span class='ocrx_word' id='word_1_169' title='bbox 332 4648 491 4725; x_wconf 81' lang='lat' dir='ltr'>versatus,</span> <span class='ocrx_word' id='word_1_170' title='bbox 515 4641 628 4706; x_wconf 87' lang='lat' dir='ltr'>volens</span> <span class='ocrx_word' id='word_1_171' title='bbox 651 4662 725 4705; x_wconf 89' lang='lat' dir='ltr'>oum</span> <span class='ocrx_word' id='word_1_172' title='bbox 748 4639 903 4704; x_wconf 89' lang='lat' dir='ltr'>fratribus</span> <span class='ocrx_word' id='word_1_173' title='bbox 927 4639 994 4703; x_wconf 89' lang='lat' dir='ltr'>suis</span> <span class='ocrx_word' id='word_1_174' title='bbox 1026 4646 1058 4704; x_wconf 87' lang='lat' dir='ltr'>et</span> <span class='ocrx_word' id='word_1_175' title='bbox 1088 4639 1254 4727; x_wconf 86' lang='lat' dir='ltr'>discipulis</span> <span class='ocrx_word' id='word_1_176' title='bbox 1278 4639 1455 4705; x_wconf 90' lang='lat' dir='ltr'>secundum</span> <span class='ocrx_word' id='word_1_177' title='bbox 1477 4640 1585 4726; x_wconf 86' lang='lat' dir='ltr'>legem</span> <span class='ocrx_word' id='word_1_178' title='bbox 1607 4641 1775 4706; x_wconf 84' lang='lat' dir='ltr'>comedere</span> <span class='ocrx_word' id='word_1_179' title='bbox 1798 4641 1943 4725; x_wconf 87' lang='lat' dir='ltr'>Pascha,</span> <span class='ocrx_word' id='word_1_180' title='bbox 1968 4641 2051 4706; x_wconf 83' lang='lat' dir='ltr'>dixit</span> <span class='ocrx_word' id='word_1_181' title='bbox 2073 4641 2154 4705; x_wconf 90' lang='lat' dir='ltr'>illis:</span> 
     </span>
     <span class='ocr_line' id='line_1_19' title="bbox 334 4747 2156 4835; baseline -0.001 -21"><span class='ocrx_word' id='word_1_182' title='bbox 334 4750 378 4814; x_wconf 88' lang='lat' dir='ltr'>ite</span> <span class='ocrx_word' id='word_1_183' title='bbox 400 4750 435 4814; x_wconf 89' lang='lat' dir='ltr'>in</span> <span class='ocrx_word' id='word_1_184' title='bbox 457 4749 622 4814; x_wconf 84' lang='lat' dir='ltr'>civitatem</span> <span class='ocrx_word' id='word_1_185' title='bbox 645 4755 678 4812; x_wconf 87' lang='lat' dir='ltr'>ot</span> <span class='ocrx_word' id='word_1_186' title='bbox 702 4753 848 4813; x_wconf 89' lang='lat' dir='ltr'>occurret</span> <span class='ocrx_word' id='word_1_187' title='bbox 868 4747 960 4812; x_wconf 87' lang='lat' dir='ltr'>vobis</span> <span class='ocrx_word' id='word_1_188' title='bbox 984 4747 1079 4812; x_wconf 92' lang='lat' dir='ltr'>homo</span> <span class='ocrx_word' id='word_1_189' title='bbox 1104 4748 1295 4835; x_wconf 88' lang='lat' dir='ltr'>amphoram</span> <span class='ocrx_word' id='word_1_190' title='bbox 1318 4768 1401 4834; x_wconf 89' lang='lat' dir='ltr'>aquo</span> <span class='ocrx_word' id='word_1_191' title='bbox 1425 4747 1574 4813; x_wconf 86' lang='lat' dir='ltr'>baiulans</span> <span class='ocrx_word' id='word_1_192' title='bbox 1599 4795 1840 4816; x_wconf 89' lang='grc'><strong>........</strong></span> <span class='ocrx_word' id='word_1_193' title='bbox 1867 4749 1920 4814; x_wconf 81' lang='lat' dir='ltr'>Sic</span> <span class='ocrx_word' id='word_1_194' title='bbox 1943 4755 1975 4813; x_wconf 87' lang='lat' dir='ltr'>ot</span> <span class='ocrx_word' id='word_1_195' title='bbox 1999 4770 2057 4814; x_wconf 90' lang='lat' dir='ltr'>nos</span> <span class='ocrx_word' id='word_1_196' title='bbox 2081 4749 2156 4814; x_wconf 89' lang='lat' dir='ltr'>licet</span> 
     </span>
     <span class='ocr_line' id='line_1_20' title="bbox 333 4854 2150 4943; baseline -0.001 -22"><span class='ocrx_word' id='word_1_197' title='bbox 333 4856 511 4922; x_wconf 88' lang='lat' dir='ltr'>imitatores</span> <span class='ocrx_word' id='word_1_198' title='bbox 535 4855 660 4942; x_wconf 84' lang='lat' dir='ltr'>indigni</span> <span class='ocrx_word' id='word_1_199' title='bbox 682 4855 822 4942; x_wconf 87' lang='lat' dir='ltr'>penitus,</span> <span class='ocrx_word' id='word_1_200' title='bbox 847 4861 880 4919; x_wconf 91' lang='lat' dir='ltr'>et</span> <span class='ocrx_word' id='word_1_201' title='bbox 911 4855 1087 4920; x_wconf 85' lang='lat' dir='ltr'>imbecilles</span> <span class='ocrx_word' id='word_1_202' title='bbox 1111 4861 1220 4920; x_wconf 90' lang='lat' dir='ltr'>tamen</span> <span class='ocrx_word' id='word_1_203' title='bbox 1243 4854 1283 4919; x_wconf 91' lang='lat' dir='ltr'>ad</span> <span class='ocrx_word' id='word_1_204' title='bbox 1309 4855 1431 4919; x_wconf 89' lang='lat' dir='ltr'>cultum</span> <span class='ocrx_word' id='word_1_205' title='bbox 1453 4855 1617 4940; x_wconf 88' lang='lat' dir='ltr'>Paradisi,</span> <span class='ocrx_word' id='word_1_206' title='bbox 1641 4855 1683 4920; x_wconf 88' lang='lat' dir='ltr'>ad</span> <span class='ocrx_word' id='word_1_207' title='bbox 1714 4863 1951 4921; x_wconf 85' lang='lat' dir='ltr'>sacramentum</span> <span class='ocrx_word' id='word_1_208' title='bbox 1973 4855 2150 4943; x_wconf 89' lang='lat' dir='ltr'>Baptismi,</span> 
     </span>
     <span class='ocr_line' id='line_1_21' title="bbox 333 4962 2150 5051; baseline -0.001 -22"><span class='ocrx_word' id='word_1_209' title='bbox 333 4964 375 5029; x_wconf 87' lang='lat' dir='ltr'>ad</span> <span class='ocrx_word' id='word_1_210' title='bbox 406 4985 519 5029; x_wconf 89' lang='lat' dir='ltr'>cenam</span> <span class='ocrx_word' id='word_1_211' title='bbox 542 4963 691 5047; x_wconf 88' lang='lat' dir='ltr'>Domini,</span> <span class='ocrx_word' id='word_1_212' title='bbox 717 4962 898 5049; x_wconf 78' lang='lat' dir='ltr'>quandoll)</span> <span class='ocrx_word' id='word_1_213' title='bbox 927 4963 960 5027; x_wconf 90' lang='lat' dir='ltr'>in</span> <span class='ocrx_word' id='word_1_214' title='bbox 991 4962 1128 5028; x_wconf 88' lang='lat' dir='ltr'>ecclesia</span> <span class='ocrx_word' id='word_1_215' title='bbox 1151 4970 1226 5027; x_wconf 92' lang='lat' dir='ltr'>sunt</span> <span class='ocrx_word' id='word_1_216' title='bbox 1250 4963 1461 5047; x_wconf 87' lang='lat' dir='ltr'>celebranda,</span> <span class='ocrx_word' id='word_1_217' title='bbox 1486 4964 1603 5029; x_wconf 88' lang='lat' dir='ltr'>fratros</span> <span class='ocrx_word' id='word_1_218' title='bbox 1633 4972 1666 5029; x_wconf 89' lang='lat' dir='ltr'>et</span> <span class='ocrx_word' id='word_1_219' title='bbox 1694 4964 1777 5029; x_wconf 88' lang='lat' dir='ltr'>filios</span> <span class='ocrx_word' id='word_1_220' title='bbox 1801 4964 1968 5030; x_wconf 79' lang='lat' dir='ltr'>invitaturi</span> <span class='ocrx_word' id='word_1_221' title='bbox 1989 4965 2079 5051; x_wconf 88' lang='lat' dir='ltr'>prius</span> <span class='ocrx_word' id='word_1_222' title='bbox 2111 4963 2150 5028; x_wconf 91' lang='lat' dir='ltr'>de</span> 
     </span>
     <span class='ocr_line' id='line_1_22' title="bbox 333 5069 2150 5158; baseline 0 -22"><span class='ocrx_word' id='word_1_223' title='bbox 333 5071 484 5155; x_wconf 89' lang='lat' dir='ltr'>ecelesia,</span> <span class='ocrx_word' id='word_1_224' title='bbox 503 5093 565 5158; x_wconf 91' lang='lat' dir='ltr'>que</span> <span class='ocrx_word' id='word_1_225' title='bbox 588 5070 739 5158; x_wconf 82' lang='lat' dir='ltr'>paradiso</span> <span class='ocrx_word' id='word_1_226' title='bbox 763 5076 796 5134; x_wconf 91' lang='lat' dir='ltr'>et</span> <span class='ocrx_word' id='word_1_227' title='bbox 819 5070 916 5134; x_wconf 88' lang='lat' dir='ltr'>archo</span> <span class='ocrx_word' id='word_1_228' title='bbox 929 5069 968 5135; x_wconf 76' lang='grc' dir='ltr'>(Β)</span> <span class='ocrx_word' id='word_1_229' title='bbox 993 5069 1149 5156; x_wconf 85' lang='lat' dir='ltr'>grandive</span> <span class='ocrx_word' id='word_1_230' title='bbox 1174 5070 1327 5136; x_wconf 84' lang='lat' dir='ltr'>cenaculo</span> <span class='ocrx_word' id='word_1_231' title='bbox 1352 5071 1558 5155; x_wconf 85' lang='lat' dir='ltr'>assimilatur,</span> <span class='ocrx_word' id='word_1_232' title='bbox 1574 5071 1787 5156; x_wconf 86' lang='lat' dir='ltr'>hedificanda,</span> <span class='ocrx_word' id='word_1_233' title='bbox 1808 5071 1953 5136; x_wconf 88' lang='lat' dir='ltr'>ornanda</span> <span class='ocrx_word' id='word_1_234' title='bbox 1976 5078 2008 5137; x_wconf 91' lang='lat' dir='ltr'>et</span> <span class='ocrx_word' id='word_1_235' title='bbox 2030 5071 2150 5136; x_wconf 86' lang='lat' dir='ltr'>utensi·</span> 
     </span>
     <span class='ocr_line' id='line_1_23' title="bbox 333 5177 2151 5265; baseline 0.001 -22"><span class='ocrx_word' id='word_1_236' title='bbox 333 5179 418 5245; x_wconf 88' lang='lat' dir='ltr'>libus</span> <span class='ocrx_word' id='word_1_237' title='bbox 434 5181 505 5265; x_wconf 87' lang='lat' dir='ltr'>ejus</span> <span class='ocrx_word' id='word_1_238' title='bbox 522 5200 657 5264; x_wconf 86' lang='lat' dir='ltr'>agamus</span> <span class='ocrx_word' id='word_1_239' title='bbox 670 5177 720 5243; x_wconf 80' lang='lat'><strong>(⁹).</strong></span> <span class='ocrx_word' id='word_1_240' title='bbox 739 5177 887 5243; x_wconf 82' lang='lat' dir='ltr'>Secundo</span> <span class='ocrx_word' id='word_1_241' title='bbox 912 5178 952 5242; x_wconf 93' lang='lat' dir='ltr'>de</span> <span class='ocrx_word' id='word_1_242' title='bbox 976 5178 1177 5244; x_wconf 86' lang='lat' dir='ltr'>institutione</span> <span class='ocrx_word' id='word_1_243' title='bbox 1201 5184 1232 5243; x_wconf 92' lang='lat' dir='ltr'>et</span> <span class='ocrx_word' id='word_1_244' title='bbox 1255 5179 1400 5244; x_wconf 79' lang='lat' dir='ltr'>vestibus</span> <span class='ocrx_word' id='word_1_245' title='bbox 1423 5185 1455 5244; x_wconf 91' lang='lat' dir='ltr'>et</span> <span class='ocrx_word' id='word_1_246' title='bbox 1477 5179 1591 5244; x_wconf 87' lang='lat' dir='ltr'>habitu</span> <span class='ocrx_word' id='word_1_247' title='bbox 1607 5179 1837 5244; x_wconf 88' lang='lat' dir='ltr'>ministrorum.</span> <span class='ocrx_word' id='word_1_248' title='bbox 1854 5178 1964 5244; x_wconf 84' lang='lat' dir='ltr'>Tertio</span> <span class='ocrx_word' id='word_1_249' title='bbox 1980 5179 2020 5244; x_wconf 88' lang='lat' dir='ltr'>de</span> <span class='ocrx_word' id='word_1_250' title='bbox 2041 5180 2151 5245; x_wconf 90' lang='lat' dir='ltr'>officiis</span> 
     </span>
     <span class='ocr_line' id='line_1_24' title="bbox 334 5284 2151 5372; baseline 0 -22"><span class='ocrx_word' id='word_1_251' title='bbox 334 5286 531 5351; x_wconf 87' lang='lat' dir='ltr'>eorumdem.</span> <span class='ocrx_word' id='word_1_252' title='bbox 557 5284 681 5360; x_wconf 84' lang='lat' dir='ltr'>Quarto</span> <span class='ocrx_word' id='word_1_253' title='bbox 713 5284 753 5349; x_wconf 86' lang='lat' dir='ltr'>de</span> <span class='ocrx_word' id='word_1_254' title='bbox 786 5284 897 5349; x_wconf 89' lang='lat' dir='ltr'>ordino</span> <span class='ocrx_word' id='word_1_255' title='bbox 921 5285 1114 5368; x_wconf 90' lang='lat' dir='ltr'>officiorum,</span> <span class='ocrx_word' id='word_1_256' title='bbox 1139 5307 1201 5371; x_wconf 91' lang='lat' dir='ltr'>que</span> <span class='ocrx_word' id='word_1_257' title='bbox 1225 5306 1290 5351; x_wconf 92' lang='lat' dir='ltr'>nou</span> <span class='ocrx_word' id='word_1_258' title='bbox 1313 5285 1417 5350; x_wconf 92' lang='lat' dir='ltr'>solum</span> <span class='ocrx_word' id='word_1_259' title='bbox 1439 5307 1570 5372; x_wconf 88' lang='lat' dir='ltr'>ponere,</span> <span class='ocrx_word' id='word_1_260' title='bbox 1595 5285 1652 5351; x_wconf 88' lang='lat' dir='ltr'>sed</span> <span class='ocrx_word' id='word_1_261' title='bbox 1674 5286 1772 5350; x_wconf 89' lang='lat' dir='ltr'>etiam</span> <span class='ocrx_word' id='word_1_262' title='bbox 1794 5285 1989 5350; x_wconf 90' lang='lat' dir='ltr'>intendimus</span> <span class='ocrx_word' id='word_1_263' title='bbox 2021 5287 2062 5351; x_wconf 94' lang='lat' dir='ltr'>ad</span> <span class='ocrx_word' id='word_1_264' title='bbox 2092 5307 2151 5350; x_wconf 91' lang='lat' dir='ltr'>un·</span> 
     </span>
     <span class='ocr_line' id='line_1_25' title="bbox 335 5390 2152 5482; baseline 0.001 -25"><span class='ocrx_word' id='word_1_265' title='bbox 335 5414 432 5479; x_wconf 80' lang='lat' dir='ltr'>guam</span> <span class='ocrx_word' id='word_1_266' title='bbox 456 5413 619 5480; x_wconf 85' lang='lat' dir='ltr'>exponere</span> <span class='ocrx_word' id='word_1_267' title='bbox 641 5390 859 5456; x_wconf 85' lang='lat' dir='ltr'>institutiones</span> <span class='ocrx_word' id='word_1_268' title='bbox 883 5392 1093 5477; x_wconf 86' lang='lat' dir='ltr'>singulorum,</span> <span class='ocrx_word' id='word_1_269' title='bbox 1111 5397 1143 5456; x_wconf 88' lang='lat' dir='ltr'>et</span> <span class='ocrx_word' id='word_1_270' title='bbox 1166 5413 1280 5458; x_wconf 87' lang='lat' dir='ltr'>causas</span> <span class='ocrx_word' id='word_1_271' title='bbox 1304 5393 1493 5478; x_wconf 88' lang='lat' dir='ltr'>adijoiantes</span> <span class='ocrx_word' id='word_1_272' title='bbox 1516 5393 1763 5476; x_wconf 89' lang='lat' dir='ltr'>institutionum,</span> <span class='ocrx_word' id='word_1_273' title='bbox 1780 5392 1837 5458; x_wconf 89' lang='lat' dir='ltr'>sed</span> <span class='ocrx_word' id='word_1_274' title='bbox 1859 5392 1892 5457; x_wconf 92' lang='lat' dir='ltr'>in</span> <span class='ocrx_word' id='word_1_275' title='bbox 1916 5394 2021 5458; x_wconf 85' lang='lat' dir='ltr'>causis</span> <span class='ocrx_word' id='word_1_276' title='bbox 2043 5415 2152 5482; x_wconf 87' lang='lat' dir='ltr'>perse·</span> 
     </span>
    </p>
   </div>
   <div class='ocr_carea' id='block_1_7' title="bbox 334 5711 2152 6591">
    <p class='ocr_par' dir='ltr' id='par_1_7' title="bbox 334 5711 2152 6141">
     <span class='ocr_line' id='line_1_26' title="bbox 397 5711 2152 5782; baseline 0.001 -18"><span class='ocrx_word' id='word_1_277' title='bbox 397 5714 436 5781; x_wconf 93' lang='grc'>(1)</span> <span class='ocrx_word' id='word_1_278' title='bbox 446 5712 555 5765; x_wconf 85' lang='lat' dir='ltr'>Mltrale</span> <span class='ocrx_word' id='word_1_279' title='bbox 567 5711 681 5780; x_wconf 81' lang='lat' dir='ltr'>Sicardi,</span> <span class='ocrx_word' id='word_1_280' title='bbox 692 5713 877 5766; x_wconf 83' lang='lat' dir='ltr'>cremonensis</span> <span class='ocrx_word' id='word_1_281' title='bbox 888 5713 1018 5782; x_wconf 88' lang='lat' dir='ltr'>episcopi,</span> <span class='ocrx_word' id='word_1_282' title='bbox 1029 5714 1056 5765; x_wconf 94' lang='lat' dir='ltr'>in</span> <span class='ocrx_word' id='word_1_283' title='bbox 1067 5714 1125 5766; x_wconf 93' lang='lat' dir='ltr'>cod.</span> <span class='ocrx_word' id='word_1_284' title='bbox 1137 5714 1218 5766; x_wconf 79' lang='lat' dir='ltr'>ratio.</span> <span class='ocrx_word' id='word_1_285' title='bbox 1270 5716 1332 5781; x_wconf 76' lang='lat' dir='ltr'>pica</span> <span class='ocrx_word' id='word_1_286' title='bbox 1345 5730 1442 5766; x_wconf 82' lang='lat' dir='ltr'>cursus</span> <span class='ocrx_word' id='word_1_287' title='bbox 1450 5713 1600 5780; x_wconf 80' lang='lat' dir='ltr'>completus,</span> <span class='ocrx_word' id='word_1_288' title='bbox 1611 5717 1676 5767; x_wconf 92' lang='lat' dir='ltr'>tom.</span> <span class='ocrx_word' id='word_1_289' title='bbox 1687 5712 1803 5766; x_wconf 80' lang='lat' dir='ltr'>CCXIII</span> <span class='ocrx_word' id='word_1_290' title='bbox 1816 5714 1948 5780; x_wconf 83' lang='lat' dir='ltr'>(Parisiis,</span> <span class='ocrx_word' id='word_1_291' title='bbox 1961 5717 2040 5782; x_wconf 84' lang='grc'>1855)</span> <span class='ocrx_word' id='word_1_292' title='bbox 2052 5713 2098 5766; x_wconf 80' lang='lat' dir='ltr'>iol.</span> <span class='ocrx_word' id='word_1_293' title='bbox 2111 5718 2152 5780; x_wconf 84' lang='lat'>14,</span> 
     </span>
     <span class='ocr_line' id='line_1_27' title="bbox 336 5802 2152 5874; baseline 0.001 -19"><span class='ocrx_word' id='word_1_294' title='bbox 336 5805 414 5868; x_wconf 79' lang='lat'>1135,</span> <span class='ocrx_word' id='word_1_295' title='bbox 433 5802 644 5855; x_wconf 84' lang='lat' dir='ltr'>membranaceo</span> <span class='ocrx_word' id='word_1_296' title='bbox 663 5802 810 5854; x_wconf 86' lang='lat' dir='ltr'>admodum</span> <span class='ocrx_word' id='word_1_297' title='bbox 830 5803 957 5872; x_wconf 86' lang='lat' dir='ltr'>antiquo,</span> <span class='ocrx_word' id='word_1_298' title='bbox 977 5803 1076 5873; x_wconf 85' lang='lat' dir='ltr'>quique</span> <span class='ocrx_word' id='word_1_299' title='bbox 1097 5803 1218 5856; x_wconf 85' lang='lat' dir='ltr'>eiusdem</span> <span class='ocrx_word' id='word_1_300' title='bbox 1274 5805 1351 5857; x_wconf 87' lang='lat' dir='ltr'>iuxta</span> <span class='ocrx_word' id='word_1_301' title='bbox 1364 5803 1553 5874; x_wconf 82' lang='lat' dir='ltr'>apographum</span> <span class='ocrx_word' id='word_1_302' title='bbox 1565 5803 1593 5854; x_wconf 88' lang='lat' dir='ltr'>in</span> <span class='ocrx_word' id='word_1_303' title='bbox 1610 5803 1777 5857; x_wconf 87' lang='lat' dir='ltr'>bibliotheca</span> <span class='ocrx_word' id='word_1_304' title='bbox 1789 5805 1896 5856; x_wconf 84' lang='lat' dir='ltr'>comitis</span> <span class='ocrx_word' id='word_1_305' title='bbox 1909 5804 1942 5857; x_wconf 89' lang='lat' dir='ltr'>da</span> <span class='ocrx_word' id='word_1_306' title='bbox 1961 5803 2152 5872; x_wconf 80' lang='lat' dir='ltr'>l&#39;llscalopier.</span> 
     </span>
     <span class='ocr_line' id='line_1_28' title="bbox 334 5891 1694 5963; baseline 0 -17"><span class='ocrx_word' id='word_1_307' title='bbox 334 5893 453 5946; x_wconf 85' lang='lat' dir='ltr'>auctoris</span> <span class='ocrx_word' id='word_1_308' title='bbox 474 5895 594 5945; x_wconf 65' lang='lat' dir='ltr'>nentem</span> <span class='ocrx_word' id='word_1_309' title='bbox 620 5892 733 5945; x_wconf 86' lang='lat' dir='ltr'>redolet.</span> <span class='ocrx_word' id='word_1_310' title='bbox 754 5891 821 5944; x_wconf 84' lang='lat' dir='ltr'>Eius</span> <span class='ocrx_word' id='word_1_311' title='bbox 839 5892 884 5945; x_wconf 88' lang='lat' dir='ltr'>hio</span> <span class='ocrx_word' id='word_1_312' title='bbox 904 5893 999 5945; x_wconf 83' lang='lat' dir='ltr'>titulus</span> <span class='ocrx_word' id='word_1_313' title='bbox 1019 5897 1060 5946; x_wconf 81' lang='lat' dir='ltr'>est</span> <span class='ocrx_word' id='word_1_314' title='bbox 1079 5894 1219 5963; x_wconf 85' lang='lat' dir='ltr'>aliquanto</span> <span class='ocrx_word' id='word_1_315' title='bbox 1355 5896 1394 5962; x_wconf 82' lang='lat'>(2)</span> <span class='ocrx_word' id='word_1_316' title='bbox 1413 5893 1520 5963; x_wconf 81' lang='lat' dir='ltr'>Mlgne:</span> <span class='ocrx_word' id='word_1_317' title='bbox 1540 5895 1694 5961; x_wconf 76' lang='lat' dir='ltr'>irrapiraoit.</span> 
     </span>
     <span class='ocr_line' id='line_1_29' title="bbox 334 5981 2152 6051; baseline 0.001 -17"><span class='ocrx_word' id='word_1_318' title='bbox 334 5982 480 6036; x_wconf 81' lang='lat' dir='ltr'>recentiori</span> <span class='ocrx_word' id='word_1_319' title='bbox 505 5981 586 6034; x_wconf 88' lang='lat' dir='ltr'>litera</span> <span class='ocrx_word' id='word_1_320' title='bbox 613 5981 747 6050; x_wconf 83' lang='lat' dir='ltr'>scriptus:</span> <span class='ocrx_word' id='word_1_321' title='bbox 772 5981 915 6034; x_wconf 78' lang='lat' dir='ltr'>Tractatua</span> <span class='ocrx_word' id='word_1_322' title='bbox 937 5983 1055 6050; x_wconf 74' lang='lat' dir='ltr'>prandia</span> <span class='ocrx_word' id='word_1_323' title='bbox 1078 5984 1219 6035; x_wconf 77' lang='lat' dir='ltr'>utilitatis:</span> <span class='ocrx_word' id='word_1_324' title='bbox 1355 5985 1394 6051; x_wconf 81' lang='grc'>(3)</span> <span class='ocrx_word' id='word_1_325' title='bbox 1413 5983 1463 6036; x_wconf 87' lang='grc' dir='ltr'>Μ.;</span> <span class='ocrx_word' id='word_1_326' title='bbox 1483 5999 1572 6048; x_wconf 81' lang='lat' dir='ltr'>succe,</span> <span class='ocrx_word' id='word_1_327' title='bbox 1581 5990 1692 6050; x_wconf 81' lang='lat' dir='ltr'>praeter</span> <span class='ocrx_word' id='word_1_328' title='bbox 1704 5985 1808 6050; x_wconf 75' lang='lat' dir='ltr'>lipnum</span> <span class='ocrx_word' id='word_1_329' title='bbox 1820 5985 1946 6037; x_wconf 78' lang='lat' dir='ltr'>scientiae</span> <span class='ocrx_word' id='word_1_330' title='bbox 1958 5985 2021 6036; x_wconf 82' lang='lat' dir='ltr'>boni</span> <span class='ocrx_word' id='word_1_331' title='bbox 2035 5989 2059 6036; x_wconf 80' lang='lat' dir='ltr'>et</span> <span class='ocrx_word' id='word_1_332' title='bbox 2077 5985 2152 6036; x_wconf 85' lang='lat' dir='ltr'>mali.</span> 
     </span>
     <span class='ocr_line' id='line_1_30' title="bbox 337 6070 1620 6141; baseline 0.002 -18"><span class='ocrx_word' id='word_1_333' title='bbox 337 6070 410 6138; x_wconf 80' lang='lat' dir='ltr'>Opas</span> <span class='ocrx_word' id='word_1_334' title='bbox 426 6070 550 6122; x_wconf 76' lang='lat' dir='ltr'>Matralia</span> <span class='ocrx_word' id='word_1_335' title='bbox 563 6070 681 6137; x_wconf 71' lang='lat' dir='ltr'>sycardi</span> <span class='ocrx_word' id='word_1_336' title='bbox 700 6070 890 6124; x_wconf 78' lang='lat' dir='ltr'>Cremonensis</span> <span class='ocrx_word' id='word_1_337' title='bbox 902 6073 1018 6139; x_wconf 73' lang='lat' dir='ltr'>episcopi</span> <span class='ocrx_word' id='word_1_338' title='bbox 1035 6071 1075 6124; x_wconf 76' lang='lat' dir='ltr'>Do</span> <span class='ocrx_word' id='word_1_339' title='bbox 1096 6072 1177 6138; x_wconf 82' lang='lat' dir='ltr'>Oficio</span> <span class='ocrx_word' id='word_1_340' title='bbox 1196 6080 1219 6125; x_wconf 79' lang='lat' dir='ltr'>ei</span> <span class='ocrx_word' id='word_1_341' title='bbox 1353 6077 1393 6141; x_wconf 80' lang='lat'>(4)</span> <span class='ocrx_word' id='word_1_342' title='bbox 1412 6073 1462 6125; x_wconf 92' lang='lat' dir='ltr'>M.:</span> <span class='ocrx_word' id='word_1_343' title='bbox 1481 6075 1620 6126; x_wconf 79' lang='lat' dir='ltr'>secundae.</span> 
     </span>
    </p>

    <p class='ocr_par' dir='ltr' id='par_1_8' title="bbox 335 6160 1626 6591">
     <span class='ocr_line' id='line_1_31' title="bbox 337 6160 1626 6232; baseline 0.001 -18"><span class='ocrx_word' id='word_1_344' title='bbox 337 6160 439 6214; x_wconf 82' lang='lat' dir='ltr'>Ordine</span> <span class='ocrx_word' id='word_1_345' title='bbox 465 6161 639 6213; x_wconf 78' lang='lat' dir='ltr'>ecclesiastico</span> <span class='ocrx_word' id='word_1_346' title='bbox 659 6178 712 6229; x_wconf 86' lang='lat' dir='ltr'>per</span> <span class='ocrx_word' id='word_1_347' title='bbox 730 6162 861 6214; x_wconf 80' lang='lat' dir='ltr'>circulum</span> <span class='ocrx_word' id='word_1_348' title='bbox 880 6164 958 6215; x_wconf 75' lang='lat' dir='ltr'>arani.</span> <span class='ocrx_word' id='word_1_349' title='bbox 983 6163 1017 6214; x_wconf 94' lang='lat' dir='ltr'>In</span> <span class='ocrx_word' id='word_1_350' title='bbox 1042 6163 1131 6232; x_wconf 86' lang='lat' dir='ltr'>prima</span> <span class='ocrx_word' id='word_1_351' title='bbox 1156 6163 1218 6216; x_wconf 89' lang='lat' dir='ltr'>libri</span> <span class='ocrx_word' id='word_1_352' title='bbox 1354 6166 1394 6229; x_wconf 82' lang='grc'>(5)</span> <span class='ocrx_word' id='word_1_353' title='bbox 1414 6163 1463 6215; x_wconf 87' lang='grc' dir='ltr'>Μ.;</span> <span class='ocrx_word' id='word_1_354' title='bbox 1482 6179 1541 6215; x_wconf 85' lang='lat' dir='ltr'>cnm</span> <span class='ocrx_word' id='word_1_355' title='bbox 1560 6166 1626 6215; x_wconf 78' lang='lat' dir='ltr'>anie.</span> 
     </span>
     <span class='ocr_line' id='line_1_32' title="bbox 336 6250 1556 6322; baseline 0 -18"><span class='ocrx_word' id='word_1_356' title='bbox 336 6251 439 6321; x_wconf 76' lang='lat' dir='ltr'>pagina</span> <span class='ocrx_word' id='word_1_357' title='bbox 456 6251 532 6320; x_wconf 81' lang='lat' dir='ltr'>pieta</span> <span class='ocrx_word' id='word_1_358' title='bbox 551 6254 593 6303; x_wconf 86' lang='lat' dir='ltr'>est</span> <span class='ocrx_word' id='word_1_359' title='bbox 611 6250 717 6304; x_wconf 80' lang='lat' dir='ltr'>Sioardi</span> <span class='ocrx_word' id='word_1_360' title='bbox 735 6252 835 6322; x_wconf 76' lang='lat' dir='ltr'>imago,</span> <span class='ocrx_word' id='word_1_361' title='bbox 854 6252 936 6304; x_wconf 84' lang='lat' dir='ltr'>mitra</span> <span class='ocrx_word' id='word_1_362' title='bbox 959 6255 987 6306; x_wconf 88' lang='lat' dir='ltr'>et</span> <span class='ocrx_word' id='word_1_363' title='bbox 1005 6252 1084 6322; x_wconf 88' lang='lat' dir='ltr'>pedo,</span> <span class='ocrx_word' id='word_1_364' title='bbox 1104 6253 1219 6322; x_wconf 81' lang='lat' dir='ltr'>aliisquo</span> <span class='ocrx_word' id='word_1_365' title='bbox 1354 6255 1393 6320; x_wconf 82' lang='grc'>(6)</span> <span class='ocrx_word' id='word_1_366' title='bbox 1413 6252 1463 6306; x_wconf 77' lang='lat' dir='ltr'>M:</span> <span class='ocrx_word' id='word_1_367' title='bbox 1483 6253 1556 6305; x_wconf 86' lang='lat' dir='ltr'>dum.</span> 
     </span>
     <span class='ocr_line' id='line_1_33' title="bbox 336 6341 1555 6412; baseline 0.003 -20"><span class='ocrx_word' id='word_1_368' title='bbox 336 6341 540 6410; x_wconf 85' lang='lat' dir='ltr'>pontificalibus</span> <span class='ocrx_word' id='word_1_369' title='bbox 554 6341 706 6410; x_wconf 80' lang='lat' dir='ltr'>insignibus</span> <span class='ocrx_word' id='word_1_370' title='bbox 719 6345 824 6394; x_wconf 85' lang='lat' dir='ltr'>ornata.</span> <span class='ocrx_word' id='word_1_371' title='bbox 838 6341 882 6394; x_wconf 88' lang='lat' dir='ltr'>Ita</span> <span class='ocrx_word' id='word_1_372' title='bbox 901 6346 992 6395; x_wconf 86' lang='lat' dir='ltr'>autem</span> <span class='ocrx_word' id='word_1_373' title='bbox 1011 6342 1063 6395; x_wconf 91' lang='lat' dir='ltr'>toti</span> <span class='ocrx_word' id='word_1_374' title='bbox 1081 6345 1156 6412; x_wconf 92' lang='lat' dir='ltr'>operi</span> <span class='ocrx_word' id='word_1_375' title='bbox 1177 6343 1218 6396; x_wconf 84' lang='lat' dir='ltr'>Si·</span> <span class='ocrx_word' id='word_1_376' title='bbox 1352 6346 1392 6410; x_wconf 80' lang='lat' dir='ltr'>(l)</span> <span class='ocrx_word' id='word_1_377' title='bbox 1411 6343 1461 6396; x_wconf 86' lang='lat' dir='ltr'>M.:</span> <span class='ocrx_word' id='word_1_378' title='bbox 1480 6359 1555 6411; x_wconf 79' lang='lat' dir='ltr'>qnae.</span> 
     </span>
     <span class='ocr_line' id='line_1_34' title="bbox 335 6429 1571 6499; baseline 0.002 -17"><span class='ocrx_word' id='word_1_379' title='bbox 335 6429 433 6482; x_wconf 86' lang='lat' dir='ltr'>cardus</span> <span class='ocrx_word' id='word_1_380' title='bbox 451 6430 602 6498; x_wconf 85' lang='lat' dir='ltr'>praefatur.</span> <span class='ocrx_word' id='word_1_381' title='bbox 1353 6434 1393 6499; x_wconf 80' lang='grc' dir='ltr'>(Β)</span> <span class='ocrx_word' id='word_1_382' title='bbox 1412 6434 1462 6486; x_wconf 91' lang='lat' dir='ltr'>M.:</span> <span class='ocrx_word' id='word_1_383' title='bbox 1483 6449 1571 6486; x_wconf 82' lang='lat' dir='ltr'>arcae.</span> 
     </span>
     <span class='ocr_line' id='line_1_35' title="bbox 415 6519 1602 6591; baseline 0.004 -20"><span class='ocrx_word' id='word_1_384' title='bbox 415 6519 508 6572; x_wconf 83' lang='lat' dir='ltr'>Edidit</span> <span class='ocrx_word' id='word_1_385' title='bbox 525 6519 645 6588; x_wconf 88' lang='lat' dir='ltr'>primum</span> <span class='ocrx_word' id='word_1_386' title='bbox 664 6520 687 6573; x_wconf 92' lang='lat' dir='ltr'>I.</span> <span class='ocrx_word' id='word_1_387' title='bbox 700 6520 731 6573; x_wconf 90' lang='lat' dir='ltr'>P.</span> <span class='ocrx_word' id='word_1_388' title='bbox 744 6519 846 6590; x_wconf 82' lang='lat' dir='ltr'>Migne,</span> <span class='ocrx_word' id='word_1_389' title='bbox 863 6521 893 6572; x_wconf 86' lang='lat' dir='ltr'>in</span> <span class='ocrx_word' id='word_1_390' title='bbox 912 6537 995 6590; x_wconf 85' lang='lat' dir='ltr'>opere</span> <span class='ocrx_word' id='word_1_391' title='bbox 1015 6537 1039 6574; x_wconf 89' lang='lat' dir='ltr'>o.</span> <span class='ocrx_word' id='word_1_392' title='bbox 1052 6525 1085 6574; x_wconf 80' lang='lat' dir='ltr'>t:</span> <span class='ocrx_word' id='word_1_393' title='bbox 1103 6521 1221 6574; x_wconf 85' lang='lat' dir='ltr'>Potrolo·</span> <span class='ocrx_word' id='word_1_394' title='bbox 1356 6525 1395 6590; x_wconf 88' lang='grc'>(9)</span> <span class='ocrx_word' id='word_1_395' title='bbox 1415 6523 1465 6577; x_wconf 61' lang='lat' dir='ltr'>Mn</span> <span class='ocrx_word' id='word_1_396' title='bbox 1485 6540 1602 6591; x_wconf 76' lang='lat' dir='ltr'>cyamus.</span> 
     </span>
    </p>
   </div>
   <div class='ocr_carea' id='block_1_8' title="bbox 0 0 2762 7748">
    <p class='ocr_par' dir='ltr' id='par_1_9' title="bbox 0 0 2762 7748">
     <span class='ocr_line' id='line_1_36' title="bbox 0 0 2762 7748; baseline 0 0"><span class='ocrx_word' id='word_1_397' title='bbox 0 0 2762 7748; x_wconf 95' lang='lat' dir='ltr'> </span> 
     </span>
    </p>
   </div>
  </div>
 </body>
</html>
