5484 7746
569 566 644 638 232
1354 587 1595 638 6666666666

655 741 738 805 Item
763 741 848 828 quod
873 748 985 806 neuter
1008 742 1110 828 possit
1133 742 1283 806 recedere
1294 742 1332 802 (ll
1346 741 1385 806 dc
1406 751 1493 806 terra
1511 763 1574 806 666
1591 764 1788 825 6666666666,
1806 743 1867 806 6161
1884 742 2019 806 1616661
2034 741 2150 805 fortem
2166 749 2198 804 et
2214 749 2382 826 urgentem

567 869 709 914 causam.

654 955 738 1020 Item
761 956 820 1020 hec
844 964 939 1042 pacta
963 977 1026 1022 non
1049 963 1181 1020 1666661
1204 957 1332 1040 1666616
1357 957 1421 1020 6116
1445 957 1600 1040 magistro
1624 963 1797 1042 superante
1818 955 1938 1020 dictum
1955 955 2143 1040 magistrum
2162 955 2381 1020 Guillielmum

565 1063 598 1126 16
622 1062 834 1145 scholaribus,
859 1063 904 1126 ita
927 1062 1010 1148 quod
1036 1063 1171 1127 haberet
1194 1063 1399 1127 medietatem
1423 1063 1628 1145 scholarium,
1652 1063 1825 1150 66166616
1850 1063 1969 1148 plures.

652 1167 736 1232 Item
760 1168 846 1254 quod
868 1169 1057 1255 repetitcres
1081 1169 1228 1254 magistri
1251 1169 1391 1251 Jentilis,
1409 1169 1464 1256 qui
1487 1176 1603 1252 essent,
1621 1170 1673 1234 vel
1697 1171 1805 1234 velent
1829 1191 1898 1233 esse
1920 1171 1947 1233 si
1964 1171 2031 1256 ipse
2055 1169 2188 1254 legeret,
2205 1177 2383 1234 tractentur

563 1296 583 1338 6
606 1275 691 1340 (11616
716 1276 871 1360 magistro
896 1275 1082 1340 Guilliolmo
1107 1285 1263 1362 quantum
1288 1276 1328 1340 ad
1352 1277 1474 1341 honera
1499 1276 1589 1341 sicud
1612 1277 1662 1340 sui
1686 1277 1820 1363 prcprij‚
1845 1283 1876 1341 et
1899 1276 2062 1341 scholares
2086 1276 2199 1341 ecdem
2223 1278 2327 1341 modo.

596 1397 600 1402 ·
652 1383 736 1446 Item
759 1384 786 1447 61
809 1383 971 1448 6161611166
995 1383 1087 1448 (116116
1111 1384 1274 1470 magistris
1299 1385 1437 1448 retinere
1461 1384 1588 1448 scholas
1612 1384 1758 1468 magistri
1781 1384 1929 1467 (16611116,
1947 1384 2145 1448 66111661661
2166 1392 2198 1448 61
2216 1384 2382 1448 solvantur

562 1488 602 1553 (16
627 1491 754 1554 comuni
778 1491 879 1558 lucro.

651 1596 735 1661 Item
758 1598 844 1684 quod
867 1599 1022 1683 magister
1046 1597 1183 1663 Gentilis
1211 1598 1332 1662 habeat
1355 1599 1469 1662 horam
1494 1599 1525 1662 in
1548 1599 1667 1664 scholis
1692 1599 1838 1683 magistri
1863 1597 2040 1662 Guillielmi
2063 1605 2171 1683 666166
2194 1599 2307 1663 horam
2330 1621 2381 1664 or·

562 1702 721 1769 dinariam
745 1726 979 1792 quamcumque
1002 1707 1082 1770 vult.

651 1812 734 1877 Item
758 1813 785 1876 si
808 1813 926 1899 aliquis
949 1813 1145 1878 scholarium
1173 1833 1236 1876 non
1269 1813 1450 1878 intenderet
1480 1821 1566 1878 staro
1597 1813 1733 1876 multum
1764 1813 1797 1878 in
1828 1813 1952 1894 studio,
1978 1813 2062 1898 quod
2094 1813 2197 1877 dietus
2228 1815 2381 1900 magister

563 1917 768 1984 Guillielmus
792 1921 900 2006 capiat
922 1921 962 1984 de
986 1920 1071 1986 dicto
1095 1921 1234 1984 scholari
1258 1921 1289 1984 id
1325 1921 1412 2006 quod
1435 1921 1553 2006 poterit
1574 1921 1695 1984 habere
1718 1928 1751 1984 61
1773 1920 1850 1984 dare
1874 1921 2002 1984 tertiam
2025 1927 2151 2006 partem
2174 1921 2255 1986 lucri
2279 1922 2379 2008 magi·

562 2033 628 2089 stro
652 2027 776 2111 Jentili,
800 2029 888 2092 etin
912 2028 1060 2092 omnibus
1083 2028 1163 2111 istis,
1188 2028 1302 2114 siquod
1326 2036 1411 2091 esset
1434 2028 1568 2092 verbum
1592 2028 1791 2113 ambiguum,
1809 2027 2038 2112 interpretetur
2060 2029 2235 2092 secundum
2259 2029 2379 2094 dictum

562 2134 709 2218 magistri
733 2133 862 2220 Tadey;
889 2142 921 2198 et
944 2135 971 2198 si
993 2135 1098 2199 dictus
1122 2135 1277 2220 magister
1300 2134 1429 2198 Tadeos
1454 2155 1517 2198 666
1541 2143 1635 2216 esset,
1657 2135 1710 2198 vel
1733 2135 1884 2198 arbitrari
1908 2155 1970 2198 non
1995 2142 2113 2220 posset,
2131 2136 2381 2222 interpretentur

562 2241 696 2304 verbum
719 2243 771 2305 vel
795 2249 926 2328 pactum
956 2242 1143 2328 ambiguum
1164 2243 1216 2306 vel
1240 2243 1412 2306 obscurum
1435 2265 1493 2328 per
1517 2241 1741 2306 Guardianum
1765 2241 1916 2306 Fratrum
1938 2242 2115 2324 lllinorum,
2141 2243 2196 2328 qui
2218 2265 2276 2328 pro
2300 2251 2379 2308 tem·

483 2365 484 2370 ¹
560 2368 638 2431 pore
662 2347 770 2412 fuerit.

649 2454 733 2519 Item
757 2455 842 2542 quod
865 2455 968 2520 dictus
992 2455 1146 2541 magister
1170 2455 1375 2520 Guillielmus
1398 2463 1547 2520 teneatur
1570 2455 1647 2520 dare
1672 2457 1800 2520 tertiam
1823 2465 1948 2542 partem
1971 2457 2053 2540 ejus,
2070 2456 2155 2542 quod
2172 2458 2330 2543 receperit
2345 2459 2378 2522 in

560 2559 749 2644 Nativitate‚
777 2563 921 2649 predicto
953 2563 1108 2648 magistro
1139 2563 1269 2646 Jentili3
1296 2563 1460 2627 residuum
1491 2585 1567 2628 sero
1599 2571 1674 2627 ante
1702 2564 1820 2627 festum
1849 2563 2020 2628 Paschatis
2051 2563 2277 2628 Resureeionis
2312 2565 2378 2629 Do·

560 2668 649 2750 mini,
666 2677 698 2733 et
720 2670 937 2756 promiserunt
960 2692 1022 2735 666
1049 2671 1271 2735 contravenire
1295 2672 1355 2735 sub
1379 2692 1462 2756 pena
1487 2679 1615 2734 centum
1639 2671 1795 2735 librarum
1819 2672 1850 2735 in
1875 2671 2010 2756 singulis
2034 2672 2201 2758 capitulis;
2219 2680 2251 2736 et
2272 2673 2299 2736 si
2320 2673 2378 2736 ali·

560 2776 631 2861 quis
654 2777 780 2841 veniret
803 2785 915 2841 contra
937 2777 1098 2864 predicta,
1123 2778 1175 2842 vel
1199 2778 1329 2863 aliquod
1357 2778 1593 2864 predictorum,
1618 2779 1763 2864 privetur
1790 2778 1979 2864 pignoribus
2011 2779 2077 2842 suis
2108 2779 2191 2843 datis
2222 2780 2377 2864 magistro

561 2883 671 2947 'Iadeo
694 2906 752 2970 pro
776 2884 928 2970 predictis
952 2885 1099 2950 omnibus
1123 2893 1155 2949 et
1178 2885 1313 2970 singulis
1336 2884 1528 2970 supradietis
1553 2885 1773 2968 observandis,
1790 2907 1852 2971 que
1869 2886 2016 2971 pignora,
2034 2907 2090 2950 seu
2107 2887 2275 2952 estimatio
2292 2889 2377 2973 ipso·

560 3011 641 3072 rum,
659 3011 756 3076 quam
780 2990 902 3054 faciunt
926 2991 1103 3054 comuniter
1120 2998 1152 3054 et
1168 2991 1368 3055 concorditer
1384 2991 1619 3077 quinquaginta
1636 2992 1791 3054 librarum
1808 2992 2060 3074 bononenorum,
2077 2992 2245 3078 pervenire
2261 2993 2378 3058 debeat

559 3097 601 3162 ad
624 3098 742 3181 alium;
763 3105 795 3162 61
818 3098 846 3161 61
869 3099 1070 3183 66611666661
1094 3098 1214 3162 dietum
1237 3098 1428 3183 magistrum
1451 3099 1672 3162 Guillielmum
1696 3106 1810 3184 quarto
1832 3119 1916 3162 6666
1934 3105 2019 3162 61666
2037 3099 2068 3162 16
2085 3100 2215 3163 61611616
2232 3100 2377 3166 Bononia

560 3211 592 3268 61
614 3205 734 3290 166666,
758 3206 841 3270 16166
865 3227 919 3270 666
943 3204 1029 3270 dieta
1052 3212 1147 3291 pacta
1170 3204 1311 3268 debcant
1334 3206 1441 3269 omnia
1468 3213 1501 3269 et
1531 3206 1660 3291 singula
1691 3207 1856 3270 observari
1888 3227 1950 3292 que
1974 3207 2005 3270 in
2030 3207 2123 3270 dictis
2147 3214 2179 3270 et
2202 3229 2260 3294 pro
2284 3207 2377 3272 dictis

558 3313 661 3376 tribus
685 3313 778 3376 annis
801 3312 887 3377 dicta
904 3319 936 3376 et
952 3313 1072 3398 6661616
1088 3319 1163 3376 6661
1178 3333 1277 3398 66666
1292 3313 1461 3398 pervenire
1478 3313 1597 3376 debeat
1616 3313 1657 3376 ad
1674 3314 1783 3396 alium,
1802 3335 1863 3398 que
1880 3315 1911 3377 in
1929 3314 2031 3378 tribus
2044 3313 2082 3378 (2)
2093 3315 2142 3396 jta
2163 3323 2271 3377 tamen
2293 3315 2378 3401 quod

558 3420 714 3505 magister
738 3419 869 3484 Jentilis
893 3421 949 3484 illo
974 3427 1089 3505 quarto
1112 3441 1197 3484 anno
1222 3439 1286 3483 non
1308 3420 1407 3504 legat.

647 3527 766 3591 Actum
791 3527 936 3591 Bononia
961 3527 993 3590 in
1017 3527 1112 3590 domo
1135 3525 1257 3591 domini
1280 3526 1478 3612 Bonagratie
1503 3528 1534 3591 in
1559 3549 1623 3613 qua
1651 3535 1794 3591 moratur
1824 3528 1979 3612 magister
2003 3528 2149 3611 Tadeus,
2173 3529 2376 3614 presentibus

559 3634 714 3719 magistro
738 3633 848 3698 Tadeo
873 3642 905 3698 61
928 3634 1083 3719 magistro
1107 3633 1234 3698 Joanno
1257 3634 1297 3697 de
1321 3633 1456 3716 Assisio,
1480 3642 1512 3698 et
1536 3635 1691 3719 magistro
1714 3634 1888 3700 Franciscc
1912 3635 1952 3700 de
1976 3635 2085 3700 Massa
2109 3636 2254 3718 testibus,
2275 3643 2308 3700 et
2331 3637 2376 3702 sie

559 3741 636 3805 dicti
660 3741 886 3806 contrahentes
910 3762 975 3804 una
999 3763 1071 3804 cum
1095 3741 1180 3805 (11616
1205 3741 1331 3805 6616616
1356 3748 1523 3824 venerunt,
1548 3741 1699 3806 dixerunt
1722 3749 1754 3805 et
1778 3742 1874 3806 scribi
1898 3741 2054 3806 16666661.

1422 4044 1515 4108 XIV.

1315 4260 1413 4342 1298,
1439 4260 1481 4322 18
1503 4261 1623 4345 6661113.

575 4473 628 4538 Ex
651 4473 734 4538 libro
758 4474 787 4549 Q
812 4474 1080 4557 Reformats'oaum
1107 4473 1221 4538 Oomm.
1239 4473 1378 4556 Boura,
1401 4473 1434 4536 in
1459 4473 1557 4538 Arch.
1575 4473 1666 4538 Max.
1684 4474 1778 4556 bon,
1803 4495 1829 4537 c.
1848 4476 1911 4537 223
1936 4467 1991 4556 v.⁰,
2017 4476 2081 4537 225
2106 4470 2146 4537 r.⁰
2168 4481 2200 4537 et
2225 4476 2288 4536 226
2313 4468 2358 4536 s.⁰

584 4707 634 4771 De
664 4707 824 4792 peticione
888 4707 950 4771 Die
974 4705 1098 4771 decimo
1122 4714 1236 4772 661666
1261 4707 1378 4770 mensis
1402 4706 1513 4792 aprilis
1536 4705 1809 4790 [Meclxxxxsiij.]

558 4815 705 4900 magistri
736 4815 823 4879 Bon-
888 4813 972 4878 Item
995 4813 1072 4900 quid
1095 4814 1202 4900 placet
1218 4812 1359 4878 Consilio
1376 4813 1545 4899 providere
1562 4835 1658 4899 super
1674 4814 1881 4900 infrascripta
1899 4812 2068 4899 peticione,
2086 4814 2177 4896 cujus
2194 4820 2286 4876 tenor
2303 4813 2376 4876 talis

559 4943 740 5007 nesegne,
765 4922 823 4984 filii
887 4928 952 4985 est:
970 4920 1071 4984 Vobis
1095 4920 1223 4984 excelso
1247 4921 1317 4984 6166
1337 4920 1466 4984 domino
1484 4919 1671 5005 Capitaneo,
1692 4919 2377 5005 866166111661116166166616161661661661

558 5029 679 5094 domini
694 5029 821 5093 Benre-
889 5028 1081 5093 Consulibus
1104 5027 1223 5114 Populi
1243 5028 1399 5110 Bononie,
1416 5027 1576 5113 supplicat
1593 5029 1747 5112 magister
1763 5028 1990 5114 Bonnesegna,
2010 5028 2095 5092 lilius
2111 5028 2232 5092 domini
2248 5029 2374 5093 Bcnve-

559 5138 639 5201 nuti.
887 5138 958 5201 nuti
980 5136 1158 5218 Bonilaoii,
1180 5134 1298 5220 judicis
1321 5136 1361 5200 de
1384 5136 1510 5221 Populo
1534 5134 1695 5216 Bononie,
1717 5135 1828 5199 doctor
1851 5145 1883 5200 61
1906 5136 2060 5220 66616166
2083 5137 2116 5200 16
2140 5143 2209 5200 6616
2233 5137 2319 5201 116166
2344 5145 2375 5202 61

556 5283 683 5290 ——-
888 5245 1062 5329 6616616616
1087 5251 1119 5308 61
1138 5244 1210 5307 61116
1234 5244 1357 5307 6611166
1374 5243 1576 5307 examinatus
1598 5250 1630 5306 et
1650 5242 1855 5306 continuatus
1880 5244 1911 5306 in
1935 5243 1996 5307 hiis
2013 5244 2045 5306 in
2062 5265 2162 5328 regno
2179 5245 2376 5328 serenissimj

556 5353 657 5438 Regis
674 5353 929 5418 Jerosolimitani
952 5359 985 5416 et
1009 5352 1128 5434 Sicilie,
1145 5358 1181 5415 ut
1203 5350 1331 5437 publice
1355 5357 1444 5436 patet
1467 5372 1525 5436 per
1549 5351 1659 5416 literas
1683 5351 1841 5436 sigillatas
1865 5349 1981 5436 sigillis
2002 5351 2375 5436 66616611166666661)

556 5463 655 5526 rubes
680 5461 801 5526 excelsi
824 5461 914 5526 ducis
938 5461 1059 5525 domini
1081 5460 1226 5542 Roberti,
1249 5458 1455 5545 primogeniti
1478 5466 1510 5523 61
1534 5460 1644 5524 6166611
1670 5461 1830 5544 666666116
1855 5460 1932 5524 (11611
1956 5460 2077 5524 domini
2101 5459 2201 5544 Regis
2226 5462 2258 5524 iu
2283 5447 2375 5525 dictis

557 5568 675 5654 regnis,
693 5569 819 5632 noviter
842 5589 990 5632 resersus
1014 5567 1055 5631 ad
1079 5567 1242 5631 civitatem
1261 5565 1407 5630 Bononia
1424 5565 1581 5650 (1666666
1598 5566 1793 5630 serenissimi
1810 5567 1896 5651 regis
1913 5567 2050 5631 Francis
2068 5573 2099 5630 61
2116 5567 2155 5630 dc
2171 5567 2256 5631 dicto
2274 5589 2374 5652 regno

556 5676 677 5740 domini
701 5677 787 5761 regis
810 5675 922 5757 Karli,
947 5675 1032 5760 quod
1056 5695 1165 5739 amore
1189 5674 1365 5738 ethonore
1390 5674 1532 5760 ipsorum
1555 5673 1683 5758 Regum
1707 5681 1739 5737 et
1762 5674 1861 5737 Ducis
1893 5681 1925 5737 et
1954 5695 2010 5759 pro
2035 5673 2156 5738 honore
2180 5681 2212 5738 61
2235 5675 2375 5740 utilitate

557 5783 710 5848 Comunis
735 5783 880 5847 Bononia
905 5782 1011 5846 6611116
1035 5803 1154 5867 666666
1178 5787 1210 5845 61
1232 5781 1354 5864 firmarj
1379 5781 1486 5844 lacere
1510 5780 1542 5843 16
1566 5787 1673 5845 666166
1699 5780 1839 5844 Consilio
1863 5780 1990 5866 Populi,
2008 5780 2092 5866 quod
2117 5801 2234 5844 nomen
2255 5791 2287 5846 et
2302 5804 2376 5867 pro·

556 5913 673 5955 nomeu
697 5891 797 5976 ipsius
820 5890 968 5975 magistri
990 5890 1204 5974 Bonnesegne
1228 5897 1367 5975 ponatur
1390 5889 1632 5975 presencialiter
1656 5896 1687 5951 et
1711 5887 1890 5952 6666666166
1915 5888 1946 5952 16
1971 5887 2062 5972 bresj
2087 5889 2142 5951 ubi
2159 5911 2176 5952 e
2194 5889 2303 5954 666616
2320 5911 2376 5976 66-

555 6005 676 6063 666166
700 5999 830 6062 nomina
853 5997 1052 6062 Medicorum
1077 5997 1226 6079 civitatis,
1244 5997 1298 6080 qui
1317 5989 1556 6059 (166166161161
1574 5996 1695 6059 domini
1718 5995 1893 6059 Potestatis
1919 5995 1959 6060 ad
1984 5994 2158 6058 videndum
2181 5995 2320 6060 offensas
2344 6004 2376 6060 et

638 6266 677 6330 (1)
697 6265 745 6315 Bis
765 6281 779 6314 (6
800 6265 919 6315 recedere
939 6282 962 6315 a.

637 6355 676 6421 (2)
696 6353 799 6404 Addita
818 6355 881 6404 sunt
900 6351 987 6404 infra:
1007 6369 1021 6402 6
1041 6352 1146 6403 lucrum
1165 6351 1296 6418 cupiendo
1310 6366 1363 6418 pro
1382 6368 1406 6402 a.

637 6447 676 6512 (6)
696 6444 749 6496 sa.
