5484 7746
821 677 1051 726 sruornurm
1081 676 1131 724 an
1160 674 1414 724 rnornssoans
1442 673 1650 723 narremus
2067 652 2142 722 237

327 855 388 919 que
414 855 471 918 per
495 853 606 896 verum
630 839 662 894 et
696 831 899 916 legiptimum
932 835 1172 915 procuratorem
1204 828 1273 892 lieri
1304 835 1336 890 et
1368 829 1511 890 exerceri
1542 833 1694 912 possunt,
1719 834 1751 889 ct
1783 847 1844 911 que
1876 827 2011 912 ipsemet
2041 826 2148 890 lacere

323 949 359 1004 ‘et
384 961 535 1004 exercere
561 945 669 1025 posset
692 960 729 1002 ac
754 939 781 1002 si
804 959 936 1023 presens
961 944 1063 1018 esset,
1080 937 1255 1020 promiteus
1280 957 1313 998 se
1339 935 1467 998 firmum
1490 941 1522 997 et
1546 941 1651 996 ratum
1675 940 1830 1018 perpetuo
1851 933 2036 996 habiturum
2060 934 2147 1018 quic·

328 1047 404 1132 quid
427 1069 485 1133 per
509 1047 630 1110 dictum
654 1053 896 1132 procuratorem
920 1043 1040 1107 facturn
1065 1043 1165 1108 fuerit
1190 1043 1221 1105 in
1245 1042 1397 1128 predictis
1421 1049 1453 1105 et
1477 1039 1620 1127 quolibet
1642 1039 1858 1125 predictorum
1874 1041 1934 1104 sub
1952 1040 2148 1126 obligatione

330 1175 462 1218 suorum
484 1155 652 1218 bonorum.

415 1258 582 1340 (L.†S.)
606 1259 678 1343 Ego
703 1257 870 1322 lohannes
900 1256 1051 1320 Damiani
1085 1255 1220 1336 notarii,
1246 1255 1405 1340 imperiali
1437 1255 1627 1318 auctoritate
1659 1253 1818 1336 notarius,
1842 1275 1992 1339 presens,
2015 1260 2146 1338 rogatur

331 1366 457 1452 scripsi,
482 1373 514 1429 et
537 1365 698 1451 predictos
723 1364 970 1428 constituentem
995 1371 1027 1426 et
1051 1362 1259 1426 constitutum
1283 1361 1429 1445 cognovi.

415 1473 513 1538 Anno
538 1471 669 1537 Domini
692 1471 862 1536 millesimo
887 1471 1106 1534 ducentesimo
1137 1469 1345 1553 nonagesimo
1378 1471 1509 1548 octavo,
1534 1468 1706 1532 indictione
1737 1467 1924 1552 undecima,
1949 1469 2000 1532 die
2024 1469 2147 1532 decimo

328 1581 465 1666 septimo
490 1579 642 1644 octubris.
659 1578 881 1654 &Dominus
905 1577 1006 1640 frater
1031 1577 1224 1640 Pinamonte
1250 1575 1372 1639 domini
1396 1574 1537 1638 (landini
1557 1575 1677 1639 domini
1701 1574 1817 1639 Jacobi
1849 1574 1985 1638 Guarini
2013 1575 2147 1660 judicis,

330 1686 460 1752 Ordinis
483 1686 729 1750 Prcdicatorum
753 1685 793 1748 de
817 1685 975 1767 Bononia,
992 1691 1182 1770 procurator
1208 1682 1381 1769 predictus,
1404 1682 1443 1745 ad
1465 1681 1670 1767 infrascripta
1694 1681 1876 1767 specialiter
1899 1683 2089 1746 constitutus
2112 1688 2148 1746 ut

327 1795 366 1858 de
389 1795 451 1858 hiis
475 1800 565 1879 patet
589 1793 802 1857 instrumento
827 1792 913 1856 dicte
937 1791 1173 1878 procurationis
1200 1791 1320 1876 scripto
1345 1811 1441 1853 manu
1466 1790 1529 1853 mei
1552 1790 1668 1853 notarii
1692 1789 1899 1875 infrascripti,
1917 1789 2064 1875 deposuit
2083 1790 2147 1853 fra-

326 1901 428 1966 tribus
454 1899 623 1965 Dominieo
647 1907 679 1963 et
702 1899 864 1984 Phylippo
890 1898 1075 1962 sacristanis
1104 1898 1248 1962 sacristis
1274 1898 1408 1962 ecclesie
1434 1898 1536 1961 saneti
1559 1897 1721 1961 Dominici
1751 1896 1881 1960 Ordinis
1903 1897 2148 1961 Prcdicatorum

328 2009 367 2073 de
391 2008 549 2090 Bononia,
567 2007 783 2092 prescriptum
804 2012 1043 2088 testamentum,
1063 2005 1244 2090 sigillatum
1264 2004 1372 2090 sigillo
1395 2004 1472 2068 dicti
1493 2004 1614 2068 domini
1635 2003 1788 2090 Episcopi
1804 2003 1977 2068 cervicosis
1993 2011 2025 2068 et
2041 2005 2148 2090 sigillo

326 2115 449 2200 Prioris
474 2114 605 2179 Ordinis
629 2113 781 2176 Fratrum
805 2113 1049 2176 Prcdicatorum
1076 2112 1115 2176 de
1139 2112 1296 2195 Bononia,
1319 2113 1352 2175 in
1377 2112 1523 2176 sacristia
1546 2111 1703 2176 dictorum
1726 2112 1873 2176 fratrum.

414 2223 535 2286 Actum
557 2221 704 2284 Bononia
729 2221 763 2284 in
789 2220 875 2283 dicta
898 2221 1048 2284 sacristia
1073 2219 1225 2283 Fratrum
1248 2219 1492 2283 Prcdicatorum
1519 2217 1559 2282 de
1589 2218 1754 2301 Bononia,
1778 2218 1981 2304 presentibus
2012 2220 2147 2284 testibus

332 2329 454 2392 vocatis
477 2335 511 2392 et
533 2328 672 2413 rogatis,
698 2328 799 2392 fratre
825 2326 973 2391 Oalvano
998 2327 1037 2392 de
1061 2326 1194 2409 Butrio,
1219 2327 1319 2390 fratre
1346 2327 1539 2412 Albergipto
1570 2326 1609 2389 de
1640 2326 1805 2408 Bononia,
1829 2325 1985 2390 ambobus
2017 2326 2147 2391 Ordinis

328 2436 480 2500 Fratrum
504 2436 749 2500 Prcdicatorum
773 2436 813 2499 de
838 2435 996 2518 Bononia,
1020 2435 1185 2522 Rampezo
1210 2435 1372 2520 quondam
1396 2435 1544 2499 Geremie
1569 2434 1607 2498 de
1630 2434 1810 2516 Florentia,
1833 2434 2023 2499 Baronzoue
2045 2455 2145 2521 quon-

327 2544 401 2607 dam
425 2543 618 2627 Bonacursij
642 2543 681 2606 de
706 2549 817 2607 sancto
843 2542 982 2628 Lupidio
1007 2549 1039 2606 ct
1061 2542 1268 2607 Bartolomeo
1292 2542 1451 2606 Johannis
1474 2541 1644 2624 Damiani3
1667 2542 1721 2626 qui
1744 2542 1845 2605 frater
1869 2541 2035 2604 Oalvanus
2059 2563 2146 2605 asss-

330 2651 395 2714 ruit
418 2671 612 2735 cognoscere
636 2649 863 2714 contrahentes
887 2649 1057 2735 predictos.

418 2757 476 2838 (L.
495 2757 516 2838 †
534 2756 586 2839 S.)
612 2755 683 2842 Ego
710 2755 876 2821 Johonnes
907 2756 1062 2821 Damiani
1094 2757 1227 2839 notarii,
1252 2756 1411 2842 imperiali
1438 2756 1628 2820 auctoritate
1652 2755 1814 2838 notarius,
1839 2777 1990 2841 presens,
2014 2763 2147 2841 rogatus

330 2864 455 2950 scripsi,
482 2863 666 2950 subscripsi,
692 2871 724 2928 et
748 2864 974 2928 contrahentes
997 2864 1157 2950 predictos
1181 2866 1329 2950 cognorj.

416 3077 466 3160 [A
491 3075 612 3163 tergm]
636 3077 880 3142 Testamentum
905 3075 1026 3170 domini
1050 3077 1202 3164 Episcopi
1226 3077 1396 3141 Tlredcrioi
1419 3077 1601 3142 sarriensis.
