<?xml version="1.0" encoding="UTF-8"?>
<!DOCTYPE html PUBLIC "-//W3C//DTD XHTML 1.0 Transitional//EN"
    "http://www.w3.org/TR/xhtml1/DTD/xhtml1-transitional.dtd">
<html xmlns="http://www.w3.org/1999/xhtml" xml:lang="en" lang="en">
 <head>
  <title>
</title>
<meta http-equiv="Content-Type" content="text/html;charset=utf-8" />
  <meta name='ocr-system' content='tesseract 3.04.00' />
  <meta name='ocr-capabilities' content='ocr_page ocr_carea ocr_par ocr_line ocrx_word'/>
</head>
<body>
  <div class='ocr_page' id='page_1' title='image "./declarisarchigy01albigoog_0093.png"; bbox 0 0 5492 7750; ppageno 0'>
   <div class='ocr_carea' id='block_1_1' title="bbox 800 656 2149 728">
    <p class='ocr_par' dir='ltr' id='par_1_1' title="bbox 800 656 2149 728">
     <span class='ocr_line' id='line_1_1' title="bbox 800 656 2149 728; baseline 0.003 -5"><span class='ocrx_word' id='word_1_1' title='bbox 800 673 1031 724; x_wconf 80' lang='lat' dir='ltr'>SPECTANTIA</span> <span class='ocrx_word' id='word_1_2' title='bbox 1059 676 1110 724; x_wconf 88' lang='lat' dir='ltr'>AD</span> <span class='ocrx_word' id='word_1_3' title='bbox 1139 674 1394 726; x_wconf 80' lang='lat' dir='ltr'>PROFESSORES</span> <span class='ocrx_word' id='word_1_4' title='bbox 1422 675 1527 726; x_wconf 82' lang='lat' dir='ltr'>JURIS</span> <span class='ocrx_word' id='word_1_5' title='bbox 1556 675 1689 728; x_wconf 80' lang='lat' dir='ltr'>CIVILIS</span> <span class='ocrx_word' id='word_1_6' title='bbox 2101 656 2149 727; x_wconf 76' lang='grc'>83</span> 
     </span>
    </p>
   </div>
   <div class='ocr_carea' id='block_1_2' title="bbox 234 829 2155 3270">
    <p class='ocr_par' dir='ltr' id='par_1_2' title="bbox 335 829 2150 1021">
     <span class='ocr_line' id='line_1_2' title="bbox 335 829 2150 915; baseline 0.002 -24"><span class='ocrx_word' id='word_1_7' title='bbox 335 829 472 912; x_wconf 89' lang='lat' dir='ltr'>morari,</span> <span class='ocrx_word' id='word_1_8' title='bbox 497 829 543 892; x_wconf 87' lang='lat' dir='ltr'>ali</span> <span class='ocrx_word' id='word_1_9' title='bbox 565 835 596 892; x_wconf 93' lang='lat' dir='ltr'>et</span> <span class='ocrx_word' id='word_1_10' title='bbox 621 829 736 891; x_wconf 90' lang='lat' dir='ltr'>nutriri</span> <span class='ocrx_word' id='word_1_11' title='bbox 759 829 846 915; x_wconf 91' lang='lat' dir='ltr'>apud</span> <span class='ocrx_word' id='word_1_12' title='bbox 869 851 943 892; x_wconf 90' lang='lat' dir='ltr'>eum</span> <span class='ocrx_word' id='word_1_13' title='bbox 966 850 1061 915; x_wconf 88' lang='lat' dir='ltr'>quern</span> <span class='ocrx_word' id='word_1_14' title='bbox 1086 829 1156 914; x_wconf 91' lang='lat' dir='ltr'>ipsa</span> <span class='ocrx_word' id='word_1_15' title='bbox 1180 829 1309 893; x_wconf 91' lang='lat' dir='ltr'>domina</span> <span class='ocrx_word' id='word_1_16' title='bbox 1333 829 1430 894; x_wconf 83' lang='lat' dir='ltr'>Clara</span> <span class='ocrx_word' id='word_1_17' title='bbox 1453 830 1605 914; x_wconf 88' lang='lat' dir='ltr'>clegerit,</span> <span class='ocrx_word' id='word_1_18' title='bbox 1626 829 1765 894; x_wconf 89' lang='lat' dir='ltr'>dumodo</span> <span class='ocrx_word' id='word_1_19' title='bbox 1797 836 1905 894; x_wconf 88' lang='lat' dir='ltr'>tamen</span> <span class='ocrx_word' id='word_1_20' title='bbox 1929 831 1962 894; x_wconf 93' lang='lat' dir='ltr'>in</span> <span class='ocrx_word' id='word_1_21' title='bbox 1986 831 2079 895; x_wconf 90' lang='lat' dir='ltr'>domo</span> <span class='ocrx_word' id='word_1_22' title='bbox 2104 833 2150 896; x_wconf 83' lang='lat' dir='ltr'>vi-</span> 
     </span>
     <span class='ocr_line' id='line_1_3' title="bbox 335 935 2005 1021; baseline 0.001 -23"><span class='ocrx_word' id='word_1_23' title='bbox 335 936 416 1018; x_wconf 83' lang='lat' dir='ltr'>trici,</span> <span class='ocrx_word' id='word_1_24' title='bbox 441 935 563 1000; x_wconf 91' lang='lat' dir='ltr'>scilicet</span> <span class='ocrx_word' id='word_1_25' title='bbox 587 935 694 998; x_wconf 91' lang='lat' dir='ltr'>mariti</span> <span class='ocrx_word' id='word_1_26' title='bbox 718 935 845 998; x_wconf 91' lang='lat' dir='ltr'>domine</span> <span class='ocrx_word' id='word_1_27' title='bbox 871 935 976 1017; x_wconf 82' lang='lat' dir='ltr'>Clare,</span> <span class='ocrx_word' id='word_1_28' title='bbox 1000 935 1052 999; x_wconf 79' lang='lat' dir='ltr'>rel</span> <span class='ocrx_word' id='word_1_29' title='bbox 1076 936 1239 1019; x_wconf 90' lang='lat' dir='ltr'>conjuncti</span> <span class='ocrx_word' id='word_1_30' title='bbox 1262 936 1324 1021; x_wconf 91' lang='lat' dir='ltr'>ipsi</span> <span class='ocrx_word' id='word_1_31' title='bbox 1345 937 1461 1000; x_wconf 88' lang='lat' dir='ltr'>marito</span> <span class='ocrx_word' id='word_1_32' title='bbox 1485 957 1549 1000; x_wconf 92' lang='lat' dir='ltr'>non</span> <span class='ocrx_word' id='word_1_33' title='bbox 1573 943 1716 1000; x_wconf 79' lang='lat' dir='ltr'><strong>moretur</strong></span> <span class='ocrx_word' id='word_1_34' title='bbox 1740 936 1807 1000; x_wconf 84' lang='lat' dir='ltr'>sive</span> <span class='ocrx_word' id='word_1_35' title='bbox 1831 945 2005 1000; x_wconf 82' lang='lat' dir='ltr'><strong>morentur.</strong></span> 
     </span>
    </p>

    <p class='ocr_par' dir='ltr' id='par_1_3' title="bbox 335 1040 2152 1878">
     <span class='ocr_line' id='line_1_4' title="bbox 424 1040 2151 1128; baseline 0.002 -23"><span class='ocrx_word' id='word_1_36' title='bbox 424 1041 506 1106; x_wconf 88' lang='lat' dir='ltr'>Item</span> <span class='ocrx_word' id='word_1_37' title='bbox 532 1041 669 1128; x_wconf 81' lang='lat' dir='ltr'>precipit</span> <span class='ocrx_word' id='word_1_38' title='bbox 693 1048 725 1104; x_wconf 90' lang='lat' dir='ltr'>et</span> <span class='ocrx_word' id='word_1_39' title='bbox 748 1040 881 1104; x_wconf 87' lang='lat' dir='ltr'>mandat</span> <span class='ocrx_word' id='word_1_40' title='bbox 905 1041 997 1105; x_wconf 90' lang='lat' dir='ltr'>dictis</span> <span class='ocrx_word' id='word_1_41' title='bbox 1020 1041 1200 1124; x_wconf 89' lang='lat' dir='ltr'>tutoribus,</span> <span class='ocrx_word' id='word_1_42' title='bbox 1225 1041 1347 1106; x_wconf 91' lang='lat' dir='ltr'>scilicet</span> <span class='ocrx_word' id='word_1_43' title='bbox 1369 1041 1598 1106; x_wconf 84' lang='lat' dir='ltr'>Bonaventure</span> <span class='ocrx_word' id='word_1_44' title='bbox 1630 1049 1662 1105; x_wconf 94' lang='lat' dir='ltr'>et</span> <span class='ocrx_word' id='word_1_45' title='bbox 1685 1043 1764 1106; x_wconf 91' lang='lat' dir='ltr'>mihi</span> <span class='ocrx_word' id='word_1_46' title='bbox 1785 1043 1935 1126; x_wconf 82' lang='lat' dir='ltr'>Andree,</span> <span class='ocrx_word' id='word_1_47' title='bbox 1959 1043 2044 1128; x_wconf 91' lang='lat' dir='ltr'>quod</span> <span class='ocrx_word' id='word_1_48' title='bbox 2068 1044 2151 1108; x_wconf 90' lang='lat' dir='ltr'>dicte</span> 
     </span>
     <span class='ocr_line' id='line_1_5' title="bbox 335 1148 2151 1235; baseline 0.002 -23"><span class='ocrx_word' id='word_1_49' title='bbox 335 1149 462 1212; x_wconf 90' lang='lat' dir='ltr'>domine</span> <span class='ocrx_word' id='word_1_50' title='bbox 487 1148 582 1213; x_wconf 86' lang='lat' dir='ltr'>Clare</span> <span class='ocrx_word' id='word_1_51' title='bbox 607 1148 645 1212; x_wconf 89' lang='lat' dir='ltr'>de</span> <span class='ocrx_word' id='word_1_52' title='bbox 671 1148 878 1234; x_wconf 81' lang='lat' dir='ltr'>pensionibus</span> <span class='ocrx_word' id='word_1_53' title='bbox 899 1149 1076 1231; x_wconf 90' lang='lat' dir='ltr'>domorum,</span> <span class='ocrx_word' id='word_1_54' title='bbox 1094 1148 1246 1212; x_wconf 83' lang='lat' dir='ltr'>frumenti</span> <span class='ocrx_word' id='word_1_55' title='bbox 1270 1155 1302 1212; x_wconf 93' lang='lat' dir='ltr'>et</span> <span class='ocrx_word' id='word_1_56' title='bbox 1326 1148 1414 1212; x_wconf 89' lang='lat' dir='ltr'>bladi</span> <span class='ocrx_word' id='word_1_57' title='bbox 1437 1148 1576 1212; x_wconf 90' lang='lat' dir='ltr'>debeant</span> <span class='ocrx_word' id='word_1_58' title='bbox 1599 1149 1711 1212; x_wconf 90' lang='lat' dir='ltr'>redere</span> <span class='ocrx_word' id='word_1_59' title='bbox 1732 1149 1890 1213; x_wconf 90' lang='lat' dir='ltr'>rationem</span> <span class='ocrx_word' id='word_1_60' title='bbox 1907 1151 2050 1235; x_wconf 91' lang='lat' dir='ltr'>quolibet</span> <span class='ocrx_word' id='word_1_61' title='bbox 2067 1173 2151 1215; x_wconf 92' lang='lat' dir='ltr'>anno</span> 
     </span>
     <span class='ocr_line' id='line_1_6' title="bbox 336 1253 2151 1344; baseline 0.002 -26"><span class='ocrx_word' id='word_1_62' title='bbox 336 1256 368 1318; x_wconf 90' lang='lat' dir='ltr'>in</span> <span class='ocrx_word' id='word_1_63' title='bbox 392 1256 474 1319; x_wconf 87' lang='lat' dir='ltr'>festo</span> <span class='ocrx_word' id='word_1_64' title='bbox 498 1255 586 1320; x_wconf 89' lang='lat' dir='ltr'>beati</span> <span class='ocrx_word' id='word_1_65' title='bbox 609 1255 699 1321; x_wconf 90' lang='lat' dir='ltr'>Petri</span> <span class='ocrx_word' id='word_1_66' title='bbox 722 1255 841 1318; x_wconf 79' lang='lat' dir='ltr'>mensis</span> <span class='ocrx_word' id='word_1_67' title='bbox 862 1256 955 1339; x_wconf 91' lang='lat' dir='ltr'>junii.</span> <span class='ocrx_word' id='word_1_68' title='bbox 980 1253 1022 1318; x_wconf 83' lang='lat' dir='ltr'>Et</span> <span class='ocrx_word' id='word_1_69' title='bbox 1046 1256 1086 1320; x_wconf 92' lang='lat' dir='ltr'>de</span> <span class='ocrx_word' id='word_1_70' title='bbox 1110 1255 1185 1320; x_wconf 83' lang='lat' dir='ltr'>vino</span> <span class='ocrx_word' id='word_1_71' title='bbox 1209 1263 1241 1318; x_wconf 91' lang='lat' dir='ltr'>et</span> <span class='ocrx_word' id='word_1_72' title='bbox 1269 1255 1446 1319; x_wconf 79' lang='lat' dir='ltr'>redditibus</span> <span class='ocrx_word' id='word_1_73' title='bbox 1470 1255 1550 1338; x_wconf 81' lang='lat' dir='ltr'>vini,</span> <span class='ocrx_word' id='word_1_74' title='bbox 1576 1256 1697 1320; x_wconf 92' lang='lat' dir='ltr'>scilicet</span> <span class='ocrx_word' id='word_1_75' title='bbox 1728 1263 1883 1342; x_wconf 89' lang='lat' dir='ltr'>quantum</span> <span class='ocrx_word' id='word_1_76' title='bbox 1914 1257 2010 1321; x_wconf 85' lang='lat' dir='ltr'>fuerit</span> <span class='ocrx_word' id='word_1_77' title='bbox 2041 1279 2151 1344; x_wconf 90' lang='lat' dir='ltr'>perce-</span> 
     </span>
     <span class='ocr_line' id='line_1_7' title="bbox 335 1362 2151 1450; baseline 0.001 -24"><span class='ocrx_word' id='word_1_78' title='bbox 335 1371 425 1450; x_wconf 89' lang='lat' dir='ltr'>ptum</span> <span class='ocrx_word' id='word_1_79' title='bbox 448 1364 482 1427; x_wconf 95' lang='lat' dir='ltr'>in</span> <span class='ocrx_word' id='word_1_80' title='bbox 504 1363 674 1427; x_wconf 81' lang='lat' dir='ltr'>vindemiis</span> <span class='ocrx_word' id='word_1_81' title='bbox 698 1363 738 1426; x_wconf 92' lang='lat' dir='ltr'>de</span> <span class='ocrx_word' id='word_1_82' title='bbox 762 1363 847 1444; x_wconf 87' lang='lat' dir='ltr'>vino,</span> <span class='ocrx_word' id='word_1_83' title='bbox 870 1369 903 1426; x_wconf 88' lang='lat' dir='ltr'>et</span> <span class='ocrx_word' id='word_1_84' title='bbox 926 1369 1081 1447; x_wconf 90' lang='lat' dir='ltr'>quantum</span> <span class='ocrx_word' id='word_1_85' title='bbox 1105 1363 1217 1426; x_wconf 79' lang='lat' dir='ltr'>corbes</span> <span class='ocrx_word' id='word_1_86' title='bbox 1241 1363 1308 1426; x_wconf 82' lang='lat' dir='ltr'>vini</span> <span class='ocrx_word' id='word_1_87' title='bbox 1332 1363 1429 1426; x_wconf 89' lang='lat' dir='ltr'>fuerit</span> <span class='ocrx_word' id='word_1_88' title='bbox 1452 1362 1594 1445; x_wconf 82' lang='lat' dir='ltr'>vendita,</span> <span class='ocrx_word' id='word_1_89' title='bbox 1612 1362 1758 1426; x_wconf 91' lang='lat' dir='ltr'>similiter</span> <span class='ocrx_word' id='word_1_90' title='bbox 1781 1363 1920 1427; x_wconf 89' lang='lat' dir='ltr'>debeant</span> <span class='ocrx_word' id='word_1_91' title='bbox 1943 1363 2076 1429; x_wconf 77' lang='lat' dir='ltr'>reddere</span> <span class='ocrx_word' id='word_1_92' title='bbox 2100 1387 2151 1428; x_wconf 93' lang='lat' dir='ltr'>ra-</span> 
     </span>
     <span class='ocr_line' id='line_1_8' title="bbox 335 1469 2151 1556; baseline 0.001 -22"><span class='ocrx_word' id='word_1_93' title='bbox 335 1473 456 1535; x_wconf 89' lang='lat' dir='ltr'>tionem</span> <span class='ocrx_word' id='word_1_94' title='bbox 479 1471 512 1534; x_wconf 90' lang='lat' dir='ltr'>in</span> <span class='ocrx_word' id='word_1_95' title='bbox 536 1471 618 1534; x_wconf 85' lang='lat' dir='ltr'>festo</span> <span class='ocrx_word' id='word_1_96' title='bbox 642 1471 745 1534; x_wconf 89' lang='lat' dir='ltr'>saneti</span> <span class='ocrx_word' id='word_1_97' title='bbox 767 1469 935 1534; x_wconf 79' lang='lat' dir='ltr'>Michaelis</span> <span class='ocrx_word' id='word_1_98' title='bbox 960 1470 1078 1532; x_wconf 87' lang='lat' dir='ltr'>mensis</span> <span class='ocrx_word' id='word_1_99' title='bbox 1102 1470 1303 1556; x_wconf 82' lang='lat' dir='ltr'>septembris,</span> <span class='ocrx_word' id='word_1_100' title='bbox 1320 1477 1353 1534; x_wconf 92' lang='lat' dir='ltr'>et</span> <span class='ocrx_word' id='word_1_101' title='bbox 1376 1470 1474 1534; x_wconf 84' lang='lat' dir='ltr'>etiarn</span> <span class='ocrx_word' id='word_1_102' title='bbox 1497 1470 1536 1534; x_wconf 92' lang='lat' dir='ltr'>de</span> <span class='ocrx_word' id='word_1_103' title='bbox 1559 1471 1767 1555; x_wconf 82' lang='lat' dir='ltr'>predictiset</span> <span class='ocrx_word' id='word_1_104' title='bbox 1791 1471 1938 1534; x_wconf 89' lang='lat' dir='ltr'>omnibus</span> <span class='ocrx_word' id='word_1_105' title='bbox 1958 1472 2030 1535; x_wconf 78' lang='lat' dir='ltr'>aliis</span> <span class='ocrx_word' id='word_1_106' title='bbox 2046 1472 2151 1536; x_wconf 90' lang='lat' dir='ltr'>reddi-</span> 
     </span>
     <span class='ocr_line' id='line_1_9' title="bbox 335 1576 2152 1665; baseline 0.001 -24"><span class='ocrx_word' id='word_1_107' title='bbox 335 1578 421 1642; x_wconf 84' lang='lat' dir='ltr'>tibus</span> <span class='ocrx_word' id='word_1_108' title='bbox 445 1578 589 1664; x_wconf 89' lang='lat' dir='ltr'>quolibet</span> <span class='ocrx_word' id='word_1_109' title='bbox 613 1599 697 1641; x_wconf 90' lang='lat' dir='ltr'>anno</span> <span class='ocrx_word' id='word_1_110' title='bbox 721 1583 865 1662; x_wconf 88' lang='lat' dir='ltr'>tempore</span> <span class='ocrx_word' id='word_1_111' title='bbox 891 1597 1033 1660; x_wconf 82' lang='lat' dir='ltr'>congruo</span> <span class='ocrx_word' id='word_1_112' title='bbox 1057 1576 1197 1640; x_wconf 89' lang='lat' dir='ltr'>debeant</span> <span class='ocrx_word' id='word_1_113' title='bbox 1220 1577 1353 1641; x_wconf 87' lang='lat' dir='ltr'>reddere</span> <span class='ocrx_word' id='word_1_114' title='bbox 1377 1578 1535 1642; x_wconf 89' lang='lat' dir='ltr'>rationem</span> <span class='ocrx_word' id='word_1_115' title='bbox 1559 1577 1684 1662; x_wconf 84' lang='lat' dir='ltr'>prefate</span> <span class='ocrx_word' id='word_1_116' title='bbox 1713 1577 1840 1641; x_wconf 92' lang='lat' dir='ltr'>domine</span> <span class='ocrx_word' id='word_1_117' title='bbox 1865 1577 1969 1642; x_wconf 88' lang='lat' dir='ltr'>Clare.</span> <span class='ocrx_word' id='word_1_118' title='bbox 1993 1579 2035 1642; x_wconf 86' lang='lat' dir='ltr'>Et</span> <span class='ocrx_word' id='word_1_119' title='bbox 2067 1579 2152 1665; x_wconf 91' lang='lat' dir='ltr'>quod</span> 
     </span>
     <span class='ocr_line' id='line_1_10' title="bbox 336 1683 2151 1771; baseline 0.001 -23"><span class='ocrx_word' id='word_1_120' title='bbox 336 1685 494 1771; x_wconf 91' lang='lat' dir='ltr'>supererit</span> <span class='ocrx_word' id='word_1_121' title='bbox 518 1685 679 1748; x_wconf 88' lang='lat' dir='ltr'>alimentis</span> <span class='ocrx_word' id='word_1_122' title='bbox 702 1683 853 1748; x_wconf 87' lang='lat' dir='ltr'>Nieholai</span> <span class='ocrx_word' id='word_1_123' title='bbox 875 1683 1007 1769; x_wconf 86' lang='lat' dir='ltr'>pupilli,</span> <span class='ocrx_word' id='word_1_124' title='bbox 1032 1683 1099 1746; x_wconf 89' lang='lat' dir='ltr'>sive</span> <span class='ocrx_word' id='word_1_125' title='bbox 1127 1684 1337 1769; x_wconf 89' lang='lat' dir='ltr'>pupillorum,</span> <span class='ocrx_word' id='word_1_126' title='bbox 1362 1684 1478 1748; x_wconf 91' lang='lat' dir='ltr'>debeat</span> <span class='ocrx_word' id='word_1_127' title='bbox 1510 1685 1653 1749; x_wconf 87' lang='lat' dir='ltr'>converti</span> <span class='ocrx_word' id='word_1_128' title='bbox 1686 1685 1718 1747; x_wconf 96' lang='lat' dir='ltr'>in</span> <span class='ocrx_word' id='word_1_129' title='bbox 1751 1684 1944 1769; x_wconf 86' lang='lat' dir='ltr'>emptionem</span> <span class='ocrx_word' id='word_1_130' title='bbox 1967 1686 2151 1770; x_wconf 84' lang='lat' dir='ltr'>prediorum</span> 
     </span>
     <span class='ocr_line' id='line_1_11' title="bbox 336 1785 1857 1878; baseline -0.001 -23"><span class='ocrx_word' id='word_1_131' title='bbox 336 1800 431 1878; x_wconf 88' lang='lat' dir='ltr'>prout</span> <span class='ocrx_word' id='word_1_132' title='bbox 454 1793 568 1857; x_wconf 88' lang='lat' dir='ltr'>melius</span> <span class='ocrx_word' id='word_1_133' title='bbox 592 1799 625 1856; x_wconf 92' lang='lat' dir='ltr'>et</span> <span class='ocrx_word' id='word_1_134' title='bbox 648 1792 759 1856; x_wconf 89' lang='lat' dir='ltr'>utilius</span> <span class='ocrx_word' id='word_1_135' title='bbox 784 1791 944 1855; x_wconf 85' lang='lat' dir='ltr'>videbitur</span> <span class='ocrx_word' id='word_1_136' title='bbox 967 1791 1139 1855; x_wconf 84' lang='lat' dir='ltr'>convenire</span> <span class='ocrx_word' id='word_1_137' title='bbox 1163 1791 1224 1876; x_wconf 90' lang='lat' dir='ltr'>ipsi</span> <span class='ocrx_word' id='word_1_138' title='bbox 1247 1791 1374 1855; x_wconf 91' lang='lat' dir='ltr'>domine</span> <span class='ocrx_word' id='word_1_139' title='bbox 1399 1785 1493 1856; x_wconf 82' lang='lat' dir='ltr'>Clare</span> <span class='ocrx_word' id='word_1_140' title='bbox 1517 1798 1549 1855; x_wconf 92' lang='lat' dir='ltr'>et</span> <span class='ocrx_word' id='word_1_141' title='bbox 1571 1791 1664 1858; x_wconf 90' lang='lat' dir='ltr'>dictis</span> <span class='ocrx_word' id='word_1_142' title='bbox 1688 1791 1857 1855; x_wconf 90' lang='lat' dir='ltr'>tutoribus.</span> 
     </span>
    </p>

    <p class='ocr_par' dir='ltr' id='par_1_4' title="bbox 333 1899 2154 2520">
     <span class='ocr_line' id='line_1_12' title="bbox 423 1899 2152 1987; baseline 0.001 -24"><span class='ocrx_word' id='word_1_143' title='bbox 423 1900 507 1964; x_wconf 91' lang='lat' dir='ltr'>Item</span> <span class='ocrx_word' id='word_1_144' title='bbox 530 1900 661 1987; x_wconf 91' lang='lat' dir='ltr'>reliquit</span> <span class='ocrx_word' id='word_1_145' title='bbox 682 1901 755 1984; x_wconf 89' lang='lat' dir='ltr'>jure</span> <span class='ocrx_word' id='word_1_146' title='bbox 780 1899 989 1963; x_wconf 87' lang='lat' dir='ltr'>institutionis</span> <span class='ocrx_word' id='word_1_147' title='bbox 1013 1899 1163 1964; x_wconf 80' lang='lat' dir='ltr'>Iohanne</span> <span class='ocrx_word' id='word_1_148' title='bbox 1187 1901 1257 1982; x_wconf 89' lang='lat' dir='ltr'>ejus</span> <span class='ocrx_word' id='word_1_149' title='bbox 1282 1899 1346 1962; x_wconf 84' lang='lat' dir='ltr'>filie</span> <span class='ocrx_word' id='word_1_150' title='bbox 1369 1899 1488 1984; x_wconf 90' lang='lat' dir='ltr'>podere</span> <span class='ocrx_word' id='word_1_151' title='bbox 1512 1921 1605 1964; x_wconf 90' lang='lat' dir='ltr'>suum</span> <span class='ocrx_word' id='word_1_152' title='bbox 1624 1907 1662 1982; x_wconf 88' lang='lat' dir='ltr'>et</span> <span class='ocrx_word' id='word_1_153' title='bbox 1685 1919 1795 1964; x_wconf 91' lang='lat' dir='ltr'>omnes</span> <span class='ocrx_word' id='word_1_154' title='bbox 1827 1901 2044 1984; x_wconf 90' lang='lat' dir='ltr'>possessiones</span> <span class='ocrx_word' id='word_1_155' title='bbox 2072 1923 2152 1986; x_wconf 88' lang='lat' dir='ltr'>quas</span> 
     </span>
     <span class='ocr_line' id='line_1_13' title="bbox 333 2005 2152 2072; baseline 0 -1"><span class='ocrx_word' id='word_1_156' title='bbox 333 2007 432 2071; x_wconf 89' lang='lat' dir='ltr'>habet</span> <span class='ocrx_word' id='word_1_157' title='bbox 455 2007 497 2070; x_wconf 93' lang='lat' dir='ltr'>ad</span> <span class='ocrx_word' id='word_1_158' title='bbox 531 2007 755 2071; x_wconf 84' lang='lat' dir='ltr'>Sablonariam</span> <span class='ocrx_word' id='word_1_159' title='bbox 787 2015 820 2070; x_wconf 90' lang='lat' dir='ltr'>et</span> <span class='ocrx_word' id='word_1_160' title='bbox 851 2006 928 2070; x_wconf 89' lang='lat' dir='ltr'>emit</span> <span class='ocrx_word' id='word_1_161' title='bbox 961 2027 980 2070; x_wconf 90' lang='lat' dir='ltr'>a</span> <span class='ocrx_word' id='word_1_162' title='bbox 1011 2005 1139 2070; x_wconf 91' lang='lat' dir='ltr'>domino</span> <span class='ocrx_word' id='word_1_163' title='bbox 1170 2005 1289 2070; x_wconf 85' lang='lat' dir='ltr'>Enrieo</span> <span class='ocrx_word' id='word_1_164' title='bbox 1320 2005 1359 2069; x_wconf 90' lang='lat' dir='ltr'>de</span> <span class='ocrx_word' id='word_1_165' title='bbox 1387 2005 1628 2070; x_wconf 84' lang='lat' dir='ltr'>Mezaovillanis</span> <span class='ocrx_word' id='word_1_166' title='bbox 1661 2012 1692 2069; x_wconf 92' lang='lat' dir='ltr'>et</span> <span class='ocrx_word' id='word_1_167' title='bbox 1723 2027 1743 2068; x_wconf 90' lang='lat' dir='ltr'>a</span> <span class='ocrx_word' id='word_1_168' title='bbox 1773 2007 1838 2070; x_wconf 90' lang='lat' dir='ltr'>filio</span> <span class='ocrx_word' id='word_1_169' title='bbox 1871 2008 2048 2070; x_wconf 85' lang='lat' dir='ltr'>comuniter</span> <span class='ocrx_word' id='word_1_170' title='bbox 2079 2030 2152 2072; x_wconf 91' lang='lat' dir='ltr'>cum</span> 
     </span>
     <span class='ocr_line' id='line_1_14' title="bbox 335 2101 2152 2200; baseline 0.001 -23"><span class='ocrx_word' id='word_1_171' title='bbox 335 2114 463 2179; x_wconf 91' lang='lat' dir='ltr'>domino</span> <span class='ocrx_word' id='word_1_172' title='bbox 488 2114 611 2179; x_wconf 89' lang='lat' dir='ltr'>Jacobo</span> <span class='ocrx_word' id='word_1_173' title='bbox 635 2101 674 2178; x_wconf 89' lang='lat' dir='ltr'>de</span> <span class='ocrx_word' id='word_1_174' title='bbox 700 2113 801 2196; x_wconf 86' lang='lat' dir='ltr'>Ursis,</span> <span class='ocrx_word' id='word_1_175' title='bbox 827 2120 859 2177; x_wconf 94' lang='lat' dir='ltr'>et</span> <span class='ocrx_word' id='word_1_176' title='bbox 882 2120 976 2198; x_wconf 88' lang='lat' dir='ltr'>rogat</span> <span class='ocrx_word' id='word_1_177' title='bbox 1000 2113 1177 2200; x_wconf 87' lang='lat' dir='ltr'>predictam</span> <span class='ocrx_word' id='word_1_178' title='bbox 1201 2113 1386 2176; x_wconf 86' lang='lat' dir='ltr'>Johannam</span> <span class='ocrx_word' id='word_1_179' title='bbox 1410 2113 1509 2178; x_wconf 87' lang='lat' dir='ltr'>filiam</span> <span class='ocrx_word' id='word_1_180' title='bbox 1533 2135 1640 2196; x_wconf 90' lang='lat' dir='ltr'>suam,</span> <span class='ocrx_word' id='word_1_181' title='bbox 1665 2113 1751 2198; x_wconf 91' lang='lat' dir='ltr'>quod</span> <span class='ocrx_word' id='word_1_182' title='bbox 1775 2115 1802 2176; x_wconf 89' lang='lat' dir='ltr'>si</span> <span class='ocrx_word' id='word_1_183' title='bbox 1825 2113 1960 2177; x_wconf 88' lang='lat' dir='ltr'>heredes</span> <span class='ocrx_word' id='word_1_184' title='bbox 1983 2115 2033 2177; x_wconf 90' lang='lat' dir='ltr'>sui</span> <span class='ocrx_word' id='word_1_185' title='bbox 2056 2115 2152 2179; x_wconf 91' lang='lat' dir='ltr'>dede·</span> 
     </span>
     <span class='ocr_line' id='line_1_15' title="bbox 333 2219 2154 2300; baseline 0.001 -17"><span class='ocrx_word' id='word_1_186' title='bbox 333 2221 398 2284; x_wconf 93' lang='lat' dir='ltr'>rint</span> <span class='ocrx_word' id='word_1_187' title='bbox 421 2228 453 2285; x_wconf 93' lang='lat' dir='ltr'>et</span> <span class='ocrx_word' id='word_1_188' title='bbox 473 2221 629 2285; x_wconf 81' lang='lat' dir='ltr'>solverint</span> <span class='ocrx_word' id='word_1_189' title='bbox 645 2220 728 2284; x_wconf 89' lang='lat' dir='ltr'>dicte</span> <span class='ocrx_word' id='word_1_190' title='bbox 745 2220 767 2285; x_wconf 82' lang='lat' dir='ltr'><strong>J</strong></span> <span class='ocrx_word' id='word_1_191' title='bbox 770 2220 896 2284; x_wconf 90' lang='lat' dir='ltr'>ohanne</span> <span class='ocrx_word' id='word_1_192' title='bbox 921 2220 1008 2284; x_wconf 90' lang='lat' dir='ltr'>mille</span> <span class='ocrx_word' id='word_1_193' title='bbox 1024 2219 1123 2283; x_wconf 89' lang='lat' dir='ltr'>libras</span> <span class='ocrx_word' id='word_1_194' title='bbox 1140 2219 1393 2300; x_wconf 89' lang='lat' dir='ltr'>bononenorum,</span> <span class='ocrx_word' id='word_1_195' title='bbox 1411 2226 1558 2282; x_wconf 91' lang='lat' dir='ltr'>teneatur</span> <span class='ocrx_word' id='word_1_196' title='bbox 1578 2219 1663 2283; x_wconf 88' lang='lat' dir='ltr'>dictu</span> <span class='ocrx_word' id='word_1_197' title='bbox 1679 2219 1701 2284; x_wconf 86' lang='lat' dir='ltr'>J</span> <span class='ocrx_word' id='word_1_198' title='bbox 1703 2220 1831 2282; x_wconf 87' lang='lat' dir='ltr'>ohanna</span> <span class='ocrx_word' id='word_1_199' title='bbox 1848 2221 2016 2284; x_wconf 89' lang='lat' dir='ltr'>restituere</span> <span class='ocrx_word' id='word_1_200' title='bbox 2033 2221 2154 2285; x_wconf 89' lang='lat' dir='ltr'>dietum</span> 
     </span>
     <span class='ocr_line' id='line_1_16' title="bbox 335 2326 2153 2413; baseline -0.001 -21"><span class='ocrx_word' id='word_1_201' title='bbox 335 2328 454 2413; x_wconf 90' lang='lat' dir='ltr'>podere</span> <span class='ocrx_word' id='word_1_202' title='bbox 479 2335 511 2392; x_wconf 91' lang='lat' dir='ltr'>et</span> <span class='ocrx_word' id='word_1_203' title='bbox 534 2328 637 2392; x_wconf 90' lang='lat' dir='ltr'>dietas</span> <span class='ocrx_word' id='word_1_204' title='bbox 661 2327 880 2413; x_wconf 88' lang='lat' dir='ltr'>possessiones</span> <span class='ocrx_word' id='word_1_205' title='bbox 903 2326 1075 2390; x_wconf 90' lang='lat' dir='ltr'>heredibus</span> <span class='ocrx_word' id='word_1_206' title='bbox 1099 2327 1165 2390; x_wconf 89' lang='lat' dir='ltr'>suis</span> <span class='ocrx_word' id='word_1_207' title='bbox 1189 2326 1436 2409; x_wconf 79' lang='lat' dir='ltr'>universalibus,</span> <span class='ocrx_word' id='word_1_208' title='bbox 1457 2333 1488 2389; x_wconf 91' lang='lat' dir='ltr'>et</span> <span class='ocrx_word' id='word_1_209' title='bbox 1509 2327 1606 2410; x_wconf 90' lang='lat' dir='ltr'>jussit</span> <span class='ocrx_word' id='word_1_210' title='bbox 1629 2332 1661 2389; x_wconf 91' lang='lat' dir='ltr'>ct</span> <span class='ocrx_word' id='word_1_211' title='bbox 1684 2326 1787 2390; x_wconf 89' lang='lat' dir='ltr'>voluit</span> <span class='ocrx_word' id='word_1_212' title='bbox 1810 2326 1895 2412; x_wconf 91' lang='lat' dir='ltr'>quod</span> <span class='ocrx_word' id='word_1_213' title='bbox 1919 2327 2042 2390; x_wconf 89' lang='lat' dir='ltr'>fructus</span> <span class='ocrx_word' id='word_1_214' title='bbox 2067 2328 2153 2391; x_wconf 90' lang='lat' dir='ltr'>illius</span> 
     </span>
     <span class='ocr_line' id='line_1_17' title="bbox 334 2431 2038 2520; baseline -0.001 -22"><span class='ocrx_word' id='word_1_215' title='bbox 334 2435 420 2518; x_wconf 89' lang='lat' dir='ltr'>anni,</span> <span class='ocrx_word' id='word_1_216' title='bbox 438 2436 566 2520; x_wconf 91' lang='lat' dir='ltr'>quando</span> <span class='ocrx_word' id='word_1_217' title='bbox 591 2435 678 2500; x_wconf 86' lang='lat' dir='ltr'>facta</span> <span class='ocrx_word' id='word_1_218' title='bbox 702 2434 799 2498; x_wconf 89' lang='lat' dir='ltr'>fuerit</span> <span class='ocrx_word' id='word_1_219' title='bbox 822 2433 908 2497; x_wconf 90' lang='lat' dir='ltr'>dicta</span> <span class='ocrx_word' id='word_1_220' title='bbox 933 2433 1049 2497; x_wconf 89' lang='lat' dir='ltr'>solutio</span> <span class='ocrx_word' id='word_1_221' title='bbox 1073 2433 1160 2496; x_wconf 90' lang='lat' dir='ltr'>mille</span> <span class='ocrx_word' id='word_1_222' title='bbox 1184 2433 1340 2497; x_wconf 87' lang='lat' dir='ltr'>librarum</span> <span class='ocrx_word' id='word_1_223' title='bbox 1363 2431 1760 2515; x_wconf 68' lang='lat' dir='ltr'>b0n0n0110ru1n,shabeat</span> <span class='ocrx_word' id='word_1_224' title='bbox 1784 2434 1853 2520; x_wconf 88' lang='lat' dir='ltr'>ipsa</span> <span class='ocrx_word' id='word_1_225' title='bbox 1876 2434 2038 2498; x_wconf 82' lang='lat' dir='ltr'>dohanas.</span> 
     </span>
    </p>

    <p class='ocr_par' dir='ltr' id='par_1_5' title="bbox 234 2523 2155 3270">
     <span class='ocr_line' id='line_1_18' title="bbox 425 2523 2153 2628; baseline -0.001 -22"><span class='ocrx_word' id='word_1_226' title='bbox 425 2542 508 2606; x_wconf 88' lang='lat' dir='ltr'>Item</span> <span class='ocrx_word' id='word_1_227' title='bbox 533 2543 663 2628; x_wconf 91' lang='lat' dir='ltr'>reliquit</span> <span class='ocrx_word' id='word_1_228' title='bbox 684 2543 757 2626; x_wconf 90' lang='lat' dir='ltr'>jure</span> <span class='ocrx_word' id='word_1_229' title='bbox 782 2541 990 2606; x_wconf 90' lang='lat' dir='ltr'>institutionis</span> <span class='ocrx_word' id='word_1_230' title='bbox 1015 2540 1146 2605; x_wconf 83' lang='lat' dir='ltr'>cuilibet</span> <span class='ocrx_word' id='word_1_231' title='bbox 1169 2540 1241 2604; x_wconf 80' lang='lat' dir='ltr'>filie.</span> <span class='ocrx_word' id='word_1_232' title='bbox 1258 2540 1318 2604; x_wconf 89' lang='lat' dir='ltr'>sibi</span> <span class='ocrx_word' id='word_1_233' title='bbox 1344 2523 1504 2607; x_wconf 80' lang='lat' dir='ltr'>noscitare</span> <span class='ocrx_word' id='word_1_234' title='bbox 1529 2540 1620 2603; x_wconf 49' lang='lat' dir='ltr'>mille*</span> <span class='ocrx_word' id='word_1_235' title='bbox 1639 2539 1739 2604; x_wconf 90' lang='lat' dir='ltr'>libras</span> <span class='ocrx_word' id='word_1_236' title='bbox 1757 2540 2008 2605; x_wconf 91' lang='lat' dir='ltr'>bononenorum.</span> <span class='ocrx_word' id='word_1_237' title='bbox 2026 2541 2109 2606; x_wconf 91' lang='lat' dir='ltr'>Item</span> <span class='ocrx_word' id='word_1_238' title='bbox 2125 2541 2153 2605; x_wconf 90' lang='lat' dir='ltr'>si</span> 
     </span>
     <span class='ocr_line' id='line_1_19' title="bbox 335 2647 2153 2734; baseline -0.001 -20"><span class='ocrx_word' id='word_1_239' title='bbox 335 2649 488 2714; x_wconf 76' lang='lat' dir='ltr'>Iohanne</span> <span class='ocrx_word' id='word_1_240' title='bbox 504 2647 571 2712; x_wconf 89' lang='lat' dir='ltr'>filia</span> <span class='ocrx_word' id='word_1_241' title='bbox 594 2669 654 2712; x_wconf 89' lang='lat' dir='ltr'>sua</span> <span class='ocrx_word' id='word_1_242' title='bbox 677 2649 728 2712; x_wconf 90' lang='lat' dir='ltr'>vel</span> <span class='ocrx_word' id='word_1_243' title='bbox 753 2655 912 2734; x_wconf 90' lang='lat' dir='ltr'>postuma,</span> <span class='ocrx_word' id='word_1_244' title='bbox 929 2648 982 2711; x_wconf 77' lang='lat' dir='ltr'>rel</span> <span class='ocrx_word' id='word_1_245' title='bbox 998 2648 1108 2733; x_wconf 89' lang='lat' dir='ltr'>aliqua</span> <span class='ocrx_word' id='word_1_246' title='bbox 1124 2654 1345 2734; x_wconf 90' lang='lat' dir='ltr'>postumarum</span> <span class='ocrx_word' id='word_1_247' title='bbox 1362 2647 1506 2722; x_wconf 84' lang='lat' dir='ltr'>decedat,</span> <span class='ocrx_word' id='word_1_248' title='bbox 1523 2648 1575 2710; x_wconf 82' lang='lat' dir='ltr'>vel</span> <span class='ocrx_word' id='word_1_249' title='bbox 1592 2647 1749 2711; x_wconf 91' lang='lat' dir='ltr'>decedant</span> <span class='ocrx_word' id='word_1_250' title='bbox 1766 2648 1797 2710; x_wconf 94' lang='lat' dir='ltr'>in</span> <span class='ocrx_word' id='word_1_251' title='bbox 1814 2648 1966 2733; x_wconf 89' lang='lat' dir='ltr'>pupillari</span> <span class='ocrx_word' id='word_1_252' title='bbox 1982 2656 2067 2712; x_wconf 90' lang='lat' dir='ltr'>etate</span> <span class='ocrx_word' id='word_1_253' title='bbox 2084 2649 2153 2713; x_wconf 87' lang='lat' dir='ltr'>sine</span> 
     </span>
     <span class='ocr_line' id='line_1_20' title="bbox 334 2738 2152 2842; baseline -0.001 -22"><span class='ocrx_word' id='word_1_254' title='bbox 334 2757 434 2821; x_wconf 81' lang='lat' dir='ltr'>fratre</span> <span class='ocrx_word' id='word_1_255' title='bbox 451 2757 503 2820; x_wconf 81' lang='lat' dir='ltr'>vel</span> <span class='ocrx_word' id='word_1_256' title='bbox 527 2755 681 2820; x_wconf 86' lang='lat' dir='ltr'>fratribus</span> <span class='ocrx_word' id='word_1_257' title='bbox 698 2755 945 2842; x_wconf 89' lang='lat' dir='ltr'>consanguineis</span> <span class='ocrx_word' id='word_1_258' title='bbox 963 2760 994 2818; x_wconf 90' lang='lat' dir='ltr'>et</span> <span class='ocrx_word' id='word_1_259' title='bbox 1011 2755 1155 2836; x_wconf 88' lang='lat' dir='ltr'>uterinis,</span> <span class='ocrx_word' id='word_1_260' title='bbox 1172 2777 1238 2818; x_wconf 87' lang='lat' dir='ltr'>una</span> <span class='ocrx_word' id='word_1_261' title='bbox 1255 2754 1350 2818; x_wconf 89' lang='lat' dir='ltr'>alteri</span> <span class='ocrx_word' id='word_1_262' title='bbox 1367 2738 1407 2836; x_wconf 88' lang='lat' dir='ltr'>sit</span> <span class='ocrx_word' id='word_1_263' title='bbox 1423 2738 1527 2818; x_wconf 81' lang='lat' dir='ltr'>heres.</span> <span class='ocrx_word' id='word_1_264' title='bbox 1545 2754 1584 2817; x_wconf 93' lang='lat' dir='ltr'>In</span> <span class='ocrx_word' id='word_1_265' title='bbox 1601 2754 1748 2818; x_wconf 90' lang='lat' dir='ltr'>omnibus</span> <span class='ocrx_word' id='word_1_266' title='bbox 1766 2761 1873 2818; x_wconf 91' lang='lat' dir='ltr'>autem</span> <span class='ocrx_word' id='word_1_267' title='bbox 1891 2755 1962 2818; x_wconf 86' lang='lat' dir='ltr'>aliis</span> <span class='ocrx_word' id='word_1_268' title='bbox 1979 2756 2044 2818; x_wconf 89' lang='lat' dir='ltr'>suis</span> <span class='ocrx_word' id='word_1_269' title='bbox 2060 2756 2152 2820; x_wconf 86' lang='lat' dir='ltr'>bonis</span> 
     </span>
     <span class='ocr_line' id='line_1_21' title="bbox 234 2847 2154 2948; baseline -0.001 -21"><span class='ocrx_word' id='word_1_270' title='bbox 234 2891 235 2894; x_wconf 42' lang='lat'>¹</span> <span class='ocrx_word' id='word_1_271' title='bbox 336 2864 508 2928; x_wconf 87' lang='lat' dir='ltr'>mobilibus</span> <span class='ocrx_word' id='word_1_272' title='bbox 523 2870 563 2927; x_wconf 79' lang='lat' dir='ltr'>&#39;et</span> <span class='ocrx_word' id='word_1_273' title='bbox 580 2862 807 2944; x_wconf 89' lang='lat' dir='ltr'>immobilibus,</span> <span class='ocrx_word' id='word_1_274' title='bbox 822 2862 949 2945; x_wconf 78' lang='lat' dir='ltr'>juribus</span> <span class='ocrx_word' id='word_1_275' title='bbox 966 2868 997 2924; x_wconf 91' lang='lat' dir='ltr'>et</span> <span class='ocrx_word' id='word_1_276' title='bbox 1014 2862 1193 2926; x_wconf 84' lang='lat' dir='ltr'>actionibus</span> <span class='ocrx_word' id='word_1_277' title='bbox 1210 2847 1413 2948; x_wconf 85' lang='lat' dir='ltr'>presentibus</span> <span class='ocrx_word' id='word_1_278' title='bbox 1437 2868 1469 2934; x_wconf 84' lang='lat' dir='ltr'>et</span> <span class='ocrx_word' id='word_1_279' title='bbox 1492 2861 1608 2925; x_wconf 79' lang='lat' dir='ltr'>futuris</span> <span class='ocrx_word' id='word_1_280' title='bbox 1633 2861 1797 2925; x_wconf 90' lang='lat' dir='ltr'>dominum</span> <span class='ocrx_word' id='word_1_281' title='bbox 1820 2861 2029 2926; x_wconf 65' lang='lat' dir='ltr'>I&#39;raneiscum</span> <span class='ocrx_word' id='word_1_282' title='bbox 2052 2863 2154 2926; x_wconf 89' lang='lat' dir='ltr'>filium</span> 
     </span>
     <span class='ocr_line' id='line_1_22' title="bbox 336 2967 2155 3054; baseline -0.001 -20"><span class='ocrx_word' id='word_1_283' title='bbox 336 2993 440 3054; x_wconf 90' lang='lat' dir='ltr'>suum,</span> <span class='ocrx_word' id='word_1_284' title='bbox 455 2971 601 3051; x_wconf 89' lang='lat' dir='ltr'>Petrum,</span> <span class='ocrx_word' id='word_1_285' title='bbox 618 2969 768 3050; x_wconf 83' lang='lat' dir='ltr'>Paulum,</span> <span class='ocrx_word' id='word_1_286' title='bbox 786 2967 1019 3032; x_wconf 83' lang='lat' dir='ltr'>Oddoffrcdum</span> <span class='ocrx_word' id='word_1_287' title='bbox 1043 2975 1075 3032; x_wconf 92' lang='lat' dir='ltr'>et</span> <span class='ocrx_word' id='word_1_288' title='bbox 1098 2967 1299 3054; x_wconf 86' lang='lat' dir='ltr'>Raynerium</span> <span class='ocrx_word' id='word_1_289' title='bbox 1327 2975 1359 3032; x_wconf 89' lang='lat' dir='ltr'>et</span> <span class='ocrx_word' id='word_1_290' title='bbox 1383 2989 1493 3032; x_wconf 89' lang='lat' dir='ltr'>omnes</span> <span class='ocrx_word' id='word_1_291' title='bbox 1517 2968 1599 3031; x_wconf 86' lang='lat' dir='ltr'>lilios</span> <span class='ocrx_word' id='word_1_292' title='bbox 1623 2968 1784 3053; x_wconf 89' lang='lat' dir='ltr'>legitimos</span> <span class='ocrx_word' id='word_1_293' title='bbox 1808 2975 1840 3031; x_wconf 88' lang='lat' dir='ltr'>et</span> <span class='ocrx_word' id='word_1_294' title='bbox 1864 2969 2027 3034; x_wconf 87' lang='lat' dir='ltr'>naturales</span> <span class='ocrx_word' id='word_1_295' title='bbox 2051 2971 2155 3034; x_wconf 88' lang='lat' dir='ltr'>nasei-</span> 
     </span>
     <span class='ocr_line' id='line_1_23' title="bbox 335 3075 2154 3164; baseline -0.001 -22"><span class='ocrx_word' id='word_1_296' title='bbox 335 3089 424 3142; x_wconf 92' lang='lat' dir='ltr'>turos</span> <span class='ocrx_word' id='word_1_297' title='bbox 449 3100 490 3142; x_wconf 83' lang='lat' dir='ltr'>ex</span> <span class='ocrx_word' id='word_1_298' title='bbox 519 3075 604 3143; x_wconf 83' lang='lat' dir='ltr'>dieto</span> <span class='ocrx_word' id='word_1_299' title='bbox 635 3077 763 3142; x_wconf 91' lang='lat' dir='ltr'>domino</span> <span class='ocrx_word' id='word_1_300' title='bbox 788 3075 962 3139; x_wconf 86' lang='lat' dir='ltr'>Franciseo</span> <span class='ocrx_word' id='word_1_301' title='bbox 986 3097 1028 3139; x_wconf 88' lang='lat' dir='ltr'>ex</span> <span class='ocrx_word' id='word_1_302' title='bbox 1051 3077 1192 3162; x_wconf 92' lang='lat' dir='ltr'>presenti</span> <span class='ocrx_word' id='word_1_303' title='bbox 1218 3077 1421 3140; x_wconf 88' lang='lat' dir='ltr'>matrimonio</span> <span class='ocrx_word' id='word_1_304' title='bbox 1453 3077 1505 3157; x_wconf 81' lang='lat' dir='ltr'>rel</span> <span class='ocrx_word' id='word_1_305' title='bbox 1534 3075 1642 3140; x_wconf 89' lang='lat' dir='ltr'>futuro</span> <span class='ocrx_word' id='word_1_306' title='bbox 1673 3076 1733 3140; x_wconf 92' lang='lat' dir='ltr'>sibi</span> <span class='ocrx_word' id='word_1_307' title='bbox 1764 3076 1899 3140; x_wconf 89' lang='lat' dir='ltr'>heredes</span> <span class='ocrx_word' id='word_1_308' title='bbox 1928 3079 2065 3142; x_wconf 90' lang='lat' dir='ltr'>instituit</span> <span class='ocrx_word' id='word_1_309' title='bbox 2097 3100 2154 3164; x_wconf 90' lang='lat' dir='ltr'>pro</span> 
     </span>
     <span class='ocr_line' id='line_1_24' title="bbox 336 3183 2154 3270; baseline 0.001 -22"><span class='ocrx_word' id='word_1_310' title='bbox 336 3207 401 3249; x_wconf 90' lang='lat' dir='ltr'>una</span> <span class='ocrx_word' id='word_1_311' title='bbox 425 3185 567 3249; x_wconf 92' lang='lat' dir='ltr'>dimidia.</span> <span class='ocrx_word' id='word_1_312' title='bbox 591 3184 676 3248; x_wconf 90' lang='lat' dir='ltr'>Item</span> <span class='ocrx_word' id='word_1_313' title='bbox 698 3183 892 3248; x_wconf 85' lang='lat' dir='ltr'>Nieholaum</span> <span class='ocrx_word' id='word_1_314' title='bbox 916 3183 1017 3247; x_wconf 91' lang='lat' dir='ltr'>filium</span> <span class='ocrx_word' id='word_1_315' title='bbox 1041 3203 1134 3246; x_wconf 91' lang='lat' dir='ltr'>suum</span> <span class='ocrx_word' id='word_1_316' title='bbox 1158 3184 1327 3270; x_wconf 89' lang='lat' dir='ltr'>pupillum,</span> <span class='ocrx_word' id='word_1_317' title='bbox 1352 3191 1462 3266; x_wconf 87' lang='lat' dir='ltr'>natum</span> <span class='ocrx_word' id='word_1_318' title='bbox 1480 3205 1520 3246; x_wconf 79' lang='lat' dir='ltr'>en</span> <span class='ocrx_word' id='word_1_319' title='bbox 1537 3183 1667 3247; x_wconf 90' lang='lat' dir='ltr'>domina</span> <span class='ocrx_word' id='word_1_320' title='bbox 1684 3183 1790 3264; x_wconf 81' lang='lat' dir='ltr'>Clara,</span> <span class='ocrx_word' id='word_1_321' title='bbox 1812 3184 1844 3247; x_wconf 90' lang='lat' dir='ltr'>in</span> <span class='ocrx_word' id='word_1_322' title='bbox 1866 3185 1931 3247; x_wconf 91' lang='lat' dir='ltr'>alia</span> <span class='ocrx_word' id='word_1_323' title='bbox 1945 3185 2077 3249; x_wconf 87' lang='lat' dir='ltr'>dimidia</span> <span class='ocrx_word' id='word_1_324' title='bbox 2094 3185 2154 3249; x_wconf 90' lang='lat' dir='ltr'>sibi</span> 
     </span>
    </p>
   </div>
   <div class='ocr_carea' id='block_1_3' title="bbox 337 3285 2268 3378">
    <p class='ocr_par' dir='ltr' id='par_1_6' title="bbox 337 3285 2268 3378">
     <span class='ocr_line' id='line_1_25' title="bbox 337 3285 2268 3378; baseline 0 -22"><span class='ocrx_word' id='word_1_325' title='bbox 337 3292 489 3356; x_wconf 88' lang='lat' dir='ltr'>heredem</span> <span class='ocrx_word' id='word_1_326' title='bbox 513 3291 661 3363; x_wconf 87' lang='lat' dir='ltr'>instituit.</span> <span class='ocrx_word' id='word_1_327' title='bbox 686 3291 769 3354; x_wconf 91' lang='lat' dir='ltr'>Item</span> <span class='ocrx_word' id='word_1_328' title='bbox 793 3290 820 3353; x_wconf 88' lang='lat' dir='ltr'>si</span> <span class='ocrx_word' id='word_1_329' title='bbox 844 3290 874 3354; x_wconf 91' lang='lat' dir='ltr'>ei</span> <span class='ocrx_word' id='word_1_330' title='bbox 897 3296 1048 3354; x_wconf 85' lang='lat' dir='ltr'>nascatur</span> <span class='ocrx_word' id='word_1_331' title='bbox 1079 3290 1131 3354; x_wconf 84' lang='lat' dir='ltr'>rel</span> <span class='ocrx_word' id='word_1_332' title='bbox 1163 3297 1338 3354; x_wconf 89' lang='lat' dir='ltr'>nascantur</span> <span class='ocrx_word' id='word_1_333' title='bbox 1368 3291 1453 3354; x_wconf 89' lang='lat' dir='ltr'>filius</span> <span class='ocrx_word' id='word_1_334' title='bbox 1484 3290 1536 3354; x_wconf 76' lang='lat' dir='ltr'>vel</span> <span class='ocrx_word' id='word_1_335' title='bbox 1566 3289 1624 3353; x_wconf 90' lang='lat' dir='ltr'>filii</span> <span class='ocrx_word' id='word_1_336' title='bbox 1655 3291 1806 3373; x_wconf 88' lang='lat' dir='ltr'>maseuli,</span> <span class='ocrx_word' id='word_1_337' title='bbox 1832 3313 1914 3354; x_wconf 91' lang='lat' dir='ltr'>unus</span> <span class='ocrx_word' id='word_1_338' title='bbox 1945 3293 1997 3356; x_wconf 84' lang='lat' dir='ltr'>rel</span> <span class='ocrx_word' id='word_1_339' title='bbox 2027 3293 2154 3378; x_wconf 89' lang='lat' dir='ltr'>plures,</span> <span class='ocrx_word' id='word_1_340' title='bbox 2265 3285 2268 3292; x_wconf 78' lang='grc'><strong>’</strong></span> 
     </span>
    </p>
   </div>
   <div class='ocr_carea' id='block_1_4' title="bbox 334 3387 2155 6269">
    <p class='ocr_par' dir='ltr' id='par_1_7' title="bbox 334 3387 2155 4964">
     <span class='ocr_line' id='line_1_26' title="bbox 336 3387 2154 3483; baseline 0 -21"><span class='ocrx_word' id='word_1_341' title='bbox 336 3421 420 3481; x_wconf 91' lang='lat' dir='ltr'>eum,</span> <span class='ocrx_word' id='word_1_342' title='bbox 437 3397 489 3462; x_wconf 78' lang='lat' dir='ltr'>sel</span> <span class='ocrx_word' id='word_1_343' title='bbox 513 3419 568 3462; x_wconf 88' lang='lat' dir='ltr'>eos</span> <span class='ocrx_word' id='word_1_344' title='bbox 593 3397 654 3460; x_wconf 86' lang='lat' dir='ltr'>sibi</span> <span class='ocrx_word' id='word_1_345' title='bbox 676 3387 828 3474; x_wconf 87' lang='lat' dir='ltr'>heredem</span> <span class='ocrx_word' id='word_1_346' title='bbox 852 3389 989 3460; x_wconf 86' lang='lat' dir='ltr'>instituit</span> <span class='ocrx_word' id='word_1_347' title='bbox 1012 3397 1187 3482; x_wconf 90' lang='lat' dir='ltr'>quemlibet</span> <span class='ocrx_word' id='word_1_348' title='bbox 1211 3419 1268 3483; x_wconf 92' lang='lat' dir='ltr'>pro</span> <span class='ocrx_word' id='word_1_349' title='bbox 1292 3396 1387 3480; x_wconf 89' lang='lat' dir='ltr'>virili,</span> <span class='ocrx_word' id='word_1_350' title='bbox 1405 3397 1450 3477; x_wconf 88' lang='lat' dir='ltr'>ita</span> <span class='ocrx_word' id='word_1_351' title='bbox 1474 3395 1559 3482; x_wconf 91' lang='lat' dir='ltr'>quod</span> <span class='ocrx_word' id='word_1_352' title='bbox 1583 3395 1730 3460; x_wconf 90' lang='lat' dir='ltr'>dominns</span> <span class='ocrx_word' id='word_1_353' title='bbox 1753 3397 1968 3462; x_wconf 85' lang='lat' dir='ltr'>Francisohus</span> <span class='ocrx_word' id='word_1_354' title='bbox 1985 3420 2057 3462; x_wconf 90' lang='lat' dir='ltr'>cum</span> <span class='ocrx_word' id='word_1_355' title='bbox 2081 3400 2154 3463; x_wconf 89' lang='lat' dir='ltr'>filiis</span> 
     </span>
     <span class='ocr_line' id='line_1_27' title="bbox 336 3500 2154 3590; baseline 0 -20"><span class='ocrx_word' id='word_1_356' title='bbox 336 3507 479 3570; x_wconf 86' lang='lat' dir='ltr'>habeant</span> <span class='ocrx_word' id='word_1_357' title='bbox 501 3525 599 3568; x_wconf 87' lang='lat' dir='ltr'>unam</span> <span class='ocrx_word' id='word_1_358' title='bbox 622 3504 748 3590; x_wconf 83' lang='lat' dir='ltr'>virilem</span> <span class='ocrx_word' id='word_1_359' title='bbox 771 3500 916 3586; x_wconf 85' lang='lat' dir='ltr'>tantum,</span> <span class='ocrx_word' id='word_1_360' title='bbox 940 3503 1124 3568; x_wconf 84' lang='lat' dir='ltr'>Nicholaus</span> <span class='ocrx_word' id='word_1_361' title='bbox 1142 3504 1239 3572; x_wconf 83' lang='lat' dir='ltr'>aliam</span> <span class='ocrx_word' id='word_1_362' title='bbox 1263 3503 1399 3586; x_wconf 85' lang='lat' dir='ltr'>virilem,</span> <span class='ocrx_word' id='word_1_363' title='bbox 1424 3511 1456 3567; x_wconf 93' lang='lat' dir='ltr'>et</span> <span class='ocrx_word' id='word_1_364' title='bbox 1479 3503 1614 3590; x_wconf 82' lang='lat' dir='ltr'>quilibet</span> <span class='ocrx_word' id='word_1_365' title='bbox 1646 3505 1701 3589; x_wconf 88' lang='lat' dir='ltr'>qui</span> <span class='ocrx_word' id='word_1_366' title='bbox 1732 3511 1883 3568; x_wconf 87' lang='lat' dir='ltr'>nascatur</span> <span class='ocrx_word' id='word_1_367' title='bbox 1913 3505 2032 3569; x_wconf 90' lang='lat' dir='ltr'>habeat</span> <span class='ocrx_word' id='word_1_368' title='bbox 2062 3527 2154 3570; x_wconf 91' lang='lat' dir='ltr'>suam</span> 
     </span>
     <span class='ocr_line' id='line_1_28' title="bbox 334 3593 2153 3697; baseline 0.001 -21"><span class='ocrx_word' id='word_1_369' title='bbox 334 3613 472 3682; x_wconf 72' lang='lat' dir='ltr'>uirilem.</span> <span class='ocrx_word' id='word_1_370' title='bbox 497 3611 580 3676; x_wconf 88' lang='lat' dir='ltr'>Item</span> <span class='ocrx_word' id='word_1_371' title='bbox 604 3611 632 3674; x_wconf 92' lang='lat' dir='ltr'>si</span> <span class='ocrx_word' id='word_1_372' title='bbox 654 3593 832 3676; x_wconf 87' lang='lat' dir='ltr'>Nicholaus</span> <span class='ocrx_word' id='word_1_373' title='bbox 855 3611 939 3679; x_wconf 91' lang='lat' dir='ltr'>filius</span> <span class='ocrx_word' id='word_1_374' title='bbox 964 3633 1040 3674; x_wconf 90' lang='lat' dir='ltr'>suus</span> <span class='ocrx_word' id='word_1_375' title='bbox 1064 3609 1199 3674; x_wconf 89' lang='lat' dir='ltr'>decedat</span> <span class='ocrx_word' id='word_1_376' title='bbox 1223 3611 1255 3674; x_wconf 92' lang='lat' dir='ltr'>in</span> <span class='ocrx_word' id='word_1_377' title='bbox 1277 3609 1431 3697; x_wconf 88' lang='lat' dir='ltr'>pupillari</span> <span class='ocrx_word' id='word_1_378' title='bbox 1454 3617 1550 3694; x_wconf 88' lang='lat' dir='ltr'>etate,</span> <span class='ocrx_word' id='word_1_379' title='bbox 1571 3610 1657 3696; x_wconf 90' lang='lat' dir='ltr'>quod</span> <span class='ocrx_word' id='word_1_380' title='bbox 1681 3610 1769 3674; x_wconf 91' lang='lat' dir='ltr'>Deus</span> <span class='ocrx_word' id='word_1_381' title='bbox 1794 3610 2078 3695; x_wconf 84' lang='lat' dir='ltr'>advertat,aliu1n</span> <span class='ocrx_word' id='word_1_382' title='bbox 2101 3615 2153 3678; x_wconf 81' lang='lat' dir='ltr'>rel</span> 
     </span>
     <span class='ocr_line' id='line_1_29' title="bbox 336 3717 2153 3804; baseline 0.001 -20"><span class='ocrx_word' id='word_1_383' title='bbox 336 3721 418 3786; x_wconf 83' lang='lat' dir='ltr'>alios</span> <span class='ocrx_word' id='word_1_384' title='bbox 442 3720 504 3783; x_wconf 89' lang='lat' dir='ltr'>sibi</span> <span class='ocrx_word' id='word_1_385' title='bbox 527 3718 706 3783; x_wconf 89' lang='lat' dir='ltr'>nascituros</span> <span class='ocrx_word' id='word_1_386' title='bbox 729 3718 832 3782; x_wconf 83' lang='lat' dir='ltr'>voluit</span> <span class='ocrx_word' id='word_1_387' title='bbox 856 3717 940 3782; x_wconf 92' lang='lat' dir='ltr'>dicto</span> <span class='ocrx_word' id='word_1_388' title='bbox 964 3717 1130 3783; x_wconf 87' lang='lat' dir='ltr'>Nicholao</span> <span class='ocrx_word' id='word_1_389' title='bbox 1146 3739 1215 3782; x_wconf 88' lang='lat' dir='ltr'>esse</span> <span class='ocrx_word' id='word_1_390' title='bbox 1241 3718 1386 3782; x_wconf 87' lang='lat' dir='ltr'>heredes.</span> <span class='ocrx_word' id='word_1_391' title='bbox 1409 3717 1452 3782; x_wconf 86' lang='lat' dir='ltr'>Et</span> <span class='ocrx_word' id='word_1_392' title='bbox 1475 3718 1502 3795; x_wconf 86' lang='lat' dir='ltr'>si</span> <span class='ocrx_word' id='word_1_393' title='bbox 1530 3717 1646 3802; x_wconf 90' lang='lat' dir='ltr'>aliquis</span> <span class='ocrx_word' id='word_1_394' title='bbox 1676 3717 1832 3800; x_wconf 85' lang='lat' dir='ltr'>liliorum,</span> <span class='ocrx_word' id='word_1_395' title='bbox 1856 3720 1911 3804; x_wconf 92' lang='lat' dir='ltr'>qui</span> <span class='ocrx_word' id='word_1_396' title='bbox 1935 3729 2153 3803; x_wconf 89' lang='lat' dir='ltr'>nascerentur,</span> 
     </span>
     <span class='ocr_line' id='line_1_30' title="bbox 336 3824 2153 3910; baseline 0.001 -20"><span class='ocrx_word' id='word_1_397' title='bbox 336 3827 529 3892; x_wconf 86' lang='lat' dir='ltr'>decederent</span> <span class='ocrx_word' id='word_1_398' title='bbox 545 3826 579 3889; x_wconf 94' lang='lat' dir='ltr'>in</span> <span class='ocrx_word' id='word_1_399' title='bbox 593 3825 747 3910; x_wconf 89' lang='lat' dir='ltr'>pupillari</span> <span class='ocrx_word' id='word_1_400' title='bbox 763 3831 859 3905; x_wconf 88' lang='lat' dir='ltr'>etate,</span> <span class='ocrx_word' id='word_1_401' title='bbox 876 3824 1118 3890; x_wconf 89' lang='lat' dir='ltr'>Nioholaum(1)</span> <span class='ocrx_word' id='word_1_402' title='bbox 1131 3833 1167 3888; x_wconf 66' lang='lat' dir='ltr'>‘et</span> <span class='ocrx_word' id='word_1_403' title='bbox 1191 3825 1246 3888; x_wconf 89' lang='lat' dir='ltr'>alii</span> <span class='ocrx_word' id='word_1_404' title='bbox 1269 3825 1326 3889; x_wconf 87' lang='lat' dir='ltr'>filii</span> <span class='ocrx_word' id='word_1_405' title='bbox 1350 3825 1505 3890; x_wconf 89' lang='lat' dir='ltr'>nascituri</span> <span class='ocrx_word' id='word_1_406' title='bbox 1528 3825 1677 3888; x_wconf 90' lang='lat' dir='ltr'>morienti</span> <span class='ocrx_word' id='word_1_407' title='bbox 1698 3831 1729 3888; x_wconf 93' lang='lat' dir='ltr'>et</span> <span class='ocrx_word' id='word_1_408' title='bbox 1745 3824 1913 3889; x_wconf 92' lang='lat' dir='ltr'>decedenti</span> <span class='ocrx_word' id='word_1_409' title='bbox 1929 3826 1993 3890; x_wconf 80' lang='lat' dir='ltr'>rint</span> <span class='ocrx_word' id='word_1_410' title='bbox 2008 3827 2153 3892; x_wconf 89' lang='lat' dir='ltr'>heredes.</span> 
     </span>
     <span class='ocr_line' id='line_1_31' title="bbox 335 3932 2154 4018; baseline 0.001 -19"><span class='ocrx_word' id='word_1_411' title='bbox 335 3935 378 3999; x_wconf 88' lang='lat' dir='ltr'>Et</span> <span class='ocrx_word' id='word_1_412' title='bbox 401 3936 485 3998; x_wconf 89' lang='lat' dir='ltr'>hanc</span> <span class='ocrx_word' id='word_1_413' title='bbox 509 3954 601 3996; x_wconf 88' lang='lat' dir='ltr'>suam</span> <span class='ocrx_word' id='word_1_414' title='bbox 625 3933 772 3998; x_wconf 88' lang='lat' dir='ltr'>ultimam</span> <span class='ocrx_word' id='word_1_415' title='bbox 795 3933 996 3996; x_wconf 85' lang='lat' dir='ltr'>voluntatem</span> <span class='ocrx_word' id='word_1_416' title='bbox 1020 3933 1158 3997; x_wconf 88' lang='lat' dir='ltr'>asseruit</span> <span class='ocrx_word' id='word_1_417' title='bbox 1181 3951 1251 3997; x_wconf 83' lang='lat' dir='ltr'>esse</span> <span class='ocrx_word' id='word_1_418' title='bbox 1276 3933 1370 4014; x_wconf 77' lang='lat' dir='ltr'>selle,</span> <span class='ocrx_word' id='word_1_419' title='bbox 1393 3951 1490 4018; x_wconf 83' lang='lat' dir='ltr'>quem</span> <span class='ocrx_word' id='word_1_420' title='bbox 1513 3932 1623 3996; x_wconf 75' lang='lat' dir='ltr'>valere</span> <span class='ocrx_word' id='word_1_421' title='bbox 1646 3932 1748 3996; x_wconf 80' lang='lat' dir='ltr'>voluit</span> <span class='ocrx_word' id='word_1_422' title='bbox 1776 3938 1808 3996; x_wconf 91' lang='lat' dir='ltr'>et</span> <span class='ocrx_word' id='word_1_423' title='bbox 1830 3940 1939 3997; x_wconf 93' lang='lat' dir='ltr'>tenere</span> <span class='ocrx_word' id='word_1_424' title='bbox 1961 3935 2033 4018; x_wconf 91' lang='lat' dir='ltr'>jure</span> <span class='ocrx_word' id='word_1_425' title='bbox 2057 3941 2154 4000; x_wconf 89' lang='lat' dir='ltr'>testa-</span> 
     </span>
     <span class='ocr_line' id='line_1_32' title="bbox 337 4039 2153 4125; baseline 0.001 -19"><span class='ocrx_word' id='word_1_426' title='bbox 337 4042 446 4106; x_wconf 92' lang='lat' dir='ltr'>menti.</span> <span class='ocrx_word' id='word_1_427' title='bbox 464 4040 558 4115; x_wconf 83' lang='lat' dir='ltr'>Quod</span> <span class='ocrx_word' id='word_1_428' title='bbox 582 4040 609 4103; x_wconf 91' lang='lat' dir='ltr'>si</span> <span class='ocrx_word' id='word_1_429' title='bbox 630 4040 704 4125; x_wconf 85' lang='lat' dir='ltr'>jure</span> <span class='ocrx_word' id='word_1_430' title='bbox 728 4039 914 4103; x_wconf 80' lang='lat' dir='ltr'>testamenti</span> <span class='ocrx_word' id='word_1_431' title='bbox 937 4054 1000 4105; x_wconf 92' lang='lat' dir='ltr'>non</span> <span class='ocrx_word' id='word_1_432' title='bbox 1024 4041 1157 4122; x_wconf 85' lang='lat' dir='ltr'>valeret,</span> <span class='ocrx_word' id='word_1_433' title='bbox 1175 4040 1289 4104; x_wconf 88' lang='lat' dir='ltr'>saltem</span> <span class='ocrx_word' id='word_1_434' title='bbox 1313 4040 1422 4104; x_wconf 83' lang='lat' dir='ltr'>valere</span> <span class='ocrx_word' id='word_1_435' title='bbox 1446 4039 1548 4104; x_wconf 84' lang='lat' dir='ltr'>voluit</span> <span class='ocrx_word' id='word_1_436' title='bbox 1568 4040 1641 4123; x_wconf 84' lang='lat' dir='ltr'>jure</span> <span class='ocrx_word' id='word_1_437' title='bbox 1665 4039 1895 4122; x_wconf 88' lang='lat' dir='ltr'>codicillorum,</span> <span class='ocrx_word' id='word_1_438' title='bbox 1911 4041 1964 4104; x_wconf 88' lang='lat' dir='ltr'>vel</span> <span class='ocrx_word' id='word_1_439' title='bbox 1988 4043 2074 4106; x_wconf 90' lang='lat' dir='ltr'>omni</span> <span class='ocrx_word' id='word_1_440' title='bbox 2090 4043 2153 4108; x_wconf 91' lang='lat' dir='ltr'>alio</span> 
     </span>
     <span class='ocr_line' id='line_1_33' title="bbox 334 4145 2154 4238; baseline 0.001 -25"><span class='ocrx_word' id='word_1_441' title='bbox 334 4151 407 4235; x_wconf 89' lang='lat' dir='ltr'>jure</span> <span class='ocrx_word' id='word_1_442' title='bbox 431 4156 464 4213; x_wconf 91' lang='lat' dir='ltr'>et</span> <span class='ocrx_word' id='word_1_443' title='bbox 487 4148 582 4213; x_wconf 93' lang='lat' dir='ltr'>modo</span> <span class='ocrx_word' id='word_1_444' title='bbox 606 4147 722 4233; x_wconf 89' lang='lat' dir='ltr'>quibus</span> <span class='ocrx_word' id='word_1_445' title='bbox 746 4147 861 4210; x_wconf 87' lang='lat' dir='ltr'>melius</span> <span class='ocrx_word' id='word_1_446' title='bbox 884 4147 993 4212; x_wconf 84' lang='lat' dir='ltr'>valere</span> <span class='ocrx_word' id='word_1_447' title='bbox 1017 4154 1049 4212; x_wconf 92' lang='lat' dir='ltr'>et</span> <span class='ocrx_word' id='word_1_448' title='bbox 1073 4153 1182 4212; x_wconf 86' lang='lat' dir='ltr'>tenere</span> <span class='ocrx_word' id='word_1_449' title='bbox 1205 4155 1321 4238; x_wconf 92' lang='lat' dir='ltr'>potest,</span> <span class='ocrx_word' id='word_1_450' title='bbox 1346 4145 1410 4212; x_wconf 90' lang='lat' dir='ltr'>non</span> <span class='ocrx_word' id='word_1_451' title='bbox 1432 4147 1579 4212; x_wconf 92' lang='lat' dir='ltr'>obstante</span> <span class='ocrx_word' id='word_1_452' title='bbox 1596 4169 1634 4212; x_wconf 91' lang='lat' dir='ltr'>eo</span> <span class='ocrx_word' id='word_1_453' title='bbox 1651 4147 1736 4233; x_wconf 91' lang='lat' dir='ltr'>quod</span> <span class='ocrx_word' id='word_1_454' title='bbox 1753 4148 1780 4212; x_wconf 92' lang='lat' dir='ltr'>si</span> <span class='ocrx_word' id='word_1_455' title='bbox 1796 4157 1967 4234; x_wconf 87' lang='lat' dir='ltr'>appareret</span> <span class='ocrx_word' id='word_1_456' title='bbox 1983 4171 2017 4212; x_wconf 93' lang='lat' dir='ltr'>se</span> <span class='ocrx_word' id='word_1_457' title='bbox 2034 4149 2154 4214; x_wconf 81' lang='lat' dir='ltr'>dixisse</span> 
     </span>
     <span class='ocr_line' id='line_1_34' title="bbox 337 4253 2154 4342; baseline 0.001 -22"><span class='ocrx_word' id='word_1_458' title='bbox 337 4258 369 4321; x_wconf 94' lang='lat' dir='ltr'>in</span> <span class='ocrx_word' id='word_1_459' title='bbox 394 4257 504 4342; x_wconf 87' lang='lat' dir='ltr'>aliqua</span> <span class='ocrx_word' id='word_1_460' title='bbox 527 4277 586 4319; x_wconf 91' lang='lat' dir='ltr'>sua</span> <span class='ocrx_word' id='word_1_461' title='bbox 610 4253 729 4318; x_wconf 86' lang='lat' dir='ltr'>ultima</span> <span class='ocrx_word' id='word_1_462' title='bbox 746 4255 930 4337; x_wconf 81' lang='lat' dir='ltr'>voluntate,</span> <span class='ocrx_word' id='word_1_463' title='bbox 949 4255 1016 4318; x_wconf 83' lang='lat' dir='ltr'>sive</span> <span class='ocrx_word' id='word_1_464' title='bbox 1039 4260 1243 4338; x_wconf 83' lang='lat' dir='ltr'>testamento,</span> <span class='ocrx_word' id='word_1_465' title='bbox 1268 4255 1335 4319; x_wconf 81' lang='lat' dir='ltr'>sive</span> <span class='ocrx_word' id='word_1_466' title='bbox 1360 4254 1518 4338; x_wconf 90' lang='lat' dir='ltr'>codicillo,</span> <span class='ocrx_word' id='word_1_467' title='bbox 1543 4255 1611 4318; x_wconf 81' lang='lat' dir='ltr'>sive</span> <span class='ocrx_word' id='word_1_468' title='bbox 1635 4255 1799 4338; x_wconf 90' lang='lat' dir='ltr'>codicillis,</span> <span class='ocrx_word' id='word_1_469' title='bbox 1820 4256 1904 4341; x_wconf 91' lang='lat' dir='ltr'>quod</span> <span class='ocrx_word' id='word_1_470' title='bbox 1928 4257 1996 4342; x_wconf 89' lang='lat' dir='ltr'>ipse</span> <span class='ocrx_word' id='word_1_471' title='bbox 2019 4279 2083 4322; x_wconf 93' lang='lat' dir='ltr'>non</span> <span class='ocrx_word' id='word_1_472' title='bbox 2106 4258 2154 4322; x_wconf 83' lang='lat' dir='ltr'>fa-</span> 
     </span>
     <span class='ocr_line' id='line_1_35' title="bbox 337 4361 2154 4448; baseline 0.001 -20"><span class='ocrx_word' id='word_1_473' title='bbox 337 4371 424 4428; x_wconf 91' lang='lat' dir='ltr'>ceret</span> <span class='ocrx_word' id='word_1_474' title='bbox 448 4363 537 4426; x_wconf 89' lang='lat' dir='ltr'>aliud</span> <span class='ocrx_word' id='word_1_475' title='bbox 561 4367 789 4426; x_wconf 89' lang='lat' dir='ltr'>testamentum</span> <span class='ocrx_word' id='word_1_476' title='bbox 813 4362 866 4426; x_wconf 85' lang='lat' dir='ltr'>vel</span> <span class='ocrx_word' id='word_1_477' title='bbox 889 4361 1072 4426; x_wconf 90' lang='lat' dir='ltr'>codicillum</span> <span class='ocrx_word' id='word_1_478' title='bbox 1096 4361 1163 4425; x_wconf 79' lang='lat' dir='ltr'>sive</span> <span class='ocrx_word' id='word_1_479' title='bbox 1188 4361 1370 4444; x_wconf 90' lang='lat' dir='ltr'>codicillos,</span> <span class='ocrx_word' id='word_1_480' title='bbox 1394 4369 1426 4426; x_wconf 94' lang='lat' dir='ltr'>et</span> <span class='ocrx_word' id='word_1_481' title='bbox 1449 4363 1477 4424; x_wconf 92' lang='lat' dir='ltr'>si</span> <span class='ocrx_word' id='word_1_482' title='bbox 1500 4363 1640 4444; x_wconf 86' lang='lat' dir='ltr'>faceret,</span> <span class='ocrx_word' id='word_1_483' title='bbox 1665 4363 1750 4448; x_wconf 91' lang='lat' dir='ltr'>quod</span> <span class='ocrx_word' id='word_1_484' title='bbox 1782 4384 1846 4426; x_wconf 93' lang='lat' dir='ltr'>non</span> <span class='ocrx_word' id='word_1_485' title='bbox 1869 4363 1993 4428; x_wconf 76' lang='lat' dir='ltr'>valeret</span> <span class='ocrx_word' id='word_1_486' title='bbox 2016 4365 2068 4428; x_wconf 81' lang='lat' dir='ltr'>vel</span> <span class='ocrx_word' id='word_1_487' title='bbox 2091 4388 2154 4430; x_wconf 93' lang='lat' dir='ltr'>non</span> 
     </span>
     <span class='ocr_line' id='line_1_36' title="bbox 337 4469 2154 4555; baseline 0.002 -21"><span class='ocrx_word' id='word_1_488' title='bbox 337 4471 493 4553; x_wconf 75' lang='lat' dir='ltr'>valerent,</span> <span class='ocrx_word' id='word_1_489' title='bbox 510 4476 543 4534; x_wconf 91' lang='lat' dir='ltr'>et</span> <span class='ocrx_word' id='word_1_490' title='bbox 562 4469 665 4533; x_wconf 88' lang='lat' dir='ltr'>eciam</span> <span class='ocrx_word' id='word_1_491' title='bbox 689 4469 716 4532; x_wconf 90' lang='lat' dir='ltr'>si</span> <span class='ocrx_word' id='word_1_492' title='bbox 740 4469 849 4553; x_wconf 86' lang='lat' dir='ltr'>aliqua</span> <span class='ocrx_word' id='word_1_493' title='bbox 873 4469 937 4532; x_wconf 89' lang='lat' dir='ltr'>alia</span> <span class='ocrx_word' id='word_1_494' title='bbox 960 4469 1061 4533; x_wconf 82' lang='lat' dir='ltr'>verba</span> <span class='ocrx_word' id='word_1_495' title='bbox 1085 4469 1290 4554; x_wconf 86' lang='lat' dir='ltr'>derogatoria</span> <span class='ocrx_word' id='word_1_496' title='bbox 1313 4469 1473 4555; x_wconf 90' lang='lat' dir='ltr'>posuisset</span> <span class='ocrx_word' id='word_1_497' title='bbox 1497 4469 1527 4532; x_wconf 92' lang='lat' dir='ltr'>in</span> <span class='ocrx_word' id='word_1_498' title='bbox 1553 4469 1663 4555; x_wconf 85' lang='lat' dir='ltr'>aliqua</span> <span class='ocrx_word' id='word_1_499' title='bbox 1686 4490 1745 4532; x_wconf 89' lang='lat' dir='ltr'>sua</span> <span class='ocrx_word' id='word_1_500' title='bbox 1768 4469 1881 4532; x_wconf 90' lang='lat' dir='ltr'>ultima</span> <span class='ocrx_word' id='word_1_501' title='bbox 1897 4471 2063 4538; x_wconf 82' lang='lat' dir='ltr'>voluntate</span> <span class='ocrx_word' id='word_1_502' title='bbox 2080 4473 2154 4538; x_wconf 88' lang='lat' dir='ltr'>hinc</span> 
     </span>
     <span class='ocr_line' id='line_1_37' title="bbox 336 4575 2155 4664; baseline 0.001 -22"><span class='ocrx_word' id='word_1_503' title='bbox 336 4586 423 4642; x_wconf 88' lang='lat' dir='ltr'>retro</span> <span class='ocrx_word' id='word_1_504' title='bbox 447 4576 543 4660; x_wconf 85' lang='lat' dir='ltr'>lacta,</span> <span class='ocrx_word' id='word_1_505' title='bbox 561 4597 623 4661; x_wconf 88' lang='lat' dir='ltr'>que</span> <span class='ocrx_word' id='word_1_506' title='bbox 647 4575 788 4662; x_wconf 90' lang='lat' dir='ltr'>presenti</span> <span class='ocrx_word' id='word_1_507' title='bbox 812 4581 1005 4640; x_wconf 87' lang='lat' dir='ltr'>testamento</span> <span class='ocrx_word' id='word_1_508' title='bbox 1033 4597 1090 4640; x_wconf 92' lang='lat' dir='ltr'>seu</span> <span class='ocrx_word' id='word_1_509' title='bbox 1113 4575 1224 4640; x_wconf 90' lang='lat' dir='ltr'>ultime</span> <span class='ocrx_word' id='word_1_510' title='bbox 1249 4575 1409 4640; x_wconf 88' lang='lat' dir='ltr'>voluntati</span> <span class='ocrx_word' id='word_1_511' title='bbox 1432 4576 1465 4639; x_wconf 94' lang='lat' dir='ltr'>in</span> <span class='ocrx_word' id='word_1_512' title='bbox 1488 4576 1596 4661; x_wconf 90' lang='lat' dir='ltr'>aliquo</span> <span class='ocrx_word' id='word_1_513' title='bbox 1620 4576 1792 4660; x_wconf 79' lang='lat' dir='ltr'>derogaret</span> <span class='ocrx_word' id='word_1_514' title='bbox 1815 4577 1868 4640; x_wconf 81' lang='lat' dir='ltr'>rel</span> <span class='ocrx_word' id='word_1_515' title='bbox 1891 4578 2022 4642; x_wconf 88' lang='lat' dir='ltr'>obviare</span> <span class='ocrx_word' id='word_1_516' title='bbox 2046 4588 2155 4664; x_wconf 90' lang='lat' dir='ltr'>posset</span> 
     </span>
     <span class='ocr_line' id='line_1_38' title="bbox 336 4682 2154 4772; baseline 0.002 -23"><span class='ocrx_word' id='word_1_517' title='bbox 336 4685 369 4749; x_wconf 93' lang='lat' dir='ltr'>in</span> <span class='ocrx_word' id='word_1_518' title='bbox 393 4691 496 4748; x_wconf 91' lang='lat' dir='ltr'>totum</span> <span class='ocrx_word' id='word_1_519' title='bbox 519 4684 573 4747; x_wconf 84' lang='lat' dir='ltr'>vel</span> <span class='ocrx_word' id='word_1_520' title='bbox 596 4684 627 4747; x_wconf 93' lang='lat' dir='ltr'>in</span> <span class='ocrx_word' id='word_1_521' title='bbox 651 4689 754 4768; x_wconf 87' lang='lat' dir='ltr'>parte,</span> <span class='ocrx_word' id='word_1_522' title='bbox 778 4683 835 4746; x_wconf 90' lang='lat' dir='ltr'>illa</span> <span class='ocrx_word' id='word_1_523' title='bbox 858 4682 958 4747; x_wconf 80' lang='lat' dir='ltr'>verba</span> <span class='ocrx_word' id='word_1_524' title='bbox 981 4683 1187 4768; x_wconf 84' lang='lat' dir='ltr'>derogatoria</span> <span class='ocrx_word' id='word_1_525' title='bbox 1210 4682 1393 4769; x_wconf 82' lang='lat' dir='ltr'>specialiter</span> <span class='ocrx_word' id='word_1_526' title='bbox 1416 4689 1548 4747; x_wconf 81' lang='lat' dir='ltr'>revocat</span> <span class='ocrx_word' id='word_1_527' title='bbox 1563 4691 1595 4746; x_wconf 89' lang='lat' dir='ltr'>et</span> <span class='ocrx_word' id='word_1_528' title='bbox 1610 4683 1733 4768; x_wconf 87' lang='lat' dir='ltr'>penitet</span> <span class='ocrx_word' id='word_1_529' title='bbox 1753 4704 1786 4747; x_wconf 91' lang='lat' dir='ltr'>se</span> <span class='ocrx_word' id='word_1_530' title='bbox 1810 4683 1948 4766; x_wconf 80' lang='lat' dir='ltr'>dixisse3</span> <span class='ocrx_word' id='word_1_531' title='bbox 1966 4693 1998 4750; x_wconf 92' lang='lat' dir='ltr'>et</span> <span class='ocrx_word' id='word_1_532' title='bbox 2020 4687 2154 4772; x_wconf 89' lang='lat' dir='ltr'>proinde</span> 
     </span>
     <span class='ocr_line' id='line_1_39' title="bbox 337 4789 2155 4879; baseline 0.001 -23"><span class='ocrx_word' id='word_1_533' title='bbox 337 4792 496 4856; x_wconf 84' lang='lat' dir='ltr'>habeatur</span> <span class='ocrx_word' id='word_1_534' title='bbox 520 4811 558 4855; x_wconf 87' lang='lat' dir='ltr'>ac</span> <span class='ocrx_word' id='word_1_535' title='bbox 582 4791 609 4854; x_wconf 90' lang='lat' dir='ltr'>si</span> <span class='ocrx_word' id='word_1_536' title='bbox 633 4790 689 4853; x_wconf 90' lang='lat' dir='ltr'>illa</span> <span class='ocrx_word' id='word_1_537' title='bbox 712 4790 813 4854; x_wconf 83' lang='lat' dir='ltr'>verba</span> <span class='ocrx_word' id='word_1_538' title='bbox 836 4789 1042 4873; x_wconf 87' lang='lat' dir='ltr'>derogatoria</span> <span class='ocrx_word' id='word_1_539' title='bbox 1065 4790 1202 4854; x_wconf 77' lang='lat' dir='ltr'>luissent</span> <span class='ocrx_word' id='word_1_540' title='bbox 1225 4789 1409 4876; x_wconf 85' lang='lat' dir='ltr'>specialiter</span> <span class='ocrx_word' id='word_1_541' title='bbox 1431 4790 1483 4854; x_wconf 92' lang='lat' dir='ltr'>hic</span> <span class='ocrx_word' id='word_1_542' title='bbox 1507 4789 1636 4875; x_wconf 86' lang='lat' dir='ltr'>scripta,</span> <span class='ocrx_word' id='word_1_543' title='bbox 1660 4796 1693 4853; x_wconf 93' lang='lat' dir='ltr'>et</span> <span class='ocrx_word' id='word_1_544' title='bbox 1716 4790 1898 4876; x_wconf 90' lang='lat' dir='ltr'>specialiter</span> <span class='ocrx_word' id='word_1_545' title='bbox 1922 4798 1954 4856; x_wconf 93' lang='lat' dir='ltr'>et</span> <span class='ocrx_word' id='word_1_546' title='bbox 1976 4795 2155 4879; x_wconf 84' lang='lat' dir='ltr'>expressim</span> 
     </span>
     <span class='ocr_line' id='line_1_40' title="bbox 337 4905 499 4964; baseline -0.012 -1"><span class='ocrx_word' id='word_1_547' title='bbox 337 4905 499 4964; x_wconf 85' lang='lat' dir='ltr'>revocata.</span> 
     </span>
    </p>

    <p class='ocr_par' dir='ltr' id='par_1_8' title="bbox 337 5003 2155 5626">
     <span class='ocr_line' id='line_1_41' title="bbox 427 5003 2154 5090; baseline 0.002 -20"><span class='ocrx_word' id='word_1_548' title='bbox 427 5005 546 5070; x_wconf 88' lang='lat' dir='ltr'>Actum</span> <span class='ocrx_word' id='word_1_549' title='bbox 570 5004 603 5067; x_wconf 93' lang='lat' dir='ltr'>in</span> <span class='ocrx_word' id='word_1_550' title='bbox 628 5003 753 5090; x_wconf 88' lang='lat' dir='ltr'>capella</span> <span class='ocrx_word' id='word_1_551' title='bbox 777 5003 982 5068; x_wconf 88' lang='lat' dir='ltr'>Infirmorum</span> <span class='ocrx_word' id='word_1_552' title='bbox 1005 5003 1142 5068; x_wconf 87' lang='lat' dir='ltr'>fratrum</span> <span class='ocrx_word' id='word_1_553' title='bbox 1161 5004 1406 5068; x_wconf 89' lang='lat' dir='ltr'>Predicatorum</span> <span class='ocrx_word' id='word_1_554' title='bbox 1422 5004 1461 5068; x_wconf 91' lang='lat' dir='ltr'>de</span> <span class='ocrx_word' id='word_1_555' title='bbox 1476 5004 1634 5087; x_wconf 90' lang='lat' dir='ltr'>Bononia,</span> <span class='ocrx_word' id='word_1_556' title='bbox 1650 5004 1852 5090; x_wconf 89' lang='lat' dir='ltr'>presentibus</span> <span class='ocrx_word' id='word_1_557' title='bbox 1869 5004 1968 5069; x_wconf 86' lang='lat' dir='ltr'>fratre</span> <span class='ocrx_word' id='word_1_558' title='bbox 1984 5006 2154 5073; x_wconf 86' lang='lat' dir='ltr'>Manfredo</span> 
     </span>
     <span class='ocr_line' id='line_1_42' title="bbox 338 5110 2155 5197; baseline 0.001 -19"><span class='ocrx_word' id='word_1_559' title='bbox 338 5113 378 5178; x_wconf 89' lang='lat' dir='ltr'>de</span> <span class='ocrx_word' id='word_1_560' title='bbox 400 5113 563 5193; x_wconf 81' lang='lat' dir='ltr'>Dovaria,</span> <span class='ocrx_word' id='word_1_561' title='bbox 588 5111 688 5174; x_wconf 80' lang='lat' dir='ltr'>fratre</span> <span class='ocrx_word' id='word_1_562' title='bbox 712 5110 875 5175; x_wconf 88' lang='lat' dir='ltr'>Landulfo</span> <span class='ocrx_word' id='word_1_563' title='bbox 899 5111 1106 5194; x_wconf 89' lang='lat' dir='ltr'>bononiensi,</span> <span class='ocrx_word' id='word_1_564' title='bbox 1130 5111 1231 5176; x_wconf 86' lang='lat' dir='ltr'>fratre</span> <span class='ocrx_word' id='word_1_565' title='bbox 1254 5111 1351 5176; x_wconf 90' lang='lat' dir='ltr'>Petro</span> <span class='ocrx_word' id='word_1_566' title='bbox 1376 5110 1560 5195; x_wconf 89' lang='lat' dir='ltr'>tridentino,</span> <span class='ocrx_word' id='word_1_567' title='bbox 1585 5110 1684 5175; x_wconf 88' lang='lat' dir='ltr'>fratre</span> <span class='ocrx_word' id='word_1_568' title='bbox 1707 5111 1806 5175; x_wconf 89' lang='lat' dir='ltr'>Petro</span> <span class='ocrx_word' id='word_1_569' title='bbox 1830 5112 2030 5197; x_wconf 84' lang='lat' dir='ltr'>vincentino,</span> <span class='ocrx_word' id='word_1_570' title='bbox 2055 5115 2155 5180; x_wconf 83' lang='lat' dir='ltr'>fratre</span> 
     </span>
     <span class='ocr_line' id='line_1_43' title="bbox 338 5217 2155 5305; baseline 0 -18"><span class='ocrx_word' id='word_1_571' title='bbox 338 5220 508 5287; x_wconf 91' lang='lat' dir='ltr'>Dominico</span> <span class='ocrx_word' id='word_1_572' title='bbox 532 5218 572 5282; x_wconf 88' lang='lat' dir='ltr'>de</span> <span class='ocrx_word' id='word_1_573' title='bbox 596 5224 707 5283; x_wconf 86' lang='lat' dir='ltr'>sancto</span> <span class='ocrx_word' id='word_1_574' title='bbox 732 5218 919 5300; x_wconf 84' lang='lat' dir='ltr'>Ambrosio,</span> <span class='ocrx_word' id='word_1_575' title='bbox 936 5219 1036 5282; x_wconf 86' lang='lat' dir='ltr'>fratre</span> <span class='ocrx_word' id='word_1_576' title='bbox 1059 5219 1234 5304; x_wconf 84' lang='lat' dir='ltr'>Aymerieo</span> <span class='ocrx_word' id='word_1_577' title='bbox 1257 5218 1441 5305; x_wconf 85' lang='lat' dir='ltr'>placentino</span> <span class='ocrx_word' id='word_1_578' title='bbox 1463 5217 1600 5283; x_wconf 87' lang='lat' dir='ltr'>Lectore</span> <span class='ocrx_word' id='word_1_579' title='bbox 1624 5218 1780 5301; x_wconf 90' lang='lat' dir='ltr'>Bononie,</span> <span class='ocrx_word' id='word_1_580' title='bbox 1798 5217 1897 5283; x_wconf 86' lang='lat' dir='ltr'>fratre</span> <span class='ocrx_word' id='word_1_581' title='bbox 1912 5219 2073 5285; x_wconf 88' lang='lat' dir='ltr'>Herasmo</span> <span class='ocrx_word' id='word_1_582' title='bbox 2090 5244 2155 5287; x_wconf 90' lang='lat' dir='ltr'>me-</span> 
     </span>
     <span class='ocr_line' id='line_1_44' title="bbox 339 5325 2155 5409; baseline 0.002 -19"><span class='ocrx_word' id='word_1_583' title='bbox 339 5326 530 5409; x_wconf 86' lang='lat' dir='ltr'>diolanensi,</span> <span class='ocrx_word' id='word_1_584' title='bbox 548 5325 648 5390; x_wconf 89' lang='lat' dir='ltr'>fratre</span> <span class='ocrx_word' id='word_1_585' title='bbox 661 5325 785 5390; x_wconf 86' lang='lat' dir='ltr'>Jacobo</span> <span class='ocrx_word' id='word_1_586' title='bbox 801 5325 925 5409; x_wconf 91' lang='lat' dir='ltr'>regino,</span> <span class='ocrx_word' id='word_1_587' title='bbox 942 5331 975 5389; x_wconf 91' lang='lat' dir='ltr'>et</span> <span class='ocrx_word' id='word_1_588' title='bbox 991 5325 1090 5389; x_wconf 86' lang='lat' dir='ltr'>fratre</span> <span class='ocrx_word' id='word_1_589' title='bbox 1106 5325 1277 5390; x_wconf 90' lang='lat' dir='ltr'>Dominico</span> <span class='ocrx_word' id='word_1_590' title='bbox 1293 5325 1484 5389; x_wconf 88' lang='lat' dir='ltr'>bononiensi</span> <span class='ocrx_word' id='word_1_591' title='bbox 1500 5326 1645 5409; x_wconf 86' lang='lat' dir='ltr'>sacrista,</span> <span class='ocrx_word' id='word_1_592' title='bbox 1663 5326 1810 5390; x_wconf 90' lang='lat' dir='ltr'>omnihus</span> <span class='ocrx_word' id='word_1_593' title='bbox 1827 5325 1866 5390; x_wconf 92' lang='lat' dir='ltr'>de</span> <span class='ocrx_word' id='word_1_594' title='bbox 1883 5326 2003 5392; x_wconf 91' lang='lat' dir='ltr'>Ordine</span> <span class='ocrx_word' id='word_1_595' title='bbox 2020 5329 2155 5394; x_wconf 83' lang='lat' dir='ltr'>fratrum</span> 
     </span>
     <span class='ocr_line' id='line_1_45' title="bbox 337 5432 2154 5519; baseline 0 -19"><span class='ocrx_word' id='word_1_596' title='bbox 337 5434 592 5516; x_wconf 89' lang='lat' dir='ltr'>Predicatorum,</span> <span class='ocrx_word' id='word_1_597' title='bbox 610 5439 643 5497; x_wconf 91' lang='lat' dir='ltr'>et</span> <span class='ocrx_word' id='word_1_598' title='bbox 666 5433 805 5518; x_wconf 90' lang='lat' dir='ltr'>dompno</span> <span class='ocrx_word' id='word_1_599' title='bbox 828 5433 926 5496; x_wconf 87' lang='lat' dir='ltr'>Petro</span> <span class='ocrx_word' id='word_1_600' title='bbox 951 5432 1129 5518; x_wconf 88' lang='lat' dir='ltr'>presbitero</span> <span class='ocrx_word' id='word_1_601' title='bbox 1154 5432 1193 5496; x_wconf 93' lang='lat' dir='ltr'>de</span> <span class='ocrx_word' id='word_1_602' title='bbox 1218 5433 1371 5516; x_wconf 87' lang='lat' dir='ltr'>Tortona,</span> <span class='ocrx_word' id='word_1_603' title='bbox 1389 5432 1445 5518; x_wconf 91' lang='lat' dir='ltr'>qui</span> <span class='ocrx_word' id='word_1_604' title='bbox 1467 5434 1605 5498; x_wconf 89' lang='lat' dir='ltr'>asseruit</span> <span class='ocrx_word' id='word_1_605' title='bbox 1629 5454 1822 5519; x_wconf 89' lang='lat' dir='ltr'>cognoscere</span> <span class='ocrx_word' id='word_1_606' title='bbox 1847 5433 1966 5498; x_wconf 90' lang='lat' dir='ltr'>dictum</span> <span class='ocrx_word' id='word_1_607' title='bbox 1990 5434 2154 5501; x_wconf 91' lang='lat' dir='ltr'>dominum</span> 
     </span>
     <span class='ocr_line' id='line_1_46' title="bbox 339 5538 1819 5626; baseline -0.001 -20"><span class='ocrx_word' id='word_1_608' title='bbox 339 5542 509 5607; x_wconf 79' lang='lat' dir='ltr'>Albertum</span> <span class='ocrx_word' id='word_1_609' title='bbox 534 5546 721 5604; x_wconf 78' lang='lat' dir='ltr'>testatorem</span> <span class='ocrx_word' id='word_1_610' title='bbox 745 5561 822 5603; x_wconf 88' lang='lat' dir='ltr'>sane</span> <span class='ocrx_word' id='word_1_611' title='bbox 845 5539 972 5623; x_wconf 79' lang='lat' dir='ltr'>mentis,</span> <span class='ocrx_word' id='word_1_612' title='bbox 996 5540 1132 5604; x_wconf 91' lang='lat' dir='ltr'>testibus</span> <span class='ocrx_word' id='word_1_613' title='bbox 1156 5561 1175 5603; x_wconf 93' lang='lat' dir='ltr'>a</span> <span class='ocrx_word' id='word_1_614' title='bbox 1199 5538 1285 5604; x_wconf 90' lang='lat' dir='ltr'>dicto</span> <span class='ocrx_word' id='word_1_615' title='bbox 1308 5546 1462 5604; x_wconf 89' lang='lat' dir='ltr'>testatore</span> <span class='ocrx_word' id='word_1_616' title='bbox 1485 5541 1607 5626; x_wconf 79' lang='lat' dir='ltr'>rogatis</span> <span class='ocrx_word' id='word_1_617' title='bbox 1631 5548 1664 5604; x_wconf 88' lang='lat' dir='ltr'>et</span> <span class='ocrx_word' id='word_1_618' title='bbox 1687 5541 1819 5605; x_wconf 86' lang='lat' dir='ltr'>vocatis.</span> 
     </span>
    </p>

    <p class='ocr_par' dir='ltr' id='par_1_9' title="bbox 338 5646 2153 5951">
     <span class='ocr_line' id='line_1_47' title="bbox 428 5646 2153 5734; baseline 0.002 -22"><span class='ocrx_word' id='word_1_619' title='bbox 428 5648 479 5730; x_wconf 80' lang='lat' dir='ltr'>(L.</span> <span class='ocrx_word' id='word_1_620' title='bbox 496 5649 518 5730; x_wconf 90' lang='lat'><em>†</em></span> <span class='ocrx_word' id='word_1_621' title='bbox 535 5647 582 5729; x_wconf 76' lang='lat' dir='ltr'>S.)</span> <span class='ocrx_word' id='word_1_622' title='bbox 606 5647 649 5711; x_wconf 88' lang='lat' dir='ltr'>Et</span> <span class='ocrx_word' id='word_1_623' title='bbox 671 5668 733 5732; x_wconf 89' lang='lat' dir='ltr'>ego</span> <span class='ocrx_word' id='word_1_624' title='bbox 756 5646 904 5711; x_wconf 89' lang='lat' dir='ltr'>Andreas</span> <span class='ocrx_word' id='word_1_625' title='bbox 929 5649 996 5712; x_wconf 82' lang='lat' dir='ltr'>sire</span> <span class='ocrx_word' id='word_1_626' title='bbox 1019 5647 1203 5711; x_wconf 79' lang='lat' dir='ltr'>Andreolus</span> <span class='ocrx_word' id='word_1_627' title='bbox 1226 5647 1381 5711; x_wconf 90' lang='lat' dir='ltr'>Petrizoli</span> <span class='ocrx_word' id='word_1_628' title='bbox 1403 5647 1566 5712; x_wconf 86' lang='lat' dir='ltr'>Albertini</span> <span class='ocrx_word' id='word_1_629' title='bbox 1585 5648 1624 5713; x_wconf 91' lang='lat' dir='ltr'>de</span> <span class='ocrx_word' id='word_1_630' title='bbox 1641 5648 1767 5713; x_wconf 90' lang='lat' dir='ltr'>Badalo</span> <span class='ocrx_word' id='word_1_631' title='bbox 1784 5649 1942 5734; x_wconf 90' lang='lat' dir='ltr'>imperiali</span> <span class='ocrx_word' id='word_1_632' title='bbox 1963 5651 2153 5716; x_wconf 88' lang='lat' dir='ltr'>auctoritate</span> 
     </span>
     <span class='ocr_line' id='line_1_48' title="bbox 339 5754 2153 5844; baseline 0.002 -23"><span class='ocrx_word' id='word_1_633' title='bbox 339 5756 483 5821; x_wconf 87' lang='lat' dir='ltr'>notarius</span> <span class='ocrx_word' id='word_1_634' title='bbox 506 5756 556 5819; x_wconf 88' lang='lat' dir='ltr'>his</span> <span class='ocrx_word' id='word_1_635' title='bbox 582 5755 729 5821; x_wconf 91' lang='lat' dir='ltr'>omnibus</span> <span class='ocrx_word' id='word_1_636' title='bbox 753 5755 885 5819; x_wconf 88' lang='lat' dir='ltr'>interfui</span> <span class='ocrx_word' id='word_1_637' title='bbox 908 5762 940 5819; x_wconf 91' lang='lat' dir='ltr'>et</span> <span class='ocrx_word' id='word_1_638' title='bbox 964 5761 1096 5840; x_wconf 91' lang='lat' dir='ltr'>rogatus</span> <span class='ocrx_word' id='word_1_639' title='bbox 1120 5777 1139 5818; x_wconf 91' lang='lat' dir='ltr'>a</span> <span class='ocrx_word' id='word_1_640' title='bbox 1163 5754 1248 5819; x_wconf 93' lang='lat' dir='ltr'>dicto</span> <span class='ocrx_word' id='word_1_641' title='bbox 1279 5761 1433 5820; x_wconf 90' lang='lat' dir='ltr'>testatore</span> <span class='ocrx_word' id='word_1_642' title='bbox 1464 5755 1577 5842; x_wconf 87' lang='lat' dir='ltr'>scripsi</span> <span class='ocrx_word' id='word_1_643' title='bbox 1605 5763 1638 5820; x_wconf 90' lang='lat' dir='ltr'>et</span> <span class='ocrx_word' id='word_1_644' title='bbox 1664 5756 1845 5842; x_wconf 82' lang='lat' dir='ltr'>publicari,</span> <span class='ocrx_word' id='word_1_645' title='bbox 1869 5764 1901 5820; x_wconf 91' lang='lat' dir='ltr'>et</span> <span class='ocrx_word' id='word_1_646' title='bbox 1924 5758 2055 5844; x_wconf 89' lang='lat' dir='ltr'>scripsi,</span> <span class='ocrx_word' id='word_1_647' title='bbox 2079 5761 2153 5824; x_wconf 89' lang='lat' dir='ltr'>sub-</span> 
     </span>
     <span class='ocr_line' id='line_1_49' title="bbox 338 5862 1245 5951; baseline -0.002 -23"><span class='ocrx_word' id='word_1_648' title='bbox 338 5863 471 5951; x_wconf 89' lang='lat' dir='ltr'>scripsi,</span> <span class='ocrx_word' id='word_1_649' title='bbox 495 5863 647 5948; x_wconf 80' lang='lat' dir='ltr'>sigillari,</span> <span class='ocrx_word' id='word_1_650' title='bbox 672 5869 705 5926; x_wconf 89' lang='lat' dir='ltr'>et</span> <span class='ocrx_word' id='word_1_651' title='bbox 728 5862 833 5948; x_wconf 89' lang='lat' dir='ltr'>ipsum</span> <span class='ocrx_word' id='word_1_652' title='bbox 857 5863 994 5948; x_wconf 85' lang='lat' dir='ltr'>cognovi</span> <span class='ocrx_word' id='word_1_653' title='bbox 1017 5884 1096 5927; x_wconf 88' lang='lat' dir='ltr'>sane</span> <span class='ocrx_word' id='word_1_654' title='bbox 1119 5862 1245 5926; x_wconf 88' lang='lat' dir='ltr'>mentis.</span> 
     </span>
    </p>

    <p class='ocr_par' dir='ltr' id='par_1_10' title="bbox 337 5969 2154 6160">
     <span class='ocr_line' id='line_1_50' title="bbox 428 5969 2154 6056; baseline 0.002 -22"><span class='ocrx_word' id='word_1_655' title='bbox 428 5971 500 6056; x_wconf 84' lang='lat' dir='ltr'>Ego</span> <span class='ocrx_word' id='word_1_656' title='bbox 523 5970 679 6034; x_wconf 83' lang='lat' dir='ltr'>Albertus</span> <span class='ocrx_word' id='word_1_657' title='bbox 709 5975 858 6052; x_wconf 87' lang='lat' dir='ltr'>testator,</span> <span class='ocrx_word' id='word_1_658' title='bbox 883 5970 1026 6055; x_wconf 86' lang='lat' dir='ltr'>legatum</span> <span class='ocrx_word' id='word_1_659' title='bbox 1059 5969 1144 6056; x_wconf 92' lang='lat' dir='ltr'>quod</span> <span class='ocrx_word' id='word_1_660' title='bbox 1175 5969 1237 6034; x_wconf 90' lang='lat' dir='ltr'>sibi</span> <span class='ocrx_word' id='word_1_661' title='bbox 1266 5970 1392 6034; x_wconf 86' lang='lat' dir='ltr'>ascrisit</span> <span class='ocrx_word' id='word_1_662' title='bbox 1414 5969 1564 6034; x_wconf 79' lang='lat' dir='ltr'>Andreas</span> <span class='ocrx_word' id='word_1_663' title='bbox 1588 5991 1638 6034; x_wconf 92' lang='lat' dir='ltr'>me</span> <span class='ocrx_word' id='word_1_664' title='bbox 1659 5970 1793 6055; x_wconf 88' lang='lat' dir='ltr'>jubente</span> <span class='ocrx_word' id='word_1_665' title='bbox 1817 5971 1893 6035; x_wconf 87' lang='lat' dir='ltr'>lecit</span> <span class='ocrx_word' id='word_1_666' title='bbox 1916 5978 1947 6034; x_wconf 88' lang='lat' dir='ltr'>et</span> <span class='ocrx_word' id='word_1_667' title='bbox 1971 5973 2052 6037; x_wconf 90' lang='lat' dir='ltr'>sicut</span> <span class='ocrx_word' id='word_1_668' title='bbox 2074 5973 2154 6038; x_wconf 91' lang='lat' dir='ltr'>illud</span> 
     </span>
     <span class='ocr_line' id='line_1_51' title="bbox 337 6075 856 6160; baseline -0.004 -18"><span class='ocrx_word' id='word_1_669' title='bbox 337 6078 453 6160; x_wconf 90' lang='lat' dir='ltr'>scrisit,</span> <span class='ocrx_word' id='word_1_670' title='bbox 478 6079 522 6141; x_wconf 88' lang='lat' dir='ltr'>ita</span> <span class='ocrx_word' id='word_1_671' title='bbox 546 6077 587 6140; x_wconf 95' lang='lat' dir='ltr'>do</span> <span class='ocrx_word' id='word_1_672' title='bbox 611 6077 641 6140; x_wconf 90' lang='lat' dir='ltr'>ei</span> <span class='ocrx_word' id='word_1_673' title='bbox 664 6083 697 6140; x_wconf 92' lang='lat' dir='ltr'>et</span> <span class='ocrx_word' id='word_1_674' title='bbox 720 6075 793 6160; x_wconf 87' lang='lat' dir='ltr'>lego</span> <span class='ocrx_word' id='word_1_675' title='bbox 807 6075 856 6140; x_wconf 83' lang='lat'><strong>(2).</strong></span> 
     </span>
    </p>

    <p class='ocr_par' dir='ltr' id='par_1_11' title="bbox 427 6181 1656 6269">
     <span class='ocr_line' id='line_1_52' title="bbox 427 6181 1656 6269; baseline -0.002 -20"><span class='ocrx_word' id='word_1_676' title='bbox 427 6182 485 6249; x_wconf 65' lang='lat' dir='ltr'>M?</span> <span class='ocrx_word' id='word_1_677' title='bbox 508 6181 609 6248; x_wconf 74' lang='lat' dir='ltr'>ococ.o</span> <span class='ocrx_word' id='word_1_678' title='bbox 633 6181 742 6266; x_wconf 84' lang='lat' dir='ltr'>xxx.⁰,</span> <span class='ocrx_word' id='word_1_679' title='bbox 766 6182 940 6248; x_wconf 90' lang='lat' dir='ltr'>indictione</span> <span class='ocrx_word' id='word_1_680' title='bbox 963 6183 1082 6266; x_wconf 77' lang='lat' dir='ltr'>VIII,</span> <span class='ocrx_word' id='word_1_681' title='bbox 1107 6182 1158 6247; x_wconf 92' lang='lat' dir='ltr'>die</span> <span class='ocrx_word' id='word_1_682' title='bbox 1183 6191 1298 6269; x_wconf 89' lang='lat' dir='ltr'>quarto</span> <span class='ocrx_word' id='word_1_683' title='bbox 1322 6184 1400 6268; x_wconf 92' lang='lat' dir='ltr'>maij</span> <span class='ocrx_word' id='word_1_684' title='bbox 1424 6183 1656 6269; x_wconf 89' lang='lat' dir='ltr'>Registratum.</span> 
     </span>
    </p>
   </div>
   <div class='ocr_carea' id='block_1_5' title="bbox 418 6520 1789 6591">
    <p class='ocr_par' dir='ltr' id='par_1_12' title="bbox 418 6520 1789 6591">
     <span class='ocr_line' id='line_1_53' title="bbox 418 6520 1789 6591; baseline 0.001 -18"><span class='ocrx_word' id='word_1_685' title='bbox 418 6523 457 6588; x_wconf 91' lang='lat' dir='ltr'>(l)</span> <span class='ocrx_word' id='word_1_686' title='bbox 478 6520 529 6572; x_wconf 84' lang='lat' dir='ltr'>Sic.</span> <span class='ocrx_word' id='word_1_687' title='bbox 1354 6523 1393 6588; x_wconf 80' lang='lat'>(2)</span> <span class='ocrx_word' id='word_1_688' title='bbox 1412 6521 1496 6574; x_wconf 83' lang='lat' dir='ltr'>hinnu</span> <span class='ocrx_word' id='word_1_689' title='bbox 1516 6522 1626 6591; x_wconf 84' lang='lat' dir='ltr'>propria</span> <span class='ocrx_word' id='word_1_690' title='bbox 1644 6523 1789 6574; x_wconf 87' lang='lat' dir='ltr'>testatoris.</span> 
     </span>
    </p>
   </div>
   <div class='ocr_carea' id='block_1_6' title="bbox 0 0 2754 7748">
    <p class='ocr_par' dir='ltr' id='par_1_13' title="bbox 0 0 2754 7748">
     <span class='ocr_line' id='line_1_54' title="bbox 0 0 2754 7748; baseline 0 0"><span class='ocrx_word' id='word_1_691' title='bbox 0 0 2754 7748; x_wconf 95' lang='lat' dir='ltr'> </span> 
     </span>
    </p>
   </div>
  </div>
 </body>
</html>
