5492 7750
620 655 669 726 68
1407 673 1648 725 uouunnurn

615 832 808 919 scriptarum
832 831 999 897 domorum
1023 839 1055 895 ct
1077 831 1186 914 turris,
1211 852 1308 916 quum
1332 830 1409 894 emit
1433 837 1465 894 et
1488 852 1530 894 ex
1553 831 1790 917 permutatione
1814 831 1939 916 accepit
1966 853 1986 895 a
2013 831 2163 914 Cursiuo,
2184 831 2250 894 filio
2274 829 2441 916 quondam

616 940 695 1004 dicti
717 940 839 1004 domini
862 939 1022 1024 Accursij,
1038 941 1111 1023 jure
1130 939 1261 1025 proprio
1285 945 1317 1003 et
1340 938 1373 1002 in
1390 945 1580 1024 perpetuum
1605 945 1785 1002 asserentes
1808 938 2031 1025 infrascriptae
2051 960 2102 1003 res
2126 938 2193 1022 a[d]
2217 959 2251 1003 se
2275 938 2441 1024 pertinere

613 1049 688 1131 juro
711 1047 825 1111 directi
848 1046 991 1129 dominii,
1008 1046 1166 1110 dederunt
1189 1053 1222 1109 ct
1244 1043 1459 1110 vendiderunt
1481 1052 1513 1108 et
1537 1044 1738 1109 tradiderunt
1761 1046 1890 1110 domino
1915 1045 2041 1110 Bonino
2058 1046 2097 1110 de
2116 1045 2282 1127 Sardellis,
2299 1044 2439 1125 notario,

616 1155 749 1241 syndico
781 1161 814 1219 et
843 1161 1053 1240 procuratore
1079 1153 1181 1239 partis
1212 1159 1245 1216 et
1275 1151 1506 1216 Universitatis
1538 1151 1775 1218 Germiensium
1805 1153 1945 1218 civitatis
1973 1152 2120 1218 Bononie
2151 1175 2193 1217 ex
2224 1153 2441 1216 instrumento

615 1262 802 1348 syndicatus
826 1263 945 1349 scripto
970 1281 1067 1325 manu
1091 1261 1278 1345 Jacobuccij
1311 1259 1350 1324 de
1381 1260 1497 1346 Bagno
1530 1262 1665 1344 notarii,
1690 1261 1853 1348 quandam
1876 1262 2007 1326 domum
2037 1269 2069 1326 et
2093 1261 2207 1326 turrim
2242 1283 2315 1324 cum
2348 1259 2439 1324 dicta

615 1370 711 1435 domo
734 1376 961 1452 constructam,
978 1369 1117 1455 positam
1141 1368 1174 1431 in
1197 1367 1327 1432 civitate
1351 1365 1498 1430 Bononis
1522 1389 1618 1453 super
1641 1367 1751 1454 platea
1773 1367 1959 1434 Communis
1975 1367 2008 1432 in
2024 1367 2179 1454 parochia
2198 1377 2308 1432 sancte
2326 1368 2438 1448 Teele‚

616 1497 753 1562 quarum
776 1497 847 1540 esss
870 1475 953 1540 tales
977 1474 1129 1539 dixerunt
1152 1481 1184 1538 et
1207 1480 1426 1538 convenerunt
1449 1475 1608 1538 confines:
1630 1495 1650 1538 a
1673 1475 1775 1540 latere
1793 1476 1946 1540 anteriori
1962 1497 2019 1540 seu
2034 1485 2128 1562 parte
2144 1476 2197 1540 vel
2213 1476 2312 1562 plaga
2331 1475 2440 1540 orien-

614 1584 673 1648 tali
690 1591 739 1649 est
754 1584 864 1671 platea
880 1583 1067 1648 Communis
1089 1581 1236 1646 Bononia
1260 1588 1292 1645 et
1315 1581 1369 1645 via
1392 1581 1523 1669 publica
1546 1582 1652 1668 platee
1676 1583 1826 1667 majoris3
1844 1605 1863 1646 a
1879 1583 1982 1648 latere
1998 1605 2074 1649 vero
2090 1584 2236 1650 inferiori
2260 1605 2318 1648 scu
2337 1583 2440 1670 plaga

616 1692 795 1778 aquilonali
817 1697 893 1755 sunt
916 1690 1030 1755 domus
1053 1697 1086 1753 et
1110 1689 1206 1754 turris
1229 1688 1368 1752 filiorum
1392 1696 1424 1753 et
1450 1689 1606 1753 heredum
1630 1689 1793 1776 quondam
1817 1689 1938 1754 domini
1960 1691 2044 1756 Nevi
2067 1691 2236 1778 Rapnerij,
2261 1713 2281 1755 a
2304 1691 2441 1755 meridie

613 1821 692 1864 vero
723 1819 781 1864 seu
810 1799 912 1862 latere
935 1797 1094 1884 superiori
1117 1803 1166 1860 est
1191 1796 1246 1859 via
1269 1795 1417 1882 publica,
1442 1817 1506 1882 qua
1530 1796 1594 1860 itur
1617 1796 1650 1860 in
1675 1795 1808 1861 Portam
1836 1797 1980 1880 Novam,
2006 1819 2064 1863 seu
2093 1820 2155 1884 quc
2186 1799 2303 1863 dicitur
2334 1799 2439 1864 Porta

615 1907 728 1989 Nova3
753 1927 772 1968 a
796 1911 887 1992 parte
911 1926 988 1970 vero
1012 1903 1183 1991 posteriori
1206 1925 1264 1968 seu
1287 1903 1479 1968 occidentali
1495 1903 1637 1990 possidet
1661 1905 1797 1968 ccclesia
1817 1911 1927 1970 sancte
1953 1905 2050 1970 Taele
2073 1906 2113 1971 de
2129 1906 2230 1972 Porta
2246 1907 2350 1990 Nova,
2367 1907 2439 1970 sive

615 2020 690 2077 sunt
713 2013 852 2099 quedam
875 2013 989 2076 domur
1013 2012 1096 2076 dicte
1124 2010 1258 2075 ecclesie
1282 2031 1355 2074 curn
1379 2011 1448 2074 solo
1472 2018 1504 2074 et
1527 2011 1683 2076 hedificiis
1708 2011 1870 2094 omnibus,
1895 2019 1927 2077 et
1951 2035 2024 2077 oum
2055 2014 2204 2079 omnibus
2235 2021 2268 2079 et
2298 2013 2439 2099 singulis

615 2143 677 2207 que
701 2121 786 2185 inira
809 2121 971 2207 predictos
995 2120 1199 2184 continentur
1230 2118 1388 2202 confines,
1413 2119 1465 2182 vel
1490 2119 1570 2184 alios
1595 2119 1623 2182 si
1646 2119 1701 2205 qui
1724 2119 1844 2184 luerint
1871 2121 2031 2203 veriores,
2055 2128 2088 2184 et
2120 2143 2193 2186 cum
2224 2123 2373 2186 omnibus
2403 2128 2439 2186 et

614 2230 765 2315 singulis,
784 2250 846 2315 quc
871 2229 932 2314 ipsi
955 2227 1065 2292 domui
1088 2235 1120 2291 et
1143 2227 1224 2290 turri
1247 2229 1332 2292 intra
1356 2227 1408 2291 vel
1432 2235 1525 2292 extra
1549 2227 1722 2292 edificie(ll
1738 2229 1887 2314 perpetui
1909 2249 1986 2293 usus
2010 2251 2106 2294 cause
2128 2229 2300 2314 habentur,
2317 2239 2350 2295 et
2373 2253 2438 2316 que

614 2338 660 2400 eis
685 2343 862 2420 coerercnt,
879 2335 932 2400 vel
955 2355 1084 2400 coererc
1108 2334 1275 2417 deberent,
1292 2341 1324 2399 et
1344 2356 1480 2420 quarum
1503 2335 1599 2400 debet
1622 2335 1661 2398 ds
1683 2335 1757 2419 jure
1781 2335 1823 2399 ad
1846 2336 2000 2422 emptoris
2022 2337 2192 2401 comodum
2213 2339 2387 2424 pertinere,
2404 2345 2439 2402 et

615 2466 677 2530 que
700 2444 822 2508 babent
846 2464 944 2528 supra
967 2443 1020 2506 vel
1044 2441 1125 2506 infra
1152 2463 1209 2506 seu
1234 2442 1319 2506 intra
1342 2463 1376 2506 se
1401 2443 1434 2505 in
1458 2443 1630 2527 integrum,
1647 2450 1679 2506 et
1703 2463 1776 2506 cum
1800 2443 1888 2506 omni
1909 2445 1982 2528 juro
2005 2452 2037 2508 et
2062 2445 2198 2528 actione,
2216 2453 2248 2510 et
2265 2447 2373 2510 omnia
2397 2467 2437 2509 ea

614 2575 677 2638 quc
709 2552 751 2615 ad
782 2551 983 2614 vendictores
1015 2551 1115 2613 ctiam
1146 2549 1283 2613 durante
1307 2549 1509 2613 vendictione
1534 2557 1664 2635 ceperat
1686 2550 1848 2636 pertinere
1876 2551 2044 2616 occasione
2068 2573 2176 2616 rernm
2199 2553 2436 2638 predictarum,

613 2682 673 2746 ‘pro
697 2659 805 2745 precio
830 2679 977 2744 quarum,
996 2665 1029 2721 et
1051 2658 1179 2721 nomine
1204 2657 1304 2743 precii
1328 2657 1411 2721 dicte
1435 2655 1647 2721 vendictionis
1671 2656 1783 2722 domus
1808 2665 1841 2721 et
1864 2679 1971 2722 rerum
1994 2659 2222 2745 predictarum,
2239 2660 2342 2724 dictus
2363 2683 2437 2747 pro·

614 2773 744 2831 curator
775 2773 807 2830 et
840 2765 991 2852 syndicus
1025 2765 1247 2850 procuratorio
1271 2763 1399 2827 nomine
1424 2764 1507 2827 dicte
1535 2764 1637 2849 partis
1662 2765 1890 2830 Jermiensium
1914 2772 1946 2829 et
1974 2765 2203 2830 Universitatis
2227 2769 2315 2853 ejus,
2340 2769 2436 2833 etde

615 2874 753 2960 pecunia
776 2874 860 2937 dicte
880 2871 1109 2936 Universitatis
1134 2878 1166 2935 ct
1188 2871 1301 2956 partis,
1323 2870 1411 2934 dedit
1433 2879 1466 2934 et
1489 2871 1585 2935 solvit
1609 2893 1718 2936 coram
1741 2873 1867 2936 notario
1888 2872 2093 2959 infrascripto
2118 2881 2149 2938 et
2172 2875 2308 2938 testibus
2336 2875 2438 2939 infra-

614 2981 742 3067 scriptis
766 2980 829 3043 tria
851 2979 953 3042 millia
977 2985 1009 3042 et
1033 2985 1157 3063 septem
1181 2977 1367 3041 oentenaria
1390 2984 1517 3041 monete
1542 2977 1636 3060 bon,
1662 2980 1729 3042 sive
1753 2987 1801 3042 tot
1823 2979 2002 3043 bononinos
2030 3001 2176 3064 grossos,
2199 2981 2255 3067 qui
2278 2982 2319 3046 ad
2343 3004 2439 3046 usum

613 3097 647 3153 et
669 3110 783 3152 verum
807 3085 968 3150 cambium
991 3085 1031 3148 de
1056 3085 1347 3170 utriusquepartis
1371 3106 1530 3149 consensu
1554 3085 1663 3148 valent
1686 3087 1899 3171 quantitatem
1923 3086 2110 3173 predictam,
2133 3097 2228 3174 prout
2252 3090 2356 3153 dictus
2379 3089 2436 3155 do-

615 3197 721 3262 minus
743 3194 959 3259 Francischus
983 3199 1015 3256 et
1039 3192 1143 3256 dictus
1166 3191 1326 3256 Martinus
1346 3193 1530 3257 venditores
1547 3193 1718 3277 pecuniam
1735 3193 1838 3280 ipsam
1854 3194 1973 3258 ibidem
1989 3201 2021 3259 et
2038 3196 2069 3258 in
2086 3197 2229 3281 presenti
2244 3198 2437 3283 recipientes

613 3326 633 3367 a
657 3310 865 3390 procuratore
889 3301 1045 3387 predicto,
1069 3300 1208 3363 confessi
1231 3305 1265 3364 et
1287 3301 1429 3364 contenti
1456 3300 1587 3365 fuerunt
1617 3309 1717 3387 utque
1749 3309 1956 3366 asseruerunt
1986 3304 2157 3389 pecuniam
2184 3303 2289 3390 ipsam
2311 3313 2438 3368 tantam

614 3433 684 3475 csse
708 3417 743 3474 ut
767 3409 888 3473 dictum
912 3415 978 3490 est,
1002 3415 1035 3472 et
1058 3429 1131 3471 eam
1155 3407 1216 3470 sibi
1239 3407 1271 3470 in
1296 3409 1432 3472 veritate
1455 3409 1565 3474 datam
1592 3419 1624 3475 et
1655 3417 1857 3474 numeratam
1887 3431 1957 3474 esse
1989 3431 2008 3473 a
2040 3418 2247 3496 procuratore
2275 3413 2433 3498 predicto,

615 3517 799 3604 exceptioni
822 3517 869 3580 eis
893 3537 957 3580 non
981 3515 1066 3598 dati,
1092 3535 1155 3579 non
1179 3514 1276 3578 soluti
1299 3522 1331 3579 et
1354 3537 1419 3580 non
1442 3519 1602 3581 numerati
1626 3517 1742 3604 precii,
1767 3537 1824 3581 seu
1848 3517 2037 3602 quantitatis
2060 3517 2203 3603 predicte
2233 3519 2361 3583 omnino
2386 3541 2435 3584 re·

617 3625 817 3690 nunciantes.

702 3731 858 3796 Voleutes
883 3737 991 3794 autem
1012 3731 1073 3816 ipsi
1088 3730 1290 3794 vendictores
1308 3730 1467 3794 dictarum
1483 3752 1591 3795 rerum
1607 3731 1809 3795 venditarum
1826 3731 1858 3794 in
1876 3730 1981 3816 ipsum
1996 3739 2184 3818 emptorem,
2202 3733 2329 3797 nomine
2350 3733 2434 3798 dicte

612 3841 725 3927 partis,
735 3838 969 3926 possessionem
986 3837 1171 3920 transferre,
1185 3839 1418 3902 constituerunt
1434 3861 1467 3902 sc
1485 3860 1536 3903 res
1552 3838 1713 3925 predictas
1729 3837 1886 3921 venditas,
1899 3840 1970 3922 ejus
1987 3847 2020 3903 et
2035 3841 2136 3925 partis
2148 3841 2292 3926 predicte
2305 3841 2434 3906 nomine

615 3947 790 4034 possidere,
807 3947 855 4010 uti
878 3968 920 4010 ex
944 3967 1028 4009 nunc
1052 3967 1111 4008 sua
1136 3945 1326 4010 auctoritate
1351 3945 1538 4009 earumdem
1562 3967 1669 4010 rerum
1692 3947 1928 4031 possessionem
1948 3947 2214 4034 quandocumque
2230 3948 2361 4012 libuerit
2378 3971 2434 4035 ap-

614 4054 783 4142 preendat.
801 4053 906 4128 Quam
932 4052 1061 4138 quidem
1084 4053 1320 4138 possessionem
1342 4053 1429 4139 pacti
1452 4052 1583 4116 luerunt
1605 4059 1637 4116 et
1661 4059 1879 4117 convenerunt
1896 4053 2000 4117 eidem
2020 4074 2157 4118 vacuam
2180 4076 2250 4120 erse
2275 4063 2307 4119 et
2330 4056 2434 4142 ipsam

614 4169 648 4226 ct
671 4168 796 4248 partem
820 4160 998 4247 predictam
1021 4161 1128 4224 facere
1153 4160 1198 4223 ita
1222 4161 1350 4224 comuni
1365 4160 1537 4246 pociorem.
1554 4159 1709 4224 Preterea
1732 4159 1915 4225 venditores
1939 4161 2115 4247 supradicti
2137 4163 2354 4248 promiserunt
2377 4185 2435 4250 pcr

615 4291 650 4334 sa
674 4277 707 4334 et
730 4291 805 4332 suos
828 4268 963 4332 heredes
988 4268 1072 4331 dicto
1097 4268 1228 4331 domino
1251 4265 1378 4332 Boninc
1402 4268 1604 4354 procuratori
1626 4269 1727 4354 partis
1747 4268 1976 4333 Jermiensium
1992 4269 2259 4355 supradictorum,
2281 4292 2434 4357 procura-

616 4378 698 4441 torio
722 4377 851 4440 nomine
876 4374 960 4438 dicte
984 4375 1085 4460 partis
1110 4374 1278 4460 stipulanti
1301 4382 1333 4438 et
1356 4375 1533 4461 recipienti,
1556 4375 1641 4461 quod
1664 4376 1695 4439 in
1720 4383 1911 4462 perpetuum
1934 4375 1973 4439 dc
1997 4375 2090 4440 dictis
2114 4377 2210 4442 rebus
2237 4380 2290 4442 vel
2314 4378 2433 4464 aliqua,

614 4505 673 4548 seu
696 4491 788 4570 parte
813 4485 966 4568 ipsarum,
991 4482 1080 4545 litem
1105 4481 1157 4545 vel
1185 4482 1455 4565 controversiam,
1478 4481 1629 4546 iniuriam
1659 4483 1711 4546 vel
1742 4483 1922 4547 molestiam
1950 4483 1989 4546 de
2018 4484 2092 4567 jure
2118 4484 2171 4548 vel
2203 4485 2242 4549 de
2273 4485 2377 4569 lacto,
2400 4488 2434 4551 in

612 4591 734 4676 judicio
758 4591 826 4654 sive
852 4597 945 4654 extra
970 4589 1054 4652 dicte
1078 4589 1164 4675 parti
1186 4589 1239 4652 vel
1262 4589 1347 4652 dicto
1371 4589 1572 4674 procuratori
1595 4610 1659 4653 non
1683 4589 1819 4672 inferre,
1844 4611 1904 4653 nec
1935 4589 2102 4654 inferrenti
2130 4592 2353 4677 consencient;
2378 4594 2434 4658 sed

614 4701 701 4786 ipsas
726 4720 776 4762 res
800 4706 867 4761 tarn
891 4698 924 4761 in
948 4697 1157 4783 proprietate,
1177 4717 1275 4781 quarn
1298 4697 1330 4760 iu
1354 4697 1555 4781 possessione
1579 4696 1664 4761 dicto
1687 4697 1888 4783 procuratori
1911 4704 1944 4760 et
1967 4698 2050 4783 parti
2075 4705 2187 4763 contra
2211 4721 2339 4764 omnem
2362 4723 2434 4787 per·

616 4827 729 4872 sonam
752 4813 785 4870 ct
806 4805 1052 4869 universitatem
1075 4803 1219 4888 legitime
1242 4803 1444 4887 deffendant,
1469 4804 1701 4888 auctorabunt3
1726 4805 1951 4869 convenientes
1980 4811 2012 4868 et
2041 4806 2222 4890 obligantes
2245 4829 2279 4871 sc
2304 4807 2343 4872 de
2367 4809 2433 4873 evi-

615 4915 720 4979 ctioue
744 4935 852 4977 rerum
875 4912 1107 4999 predictarum,
1132 4932 1205 4974 curn
1237 4910 1443 4997 infrascripta
1474 4912 1571 4998 duple
1601 4913 1695 4977 sortis
1726 4913 1860 4998 proinde
1891 4913 1994 4976 eciam
2025 4918 2057 4976 et
2088 4923 2324 4998 convenerunt,
2348 4916 2434 5002 quod

614 5023 695 5086 nulli
719 5021 813 5086 alteri
837 5026 969 5084 actenus
993 5019 1033 5082 dc
1057 5017 1150 5082 dictis
1174 5017 1270 5082 rebus
1293 5019 1442 5102 venditis,
1460 5026 1516 5083 aut
1540 5019 1649 5106 aliqua
1672 5041 1782 5084 earum
1807 5018 1953 5084 lecerunt
1972 5020 2200 5105 venditionem,
2217 5021 2433 5107 donationem,

614 5135 670 5193 aut
694 5129 830 5193 alicuius
855 5127 988 5191 alterius
1023 5133 1113 5190 actus
1144 5126 1196 5190 vel
1227 5126 1452 5210 contrachtus,
1477 5127 1741 5192 allienaccionem
1763 5127 1795 5190 in
1818 5127 1966 5191 fraudem
1993 5129 2151 5214 presentis
2175 5130 2378 5195 alienationis
2402 5139 2434 5195 et

613 5237 839 5319 contrachtus,
864 5236 916 5299 vel
939 5257 997 5321 per
1020 5256 1118 5321 quarn
1141 5233 1226 5298 dicto
1250 5235 1405 5321 emptori,
1431 5241 1464 5299 et
1487 5235 1572 5321 parti
1595 5234 1807 5321 preludicium
1836 5234 1966 5321 aliquod
1997 5243 2171 5321 generetur
2200 5237 2253 5301 vel
2285 5239 2435 5322 generari

612 5345 754 5432 possint;
779 5343 915 5430 quodsi
939 5343 1127 5429 apparuerit
1150 5342 1259 5428 aliquo
1284 5349 1428 5428 tempore
1452 5343 1703 5425 contrafactum,
1728 5349 1760 5406 et
1783 5364 1824 5406 ex
1847 5343 1908 5406 boc
1932 5342 2035 5407 dictus
2059 5350 2184 5430 emptor
2212 5351 2244 5408 et
2275 5367 2351 5431 pars
2381 5347 2433 5409 vel

613 5475 725 5518 eorum
747 5450 884 5516 heredes
908 5457 940 5515 ct
963 5472 1148 5514 succesores
1172 5449 1348 5535 dampnum
1372 5449 1504 5536 aliquod
1526 5457 1724 5536 paterentur,
1742 5450 1978 5514 conservabunt
2000 5450 2086 5536 ipsos
2110 5458 2142 5515 et
2165 5473 2277 5516 eorum
2298 5453 2433 5517 heredes

613 5568 645 5626 et
668 5581 870 5625 successores
894 5581 1006 5623 eorum
1029 5558 1229 5643 indempnes.
1253 5557 1401 5644 Insuper,
1426 5557 1575 5643 precibus
1600 5565 1631 5622 et
1654 5557 1815 5621 mandatis
1838 5557 1915 5621 dicti
1938 5557 2059 5622 domini
2081 5557 2231 5642 Martini,
2256 5581 2290 5623 se
2314 5561 2433 5647 princi-

613 5669 721 5755 palem
744 5668 952 5749 constitucns,
978 5666 1195 5752 promiserunt
1218 5664 1303 5729 dicto
1327 5665 1456 5730 domino
1479 5665 1609 5730 Bonino
1633 5664 1800 5750 recipienti
1823 5671 1859 5728 ut
1881 5665 2000 5729 dictum
2025 5672 2083 5748 est,
2108 5665 2286 5752 predictam
2308 5675 2434 5753 partem

612 5776 726 5840 domus
750 5782 782 5838 et
805 5775 902 5838 turris
926 5773 1081 5859 predicte,
1099 5772 1140 5836 ab
1164 5773 1234 5858 ipso
1257 5772 1398 5837 Martino
1422 5773 1587 5836 venditam
1610 5772 1672 5858 ipsi
1694 5773 1895 5857 procuratori
1918 5779 1951 5836 et
1975 5773 2070 5859 parti,
2092 5773 2235 5858 legitime
2260 5773 2433 5840 defendero

612 5890 644 5948 et
668 5883 897 5965 auct01·ari,et
921 5904 954 5946 se
980 5882 1141 5945 facturum
1165 5888 1197 5946 et
1221 5888 1417 5965 curaturum,
1443 5882 1529 5946 omni
1553 5881 1742 5967 exceptione
1767 5888 1908 5964 remota,
1933 5881 2019 5967 quod
2046 5881 2150 5945 dictus
2177 5880 2336 5946 Martinus
2360 5905 2433 5969 pre·

612 5992 733 6056 dictam
757 5990 975 6055 venditionem
1000 6009 1020 6052 a
1043 6011 1077 6052 se
1102 5988 1222 6052 factam
1246 5994 1278 6052 et
1302 5988 1409 6053 omnia
1433 5996 1465 6052 et
1489 5988 1617 6074 singula
1635 6010 1732 6074 supra
1749 5989 1868 6073 scripta
1884 5995 2040 6074 perpetuo
2056 5989 2149 6052 lirma
2165 5994 2197 6052 et
2214 5996 2284 6052 rata
2301 5990 2433 6054 habebit

612 6106 645 6164 et
667 6099 790 6163 tenebit
814 6105 846 6162 et
870 6119 935 6161 non
959 6097 1180 6161 contraveniet
1204 6097 1243 6160 dc
1268 6097 1336 6160 iure
1361 6097 1413 6161 vel
1437 6096 1476 6160 ds
1500 6096 1586 6160 facto
1611 6118 1653 6159 ex
1683 6095 1896 6159 instrumento
1928 6096 2048 6160 domini
2071 6095 2172 6160 Juani
2195 6096 2234 6160 de
2258 6097 2433 6183 Benteugli

612 6206 740 6289 notarii,
757 6207 828 6270 heri
852 6204 938 6269 facto
962 6204 1109 6270 Bononia
1134 6205 1166 6267 iu
1191 6204 1308 6268 scholis
1331 6204 1483 6268 Fratrum
1506 6203 1766 6286 Predicatorum,
1783 6203 1986 6289 presentibus
2010 6202 2110 6267 fratrc
2134 6202 2280 6268 Gerardo
2305 6204 2345 6269 de
2368 6205 2433 6268 Tu·

611 6315 713 6398 schis,
738 6315 838 6378 fratre
870 6313 1045 6378 Brandano
1077 6313 1116 6377 dc
1152 6311 1292 6376 Saliceto
1324 6312 1363 6376 dc
1399 6312 1520 6377 Ordine
1555 6311 1814 6394 Predicatorum,
1839 6311 1967 6380 domino
1999 6319 2030 6375 et
2063 6312 2217 6397 magistro
2248 6311 2432 6376 Rolandino

691 6548 730 6612 (1)
751 6547 804 6598 sa.
