5492 7750
1419 653 1659 703 MONUMENTA

1508 1109 1566 1172 m

1397 1342 1674 1422 mmmma

626 1577 679 1641 Ex
703 1576 834 1640 archivo
858 1576 961 1640 sancti
986 1575 1153 1662 Stephani,
1178 1595 1261 1638 nunc
1286 1575 1317 1637 iu
1342 1573 1517 1638 Tabulario
1541 1573 1630 1637 Max.
1655 1573 1854 1654 bononiensi,
1877 1578 1990 1636 sect«
2018 1573 2199 1636 Ilcrnaniole
2224 1595 2253 1655 υ,
2279 1594 2364 1637 uum.
2389 1553 2415 1666 „¹5

717 1884 774 1964 (L.
792 1884 814 1965 †
832 1882 883 1963 S.)
908 1882 948 1945 In
972 1881 1092 1945 Christi
1115 1880 1253 1944 nomine.
1278 1877 1375 1943 Anno
1399 1876 1543 1960 ejusdem
1567 1877 1737 1940 millesimo
1761 1874 1810 1940 C.⁰
1836 1873 1983 1941 lxxxvx⁰
2006 1877 2179 1942 indictione
2203 1897 2287 1960 1111.,
2310 1878 2439 1945 domino

626 1991 821 2078 imperatore
845 1988 1016 2054 Frederico
1041 1995 1073 2052 et
1096 1988 1162 2051 lilio
1179 1989 1249 2071 ejus
1266 2005 1342 2069 rege
1359 1983 1528 2067 H[en]rico
1548 1984 1769 2070 regnantibus,
1787 1984 1896 2047 xvh.
1916 1984 2071 2048 kalendas
2093 1985 2177 2068 julii,
2194 1985 2245 2050 die
2269 1985 2439 2052 dominico.

626 2098 708 2164 (lum
727 2098 766 2162 lis
784 2105 816 2162 et
832 2095 1051 2161 controversia
1067 2101 1247 2159 verteretur
1264 2095 1348 2158 inter
1365 2092 1528 2157 dominum
1553 2092 1742 2156 Gonteriunr
1758 2092 1959 2155 Leouensem
1976 2092 2137 2175 abbatem,
2154 2093 2284 2158 domino
2301 2095 2439 2161 Osberto

625 2208 731 2292 priore
749 2206 788 2271 de
804 2207 958 2270 Panzano
974 2206 1044 2288 ejus
1061 2211 1268 2290 procuratore
1292 2205 1324 2268 in
1347 2225 1444 2268 causa
1461 2203 1630 2282 existente,
1648 2208 1679 2264 ct
1696 2200 1860 2264 dominum
1875 2199 2063 2262 Baioarium
2081 2201 2231 2266 abbatem
2248 2205 2351 2267 saneti
2369 2205 2438 2268 Ste-

624 2315 725 2401 phani
748 2314 941 2379 deecclesia
965 2313 1067 2376 sancti
1090 2311 1192 2375 Blasii
1215 2311 1254 2376 de
1279 2311 1410 2396 Vogulo
1435 2333 1507 2374 eum
1531 2310 1596 2373 suis
1621 2307 1834 2394 pertinentjis,
1859 2328 1966 2370 coram
1990 2307 2119 2372 domino
2143 2309 2297 2375 Rainerio
2321 2311 2437 2376 bonon.

624 2423 904 2508 archipresbitero,
929 2427 961 2485 et
985 2420 1139 2504 magistro
1163 2419 1303 2482 Martiae
1327 2418 1499 2483 mutinensi
1528 2416 1726 2502 praeposito,
1751 2422 1784 2478 et
1807 2415 1935 2479 domino
1959 2415 2095 2479 Alberto
2118 2417 2224 2502 priore
2253 2421 2355 2483 saneti
2379 2420 2438 2484 Ce-

624 2530 710 2612 sarii,
736 2529 1002 2614 cognoscentibus
1026 2549 1068 2590 cx
1092 2527 1296 2611 delegatjone
1322 2526 1442 2589 domini
1464 2524 1589 2588 Urbani
1613 2523 1723 2609 Papae
1746 2522 1808 2586 Ill.
1834 2523 1939 2596 Quam
1963 2522 2132 2587 ecclesiam
2155 2545 2229 2588 cum
2252 2525 2317 2590 suis
2341 2529 2438 2613 perti-

624 2638 743 2721 nentjis
768 2637 871 2700 dictus
895 2636 982 2722 prior
1007 2633 1134 2698 nomine
1159 2633 1313 2698 eeclesiae
1330 2633 1433 2696 sancti
1454 2631 1622 2695 Benedicti
1637 2630 1768 2716 petebat
1784 2637 1817 2694 et
1833 2629 1951 2714 injuste
1968 2629 2009 2692 ab
2029 2630 2145 2695 abbate
2163 2633 2265 2695 sancti
2284 2633 2440 2720 Stephani

624 2755 814 2830 occupatam
838 2743 1012 2806 asserebat.
1031 2741 1236 2827 Quapropter
1259 2741 1315 2804 lite
1341 2746 1530 2821 contestata,
1552 2737 1762 2824 possessionis
1786 2747 1817 2801 et
1842 2737 2003 2800 fruetuum
2027 2739 2263 2821 restitutjonem
2286 2742 2440 2826 exigebat

624 2853 656 2917 in
671 2851 850 2937 jamdictis
864 2849 1045 2935 judicibus;
1063 2857 1198 2934 uterque
1216 2848 1317 2912 abbas
1336 2856 1367 2910 et
1384 2847 1471 2932 prior
1488 2846 1688 2910 concorditer
1707 2845 2003 2930 compromiserunt.
2020 2844 2088 2932 Ipsi
2104 2868 2180 2911 vero
2194 2847 2319 2931 judices
2341 2850 2439 2914 talem

623 2959 828 3026 concordiam
846 2959 919 3042 jure
936 2955 1163 3039 transactjonis
1180 2957 1262 3019 inter
1279 2977 1334 3019 eos
1351 2954 1507 3038 fecerunt,
1531 2953 1680 3019 videlicet
1708 2954 1792 3044 quod
1816 2953 1919 3018 dictus
1943 2955 2090 3020 dominus
2113 2953 2226 3018 Abbas
2250 2956 2437 3040 Leouensis,

623 3067 700 3132 dicti
722 3066 845 3130 Prioris
870 3086 1038 3146 consensu,
1055 3062 1213 3127 concessit
1232 3062 1316 3126 dicto
1340 3063 1468 3128 domino
1493 3063 1615 3128 Abbati
1636 3066 1739 3130 sancti
1757 3063 1913 3150 Stephani
1930 3069 1961 3126 et
1978 3064 2049 3146 ejus
2066 3064 2303 3128 successoribus
2319 3065 2438 3129 dictam

623 3173 792 3238 eeclesiam
823 3170 926 3235 saneti
957 3170 1060 3233 Blasii
1090 3191 1162 3233 curn
1187 3169 1252 3232 suis
1276 3169 1478 3254 pertinentjis
1503 3170 1534 3232 in
1558 3179 1749 3256 perpetuum
1774 3171 1830 3234 tali
1862 3177 1989 3234 tenore:
2019 3168 2113 3243 Quod
2145 3169 2292 3233 dominus
2323 3171 2436 3234 Abbas

622 3279 726 3344 saneti
750 3278 907 3365 Stephani
931 3284 963 3342 et
986 3278 1056 3362 ejus
1080 3298 1280 3341 successores
1310 3277 1428 3342 debent
1459 3277 1578 3341 dictam
1605 3277 1774 3341 ecclesiam
1797 3278 1900 3342 sancti
1923 3276 2025 3340 Blasii
2049 3277 2225 3341 seeundum
2249 3279 2350 3342 sancti
2375 3278 2437 3343 Be-

622 3387 741 3452 nedioti
772 3386 933 3471 regulam,
958 3407 1031 3450 curn
1063 3391 1153 3448 tanto
1185 3405 1318 3448 numero
1350 3385 1579 3449 monachorum
1612 3391 1643 3448 et
1678 3384 1867 3448 elericorum
1902 3391 2030 3468 tenere,
2055 3391 2090 3447 ut
2121 3384 2265 3448 divinum
2299 3386 2438 3450 officium

521 3512 525 3520 ·
622 3493 798 3558 secundum
821 3493 907 3556 illius
931 3492 994 3556 loci
1017 3491 1206 3556 facultatem
1237 3492 1337 3578 possit
1374 3492 1518 3577 expleri3
1543 3491 1704 3557 reddendo
1737 3492 1930 3574 annualiter,
1955 3492 2083 3556 nomine
2115 3513 2228 3556 census
2260 3492 2328 3556 sive
2359 3514 2437 3578 pen·

622 3601 721 3666 sionis
744 3622 802 3686 pro
824 3603 894 3685 jam
917 3600 1003 3664 dieta
1032 3600 1168 3664 ecclesia
1192 3601 1317 3684 atejus
1341 3600 1558 3685 pertinentjis,
1583 3599 1624 3663 X.
1649 3599 1756 3664 soldos
1787 3599 1969 3686 imperiales
2001 3599 2033 3662 in
2057 3606 2248 3686 perpetuum
2271 3601 2303 3662 in
2328 3623 2436 3666 mense

623 3710 739 3773 martio
771 3709 804 3773 in
835 3713 924 3772 curte
955 3707 1117 3789 Panzani,
1150 3713 1182 3771 et
1211 3728 1309 3771 unam
1339 3707 1556 3792 albergariam
1590 3706 1725 3791 singulis
1761 3706 1853 3770 annis
1884 3706 2005 3770 Abbati
2039 3705 2217 3788 Leonerrsi,
2249 3707 2300 3771 vel
2330 3708 2436 3772 Priori

623 3838 696 3882 eum
719 3816 830 3880 decem
860 3814 1051 3900 equitaturis
1082 3836 1153 3878 sero
1184 3821 1216 3878 et
1246 3813 1381 3900 prandio
1410 3813 1496 3899 apud
1519 3813 1694 3898 Vogulurn,
1719 3819 1751 3877 et
1781 3814 1809 3876 si
1841 3813 1923 3876 alius
1947 3835 2058 3877 eorum
2082 3813 2227 3895 nuncius,
2248 3837 2319 3878 curn
2345 3820 2437 3879 1111.⁰‘

621 3924 823 4010 equitaturis,
847 3945 905 3988 nec
930 3923 1092 3987 dividatur
1116 3922 1315 4006 albergaria,
1340 3942 1398 3985 nec
1422 3921 1613 4006 duplicetur,
1640 3943 1698 3984 nee
1721 3921 1824 4002 detur,
1850 3922 1876 3985 si
1900 3942 1971 3984 eam
1996 3942 2059 3984 non
2083 3922 2229 4006 exegerit
2253 3944 2315 3986 uno
2340 3944 2435 4004 anno,

621 4031 707 4117 quod
729 4053 794 4096 non
817 4031 918 4117 possit
941 4037 1050 4116 petere
1075 4030 1106 4092 iu
1131 4028 1278 4114 sequenti
1299 4029 1390 4092 duas.
1419 4029 1524 4102 Quam
1556 4029 1725 4092 ecclesiam
1748 4050 1820 4092 cum
1843 4029 1909 4092 suis
1932 4028 2136 4114 pertinentjis
2160 4029 2263 4092 dictus
2287 4029 2435 4094 dominus

620 4138 733 4203 Abbas
763 4139 941 4202 Leonensis
973 4159 1031 4222 pro
1067 4157 1101 4200 se
1136 4137 1267 4220 suisque
1297 4135 1536 4199 successoribus
1569 4137 1785 4221 suprascripto
1816 4135 1940 4199 Abbati
1972 4135 2075 4198 sancti
2107 4135 2262 4220 Stephani
2297 4143 2329 4199 et
2365 4138 2435 4221 ejus

620 4245 858 4310 suecessoribus
882 4245 923 4308 ab
948 4244 1034 4308 omui
1060 4243 1190 4308 homine
1221 4243 1400 4327 disbrigare
1432 4251 1464 4306 et
1499 4264 1571 4306 cum
1605 4243 1729 4306 ratione
1753 4242 1925 4306 defendere
1949 4243 2096 4327 promisit
2125 4243 2184 4306 tali
2212 4244 2324 4308 modo:
2350 4245 2435 4329 quod

619 4353 733 4417 Abbas
764 4353 868 4416 saneti
899 4351 1057 4437 Stephani
1088 4357 1262 4436 antequam
1290 4351 1423 4435 incipiat
1453 4371 1605 4430 oausam,
1630 4349 1657 4412 si
1685 4371 1705 4412 a
1736 4370 1898 4435 quoquam
1922 4350 1952 4412 ei
1976 4350 2194 4414 controversia
2218 4350 2257 4414 de
2278 4352 2435 4434 jamdicta

620 4460 756 4524 eeclesia
781 4460 907 4543 atejus
931 4458 1134 4544 pertinentjis
1164 4465 1340 4538 moveatur,
1366 4458 1531 4520 nominare
1563 4456 1680 4520 debeat
1708 4457 1909 4521 Leonensem
1933 4456 2095 4520 Abbatem
2126 4463 2158 4520 ct
2187 4457 2217 4520 ei
2240 4457 2434 4523 denunciare

621 4574 656 4631 ut
686 4567 813 4649 veniat,
838 4566 889 4630 vel
921 4566 1028 4629 mittat
1058 4565 1100 4628 ad
1134 4567 1204 4649 ejus
1235 4564 1465 4628 defensionem.
1497 4563 1539 4628 Et
1569 4563 1746 4628 Leouensis
1777 4564 1890 4628 Abbas
1921 4564 2016 4627 debet
2045 4564 2172 4646 venire,
2205 4565 2256 4628 vel
2287 4565 2432 4648 mittere,

620 4674 771 4761 expensis
795 4679 904 4736 tamen
935 4671 1074 4736 Abbatis
1098 4673 1202 4736 saneti
1226 4671 1399 4758 Stephani,
1424 4672 1493 4757 ipse
1517 4678 1548 4734 et
1580 4671 1635 4757 qui
1667 4693 1739 4734 euru
1771 4693 1809 4734 eo
1843 4671 1988 4734 venerint
2021 4671 2089 4734 siue
2120 4670 2233 4734 fraude
2264 4681 2435 4757 postquam

620 4783 662 4846 ad
690 4803 821 4846 oausam
848 4780 1064 4866 pervenerint.
1089 4779 1131 4842 Et
1158 4780 1270 4843 Abbas
1299 4779 1400 4842 saneti
1426 4778 1583 4864 Stephani
1610 4778 1705 4842 debet
1732 4779 1851 4842 habere
1876 4799 1950 4841 suos
1975 4777 2148 4842 advocatos
2173 4779 2273 4842 bonos
2296 4780 2434 4866 propriis
2510 4787 2512 4792 ’

623 4889 784 4975 expensis.
801 4887 845 4952 Et
868 4888 895 4951 si
918 4887 1031 4950 Abbas
1056 4887 1158 4950 sancti
1183 4886 1339 4972 Stephani
1363 4907 1402 4949 ea
1426 4907 1508 4970 quae
1532 4908 1629 4972 super
1652 4887 1737 4950 facto
1758 4885 1872 4970 judicii
1896 4884 1982 4948 dicta
2006 4891 2090 4968 sunt,
2115 4907 2179 4949 non
2203 4886 2433 4970 observaverit,

621 4996 829 5060 nihilominus
852 5001 1001 5058 teneatur
1024 4994 1067 5056 ad
1090 4993 1288 5079 praedictum
1311 5015 1442 5056 censum
1457 5000 1488 5056 et
1505 4993 1721 5078 albergariam
1737 4993 1925 5079 parandam.
1943 4992 1970 5055 B
1995 4999 2107 5056 contra
2124 5014 2261 5078 quoque,
2278 4994 2305 5056 si
2321 4993 2434 5058 Abbas

620 5103 809 5186 Leouensis,
827 5123 909 5187 quae
933 5102 1019 5166 dicta
1042 5110 1116 5166 sunt
1138 5103 1177 5166 de
1201 5102 1386 5165 defensione
1407 5123 1471 5165 non
1488 5101 1609 5182 fecerit,
1626 5102 1739 5165 Abbas
1759 5103 1861 5165 sancti
1879 5101 2034 5186 Stephani
2059 5122 2123 5164 non
2143 5107 2291 5164 teneatur
2307 5103 2432 5168 solvere

621 5212 740 5276 dictam
756 5211 943 5296 pensionem
960 5217 992 5273 ct
1016 5211 1244 5296 albergariam,
1262 5231 1320 5274 nco
1343 5210 1440 5273 aliam
1456 5232 1573 5296 penam
1596 5212 1739 5296 pstjatur
1763 5210 1926 5273 alteruter.
1948 5208 1990 5271 Bt
2013 5208 2125 5271 Abbas
2150 5210 2253 5272 sancti
2278 5209 2433 5296 Stephani

621 5320 743 5383 nullam
769 5317 992 5399 collusionem,
1010 5318 1197 5403 nullumque
1222 5325 1352 5403 pactum
1376 5339 1447 5381 oum
1464 5317 1572 5402 aliquo
1588 5317 1684 5381 faciet
1705 5316 1744 5381 de
1761 5317 1978 5402 suprascripta
1996 5316 2132 5379 ecelesia
2149 5317 2189 5379 ad
2207 5316 2433 5381 detrimentum

619 5405 798 5490 Leouensis
814 5423 990 5486 Ecclesiae.
1004 5423 1141 5509 Insuper
1157 5424 1260 5487 dictus
1277 5422 1423 5486 domiuus
1436 5423 1548 5486 Abbas
1564 5423 1741 5487 Leouensis
1757 5429 1789 5486 et
1805 5422 1900 5486 Prior
1915 5444 1972 5506 pro
1991 5421 2178 5506 saeuisque
2195 5423 2432 5487 successoribus

620 5532 766 5596 fecerunt
790 5530 886 5592 finem
910 5530 1128 5614 suprascripto
1154 5529 1282 5593 domiuo
1299 5528 1420 5592 Abbati
1437 5529 1538 5592 sancti
1556 5528 1712 5614 Stephani
1729 5535 1760 5591 et
1782 5530 1851 5611 ejus
1868 5527 2105 5590 successoribus
2123 5527 2162 5590 de
2179 5527 2336 5591 fructibus
2353 5550 2432 5613 quos

620 5640 661 5703 ab
685 5659 723 5702 eo
748 5636 919 5724 petebant,
945 5643 977 5699 et
1000 5637 1155 5722 violentja
1179 5659 1276 5722 quam
1303 5636 1453 5700 dicebant
1476 5636 1535 5699 sibi
1560 5635 1629 5699 foro
1657 5636 1797 5718 illatarn;
1822 5657 1939 5720 penam
1968 5635 2005 5697 L.
2030 5633 2186 5697 librarum
2218 5635 2431 5720 imperialium

620 5745 734 5810 arubae
759 5749 867 5829 portes
891 5743 975 5806 inter
999 5765 1032 5806 sc
1056 5744 1117 5806 sibi
1142 5745 1278 5807 invicem
1302 5743 1502 5830 stipulantes,
1527 5745 1555 5806 si
1578 5743 1742 5828 praedicta
1767 5743 1874 5806 omnia
1898 5763 1961 5804 non
1985 5742 2194 5806 observarent
2218 5748 2249 5804 et
2273 5749 2344 5805 rata
2368 5764 2431 5806 non

619 5853 787 5933 haberent,
812 5858 906 5937 paeto
930 5852 1148 5937 suprascripto
1173 5859 1243 5915 rato
1267 5859 1417 5914 manente
1441 5857 1513 5936 post
1536 5871 1653 5936 penam
1676 5851 1825 5915 solutam.
2395 5855 2397 5858 ’

706 5959 827 6022 Actum
850 5956 896 6039 i[n
920 5957 1038 6040 clastro
1062 5958 1201 6022 Badiani
1224 5957 1371 6022 feliciter.

706 6067 816 6150 Hujus
839 6065 886 6128 rei
910 6071 1007 6129 testes
1032 6065 1161 6130 fuerunt
1185 6066 1333 6130 dominus
1357 6065 1459 6128 Pilius
1479 6066 1561 6149 juris
1592 6073 1790 6151 praeceptor,
1814 6066 1961 6128 dominus
1984 6064 2100 6127 Petrus
2125 6064 2164 6128 de
2187 6063 2352 6146 Ferraria,
2375 6063 2430 6127 do·

618 6175 722 6238 minus
746 6173 820 6257 Ugo
844 6179 876 6236 et
898 6171 1075 6236 chrtinns
1099 6173 1138 6236 dc
1162 6173 1326 6255 Pennana,
1351 6172 1530 6258 praesbiter
1553 6171 1695 6256 Ardicio,
1713 6173 1892 6259 praesbiter
1915 6171 2084 6254 Martinus,
2109 6170 2289 6257 praesbiter
2312 6170 2429 6254 Majus,

617 6282 783 6346 Johannes
799 6279 939 6362 Pizolus,
957 6281 1137 6366 praesbiter
1156 6280 1380 6366 Ildeprandus,
1398 6279 1554 6344 Girardus
1578 6279 1617 6344 de
1640 6280 1796 6362 Badiano,
1813 6279 1974 6364 Ugolinus
1991 6278 2174 6361 Adelasiae,
2191 6277 2382 6341 Buualcllus
2399 6288 2431 6340 et

616 6388 793 6470 Fontanus,
811 6386 977 6450 Johannes
1001 6387 1174 6471 Pegolotti,
1191 6388 1380 6452 Acharisius
1404 6387 1443 6450 de
1467 6387 1674 6469 Montebelio,
1696 6387 1862 6451 Johannes
1885 6385 2007 6472 Lupus,
2025 6385 2160 6449 domnus
2185 6385 2348 6468 Gibertus,
2364 6405 2431 6448 ma·

615 6496 716 6583 gister
740 6494 926 6558 Bernardus
951 6501 982 6558 et
999 6495 1146 6559 dominus
1163 6495 1262 6558 Wido
1288 6494 1422 6559 Crassus
1439 6494 1532 6558 dator
1548 6500 1679 6558 tenutas
1696 6501 1727 6558 et
1748 6515 1807 6558 sua
1827 6494 2017 6558 auctoritate
2041 6493 2177 6556 liberam
2199 6492 2318 6556 habeat
2341 6499 2430 6578 pote-
