5490 7750
854 628 1085 679 srncrnnrm
1113 629 1164 680 nn
1192 629 1446 681 eaorassonas
1477 630 1582 682 roan
1611 628 1745 680 crvnns
2155 608 2204 680 97

389 782 507 866 Illinus,
525 783 713 848 Zanocchus
730 790 762 848 et
773 784 910 868 Rigolns
926 783 1044 848 fratres
1061 791 1093 848 et
1108 784 1164 848 filii
1182 784 1337 868 NIcholaj
1357 815 1367 894 q
1716 809 1752 861 Et
1762 811 1795 862 dc
1805 811 1936 880 predictis
1949 827 2004 864 non
2017 811 2207 882 tntctligomur

389 890 555 956 Bennolns
578 891 699 955 domini
721 891 892 975 Bertelinj,
1359 891 1422 957 lde
1438 890 1672 975 Becchadellis,
1717 899 1830 966 fratros,
1850 900 2019 970 presbytcri,
2038 917 2090 954 nec
2115 901 2209 972 aliqua

390 998 479 1064 Azao
502 1005 535 1064 et
556 999 692 1063 Vandus
716 998 838 1064 domini
858 999 977 1083 Bennj,
1357 951 1367 1084 l
1718 989 1773 1040 clia
1791 989 1979 1044 ecclesiastico
1997 1007 2124 1060 emm·

389 1107 571 1172 Artiuixins
595 1105 758 1192 quendam
781 1107 902 1172 domini
925 1106 1042 1191 Jacobj
1066 1106 1106 1171 de
1129 1105 1308 1191 Artinisijs,

390 1214 496 1278 Guido
520 1215 681 1300 quondam
704 1213 814 1278 fratris
838 1213 954 1297 Jacobj
978 1213 1018 1278 de
1041 1213 1236 1296 Ramixinis,

388 1322 565 1386 Nicholaus
588 1322 750 1407 quondam
774 1321 896 1406 dominj
920 1321 1086 1386 Francisci
1109 1320 1149 1384 de
1173 1320 1324 1405 anano,

389 1429 486 1494 Zolus
510 1429 550 1494 de
573 1429 731 1514 Algardo,
1362 1433 1365 1438 ’

388 1537 565 1602 Zeccholus
588 1537 757 1602 Nicchelai
780 1537 819 1601 de
844 1535 1045 1622 Varignana,

387 1644 505 1709 Petrus
527 1644 648 1709 domini
670 1644 869 1729 Menograssi
893 1644 932 1707 de
956 1642 1191 1724 Mezovillanis,

388 1753 521 1818 Rubeus
544 1751 687 1816 Rolandi
710 1752 750 1817 de
774 1751 908 1834 Rubeis,

388 1861 555 1926 Iohannes
580 1859 767 1924 Ghirardini
792 1859 945 1942 Tarafini,

387 1967 505 2050 Minus,
530 1967 666 2052 Rigolns
690 1974 722 2030 et
746 1967 934 2032 Zanocchus
959 1965 1075 2031 fratres
1099 1973 1131 2030 et
1154 1967 1212 2050 filij
1237 1966 1399 2052 qnondam
1422 1966 1586 2050 Nicholaj,

388 2076 562 2140 BusoIInus
584 2082 617 2139 et
639 2075 816 2140 Nieholaus
840 2075 958 2139 fratres
982 2081 1014 2139 et
1037 2075 1095 2158 filij
1120 2097 1172 2139 ser
1194 2075 1285 2156 lllini,

386 2183 563 2248 Mntlriolus
587 2191 619 2247 et
642 2182 786 2248 Bonolus
809 2183 868 2267 filij
892 2183 1063 2268 Bertolinj,

387 2291 565 2355 Niclrolaus
588 2291 672 2354 filius
696 2290 859 2376 quondam
883 2290 966 2374 Oinj,

388 2399 558 2464 Ciardolus
582 2398 744 2483 qnondam
768 2398 889 2483 dominj
913 2397 1088 2480 Ricciardi,

386 2506 590 2572 Palmerolus
614 2513 646 2570 et
674 2505 889 2570 Francischus
920 2507 1036 2570 fratres
1061 2515 1093 2570 et
1116 2506 1174 2590 filij
1199 2506 1361 2590 quondam
1384 2504 1491 2589 Landj
1516 2505 1555 2568 de
1579 2503 1764 2589 Artinixijs,

386 2615 572 2680 Artinixius
596 2615 758 2700 quondam
781 2614 897 2698 Jacobj
922 2615 963 2677 de
985 2614 1169 2697 Artinixiis,

389 2723 482 2786 l'nus
505 2723 590 2786 filius
614 2723 771 2786 naturalis
793 2721 875 2807 Minj
898 2721 1007 2786 fratris
1030 2721 1241 2805 Becchadinj,
1788 2730 1797 2792 l

479 2831 536 2911 (L.
554 2831 576 2912 †
598 2829 644 2912 S.)
668 2829 740 2914 Ego
757 2829 943 2894 Siuibaldns
959 2829 1044 2892 filius
1068 2829 1145 2892 olim
1160 2829 1308 2914 magistrj
1326 2828 1476 2914 Tomaxij
1497 2829 1584 2894 fixici
1608 2829 1648 2892 de
1665 2828 1816 2910 Pistorio,
1833 2827 1992 2913 imperiali
2016 2827 2207 2892 auctoritate

387 2937 489 3022 judex
513 2937 694 3002 ordinarius
717 2943 749 3000 et
773 2937 927 3019 notarius,
944 2943 975 3000 et
999 2957 1084 3000 nunc
1107 2935 1252 3000 notarius
1270 2943 1302 3000 et
1322 2936 1462 3000 offitialis
1486 2936 1696 3023 suprascripti
1716 2935 1837 3019 dominj
1856 2933 2037 3020 Capitanej,
2054 2934 2208 2999 mandato

389 3045 489 3131 ipsius
512 3045 633 3128 dominj
659 3044 828 3130 (lapitenci
853 3044 961 3108 omnia
984 3051 1016 3108 et
1039 3043 1168 3128 singula
1191 3043 1410 3130 suprascripta
1434 3043 1546 3130 scripsi
1572 3050 1604 3108 et
1627 3043 1804 3130 publicavj.

1818 2345 1858 2408 de
1881 2343 2117 2409 Beechadellis.

1253 3364 1342 3436 LIX.

1141 3580 1238 3662 1336,
1261 3579 1305 3641 22
1327 3578 1461 3642 octobris.

807 3796 859 3860 Ex
882 3804 968 3860 tomo
991 3793 1130 3858 LXXX.
1157 3793 1275 3858 Codicis
1297 3795 1421 3879 cleptem.
1446 3793 1572 3878 donce,
1598 3815 1629 3858 n.
1645 3793 1785 3858 LXVII.

478 4013 674 4077 Benedictus
698 4012 876 4099 episcopus,
894 4031 1006 4074 servus
1030 4030 1195 4073 servorum
1217 4009 1291 4091 Dei,
1308 4009 1433 4073 dilectis
1455 4008 1531 4093 filijs
1555 4009 1725 4073 Communi
1747 4009 1946 4074 Bononiensi
1969 4011 2117 4098 spiritum
2133 4034 2207 4077 con·

390 4121 454 4206 silij
478 4121 625 4184 sanioris.

478 4227 563 4303 Quia
586 4227 724 4291 salntem
746 4233 887 4290 vestram
911 4224 1081 4289 affectione
1104 4231 1241 4311 paterna
1265 4224 1445 4309 querimus,
1470 4245 1606 4309 vosque,
1631 4223 1767 4307 abjectis
1799 4225 2006 4290 tenebrarum
2035 4227 2206 4313 operibus,

389 4337 521 4400 induere
546 4335 692 4422 cupimus
715 4355 807 4398 arma
828 4334 920 4415 lucis,
937 4333 992 4396 diu
1016 4334 1098 4397 sicut
1122 4333 1222 4396 nostis
1239 4331 1481 4419 expectavimus
1503 4337 1538 4395 ut
1561 4338 1685 4396 vestros
1709 4353 1827 4418 graves
1850 4354 2002 4398 excessus
2026 4342 2059 4398 et
2082 4336 2205 4422 culpas,

389 4445 504 4531 quibus
527 4443 633 4508 Deum
657 4449 689 4506 et
714 4441 831 4506 Sedem
854 4440 1074 4526 apostolicam,
1098 4461 1163 4504 non
1186 4440 1296 4504 vitatis
1320 4447 1423 4504 status
1447 4446 1479 4503 et
1502 4439 1615 4504 salutis
1638 4446 1744 4504 vestre
1767 4439 1961 4526 dispendijs,
1987 4442 2207 4528 multipliciter

386 4551 575 4634 offendistis,
595 4550 753 4613 hactenns
777 4548 1018 4612 considerantes
1043 4554 1075 4612 et
1097 4553 1366 4632 recognoscentes
1390 4551 1512 4611 attente
1544 4546 1649 4612 redire
1673 4568 1746 4611 cnm
1769 4546 1990 4613 satisfactione
2013 4548 2141 4614 decenti
2164 4551 2206 4614 ad

388 4658 604 4723 obedientiam
627 4664 660 4721 ct
682 4656 885 4720 devotionem
909 4662 1053 4720 nestram
1076 4661 1108 4718 et
1130 4654 1275 4719 Ecclesia
1299 4654 1465 4719 curaretis.
1489 4653 1533 4718 Et
1549 4653 1624 4739 quia
1640 4674 1704 4718 non
1721 4655 1825 4718 solum
1841 4654 1873 4718 id
1894 4654 2019 4720 efficere
2044 4657 2205 4742 omisistis,

388 4767 445 4831 sed
468 4765 574 4852 potius
597 4763 751 4829 videmini
773 4763 1008 4848 benignitatem
1032 4769 1064 4826 et
1085 4761 1365 4826 mansuetudinem
1389 4761 1472 4826 dicte
1494 4761 1597 4844 Sedis,
1615 4783 1706 4848 qnae,
1722 4769 1758 4826 ut
1781 4762 1987 4848 premittitur,
2004 4765 2206 4850 expectando

388 4881 420 4938 et
442 4874 551 4960 plnres
575 4872 746 4935 dilationes
769 4870 861 4935 vobis
884 4891 981 4956 snper
1004 4870 1065 4934 hoc
1089 4869 1294 4933 concedendo
1317 4889 1396 4954 erga
1411 4890 1469 4933 ros
1489 4869 1644 4952 exercuit,
1662 4869 1820 4934 deducere
1837 4869 2066 4934 damnabiliter
2082 4871 2115 4935 in
2131 4893 2205 4937 oon·

388 4988 556 5067 temptum,
578 4980 759 5067 presertim,
779 4999 862 5061 cunr,
878 4999 1030 5043 excessus
1050 4976 1198 5042 addendo
1222 4977 1409 5042 excessibus
1432 4984 1464 5041 et
1488 4976 1698 5062 aggregando
1722 4977 1834 5063 culpas
1858 4977 1972 5064 culpis,
1989 4978 2117 5043 interim
2140 5000 2205 5043 non

388 5087 581 5153 erubueritis
605 5086 722 5150 Sedem
745 5084 905 5173 prefatam
929 5085 1059 5149 offensis
1083 5091 1115 5150 et
1139 5084 1342 5169 contumelijs
1366 5084 1503 5167 afficere,
1521 5084 1603 5149 sicut
1626 5083 1829 5170 displicibilis
1851 5083 1893 5148 ad
1915 5105 1973 5148 nos
1989 5085 2141 5171 perduxit
2157 5085 2205 5150 in·

389 5195 539 5278 sinuatio,
555 5215 620 5258 non
643 5193 817 5258 sufficimus
841 5191 1003 5256 admirari.
1020 5191 1123 5256 Porro
1147 5192 1294 5277 quamvis
1318 5191 1367 5255 his
1390 5191 1475 5256 veris
1499 5191 1722 5274 existentibus,
1740 5212 1797 5255 ros
1817 5191 1931 5255 merito
1951 5191 2123 5257 effeceritis
2139 5215 2206 5257 em-

388 5303 499 5391 plioris
523 5302 630 5387 gratia
653 5299 887 5387 expectationis
910 5299 1071 5384 indignes,
1088 5299 1164 5385 qnia
1187 5307 1295 5364 tamen
1312 5320 1464 5384 ergarus
1481 5298 1586 5364 adhuc
1602 5299 1731 5386 pietatis
1752 5305 1886 5385 paterne
1908 5299 2034 5362 viscera
2056 5299 2207 5366 claudere

387 5411 538 5496 viamque
561 5407 816 5472 mansuetndinis
841 5407 868 5470 si
891 5407 1038 5471 celeriter
1061 5407 1102 5470 ad
1125 5405 1311 5491 hujusmodi
1333 5406 1537 5472 devotionem
1560 5412 1593 5470 et
1616 5406 1832 5471 obedientiam
1855 5426 1931 5489 ros,
1955 5413 1991 5470 ut
2014 5407 2206 5492 premissum

388 5525 455 5600 est,
479 5516 692 5582 effectualiter
715 5515 947 5602 disposueritis,
972 5535 1176 5600 nequaqnam
1201 5515 1234 5578 in
1257 5514 1318 5578 hae
1350 5520 1442 5601 parte
1474 5513 1668 5578 intendimus
1698 5512 1878 5598 denegare,
1903 5514 2082 5578 venerabili
2113 5514 2206 5578 fratri

388 5633 497 5692 nestro
519 5624 713 5707 Bertrando,
734 5623 975 5710 archiepiscopo
999 5623 1224 5706 ebredunensi,
1248 5623 1423 5709 apostolice
1449 5621 1541 5687 Sedis
1566 5622 1693 5704 nuncio,
1714 5621 1894 5703 scribimus,
1919 5628 1955 5685 ut
1977 5621 2020 5686 ad
2042 5623 2206 5688 civitatem

386 5733 628 5814 bononiensem,
644 5737 740 5818 prout
763 5731 928 5795 commode
952 5730 1079 5816 poterit,
1097 5749 1131 5794 se
1155 5729 1310 5812 conferat,
1327 5751 1424 5816 super
1443 5729 1596 5816 predictis
1620 5728 1815 5815 colloquium
1838 5729 2008 5794 habiturus
2028 5729 2205 5797 vobiscum.

388 5840 548 5915 Quocirca
570 5839 815 5903 universitatem
830 5844 970 5902 vestram
989 5859 1165 5920 monemus,
1180 5837 1373 5923 requirimus
1390 5844 1422 5902 et
1437 5837 1591 5902 attentius
1607 5836 1640 5899 in
1655 5836 1796 5901 Domino
1813 5837 2036 5919 exhortamur,
2053 5859 2132 5902 sano
2148 5860 2204 5925 pa·

387 5956 543 6033 terneqne
559 5945 651 6010 vobis
668 5946 800 6010 consilio
817 5946 1000 6028 suadentes,
1014 5951 1172 6030 quatenus
1189 5944 1353 6030 premissis
1369 5951 1402 6009 et
1417 5945 1502 6028 alijs,
1516 5965 1577 6030 que
1593 5944 1685 6008 vobis
1698 5949 1833 6029 possunt
1849 5943 1934 6008 circa
1951 5944 2010 6008 hec
2027 5965 2205 6030 occurrere,

388 6053 629 6134 consideranter
652 6052 793 6135 attentis,
817 6073 883 6117 non
909 6052 1150 6138 procrastInetis
1173 6051 1308 6115 ulterius
1332 6051 1424 6116 vobis
1447 6072 1485 6116 ac
1513 6052 1611 6116 statui
1639 6058 1672 6115 et
1695 6051 1791 6114 saluti
1814 6051 1930 6115 restris
1955 6049 2031 6114 dnm
2055 6072 2089 6116 se
2113 6052 2205 6116 robis
2281 6065 2294 6090 ·

388 6161 483 6226 offert
498 6160 662 6225 facultatis
677 6161 911 6246 opportunitas,
928 6159 1010 6224 sieut
1033 6159 1225 6246 premissum
1248 6167 1297 6224 est
1317 6161 1475 6246 superius,
1492 6159 1601 6224 taliter
1616 6158 1797 6245 providere,
1814 6157 1899 6244 quod
1915 6164 2081 6243 tamquam
2097 6158 2206 6222 devoti

387 6277 419 6333 ct
443 6267 552 6332 dilecti
574 6267 633 6352 filij
658 6267 793 6332 valeatis
817 6267 849 6330 in
870 6267 942 6330 sinu
959 6265 1052 6330 Sedis
1075 6266 1218 6353 predicte
1243 6267 1417 6353 quiescere,
1433 6267 1589 6353 vobisque
1606 6265 1721 6330 deinde
1738 6272 1907 6330 occurrant
1923 6264 2032 6330 felicia
2047 6272 2204 6352 tempora,

388 6376 420 6440 in
445 6375 561 6462 quibus
584 6395 648 6440 non
672 6396 730 6461 pro
754 6373 941 6438 remissione
965 6372 1161 6438 offensarum
1184 6395 1241 6439 vos
1265 6373 1352 6460 apud
1376 6373 1490 6438 Sedem
1515 6371 1662 6439 eamdem
1685 6373 1833 6437 insistere
1850 6379 2008 6458 oporteat,
2025 6372 2081 6436 sed
2097 6373 2204 6458 potius

386 6504 445 6569 pro
468 6482 595 6568 gratijs,
620 6481 736 6567 quibus
759 6503 817 6546 vos
841 6481 956 6566 dignos
978 6481 1093 6545 merito
1117 6487 1255 6567 reputet,
1273 6481 1466 6568 supplicare,
1483 6502 1542 6568 pro
1566 6487 1653 6546 certo
1677 6479 1798 6562 scituri,
1815 6477 1901 6565 quod
1925 6479 1953 6542 si
1975 6478 2203 6544 monitionibus

505 6619 573 6658 nox.
591 6621 623 6658 11.
2090 6607 2123 6656 13
