5544 7750
1090 657 1282 708 errnvarx
1308 659 1459 710 Annaea
2108 643 2182 714 289

412 810 458 874 Il.
483 811 573 876 Obiit
596 813 744 877 dominus
769 812 956 877 Theudinus
976 813 1144 900 episcopus
1162 834 1236 899 por·
1300 815 1396 878 etatis
1420 837 1476 878 sue
1500 814 1624 880 LXXI.
1646 815 1773 880 felicem
1797 815 1925 882 Obrieta
1949 817 2091 881 animam
2113 819 2186 882 red-

352 919 484 982 tuensis.
1299 921 1391 985 didit.

413 1025 502 1090 Obiit
518 1025 998 1114 dampnnsUgolinusoondam
1014 1028 1103 1113 prior
1116 1035 1233 1110 noster,
1361 1029 1402 1093 V.
1427 1028 1517 1094 Obiit
1539 1029 1721 1095 Aimerians
1745 1031 1958 1096 cancellarius
1982 1031 2104 1114 Rome,
2130 1033 2184 1117 qni

351 1133 489 1218 optimus
507 1133 700 1220 predicator.
716 1135 867 1199 Vivatia
884 1135 1022 1200 Christo.
1041 1136 1157 1199 Arnen.
1299 1136 1430 1222 reliquit
1452 1136 1545 1201 nobis
1567 1136 1643 1201 XX.
1668 1139 1779 1201 uncias
1803 1138 1885 1202 auri.

413 1239 503 1305 Obiit
533 1241 691 1328 dompnus
722 1241 897 1306 Bastianns
926 1242 1109 1324 canonicus,
1134 1241 1234 1306 freter
1675 1245 1813 1310 laurae.

351 1354 470 1430 noster,
495 1353 528 1412 et
555 1355 660 1414 rector
690 1350 795 1434 major
826 1349 957 1414 Ordinis
987 1349 1105 1431 nostri,
1129 1356 1162 1412 et
1185 1369 1234 1412 se·
1360 1351 1527 1415 Kalendis.
1553 1352 1642 1418 Obiit
1664 1352 1738 1438 Uga
1763 1354 1960 1436 causidicus,
1985 1355 2122 1420 clericus
2153 1363 2186 1421 et

349 1457 458 1540 pultns
482 1463 531 1520 est
555 1457 588 1519 in
611 1456 776 1522 mausoleo
800 1462 875 1520 ante
900 1455 1002 1520 altare
1027 1457 1131 1540 majus
1148 1476 1233 1520 anno
1297 1456 1399 1521 frater
1423 1465 1541 1542 noster,
1567 1481 1651 1524 auno
1676 1460 1808 1525 Domini
1832 1461 2052 1527 MOLXVIII.

352 1561 577 1627 IIOOOXXX.
1360 1565 1485 1630 (avil.
1499 1567 1580 1631 idus.
1598 1568 1687 1632 Obiit
1699 1567 1861 1633 Antonius
1877 1569 1942 1652 [de]
1959 1570 2181 1652 Lamandinis,

410 1669 508 1735 XIII.
526 1671 683 1734 kalendas
700 1671 822 1756 aprilis.
845 1670 934 1735 Obiit
957 1671 1105 1734 dominus
1127 1670 1233 1735 Bene·
1295 1678 1390 1758 peter
1410 1674 1525 1759 prioris
1549 1674 1697 1758 Rodnlfi,
1722 1678 1815 1761 cujus
1843 1679 1952 1741 anima
1980 1679 2126 1763 quiescat
2151 1679 2184 1741 in

349 1777 482 1859 intendi,
507 1778 618 1842 doctor
640 1778 760 1863 legum,
785 1779 968 1860 canonicus,
989 1778 1090 1842 irater
1112 1785 1232 1860 noster,
1296 1799 1377 1865 pecc
1400 1779 1677 1847 MOOOXLVIII.

349 1884 534 1950 MOOXIX.
1358 1886 1398 1951 V.
1424 1887 1513 1952 Obiit
1542 1891 1702 1975 presbiter
1736 1891 1894 1956 Pectines
1931 1892 2184 1979 archipresbiter

411 1992 475 2056 III.
499 1991 667 2056 kalendas.
693 1991 783 2057 Obiit
812 1991 972 2081 presbiter
994 1990 1233 2077 Benteve[g]na
1296 1996 1400 2058 sancti
1423 1996 1578 2079 Anxium,
1603 1997 1705 2062 irater
1729 2005 1838 2064 noster
1861 2000 2014 2065 exterior.

348 2103 492 2185 scolaris,
520 2123 539 2166 a
564 2123 627 2188 quo
651 2103 823 2167 habuimus
845 2103 954 2177 XXX.
979 2103 1038 2167 sol.
1359 2103 1488 2167 XVIII.
1513 2105 1670 2170 kalendas
1692 2107 1775 2191 julii.
1801 2107 1891 2172 Obiit
1918 2109 2075 2194 magister
2106 2108 2182 2174 Otto

1297 2209 1398 2274 freter
1422 2217 1531 2276 noster
1554 2214 1707 2277 extortor.

1360 2318 1450 2383 Obiit
1473 2319 1552 2384 Gisa
1575 2341 1665 2384 soror
1688 2329 1799 2386 nostra
1822 2323 1974 2388 exterior.

410 2391 523 2456 Nm·
554 2391 642 2456 Obiit
673 2391 860 2473 Alberlffls’
886 2392 1016 2476 reglum
1045 2392 1233 2477 ⁰Pl⁵⁰⁰pu⁸²
1359 2424 1453 2490 VIII.
1473 2425 1562 2492 Obiit
1578 2426 1708 2492 domiue
1724 2428 1845 2493 Oeailis
1861 2438 1964 2494 mater
1980 2430 2182 2496 dominorum

350 2497 1233 2586 quiluitpriornoster.VivatinChristoblOLXIII.
1298 2531 1413 2597 Jacobi
1436 2539 1469 2596 e,
1496 2535 1591 2598 Pauli
1622 2541 1655 2599 e,
1685 2534 1836 2600 [awini
1864 2537 2030 2602 doctorum
2062 2539 2183 2602 Decre-

411 2606 488 2672 VII.
513 2606 595 2670 idus.
621 2605 711 2672 Obiit
734 2605 891 2691 dompnus
915 2605 1075 2670 Martinus
1099 2628 1233 2670 venera·
1297 2646 1311 2705 t

348 2714 422 2778 bilis
448 2713 608 2796 sacerdos,
633 2714 721 2800 prior
744 2719 853 2778 noster
875 2713 1074 2778 MOLXXV.

411 2821 475 2886 III.
500 2821 667 2885 kalendas.
692 2821 781 2886 Obiit
804 2821 960 2906 magister
982 2821 1143 2904 Jacobns,
1167 2822 1233 2887 De-

347 2937 508 2995 cretorum
524 2928 646 3008 doctor,
664 2929 837 2992 canonicus
862 2934 894 2991 et
917 2927 1018 2992 frater
1042 2936 1161 3013 noster,
1179 2929 1234 3015 qui
1672 2966 1808 3032 JULIUS·

348 3039 409 3102 fnit
426 3038 677 3124 archipresbiter
691 3037 931 3122 Montiveglilll
949 3037 988 3102 de
1004 3037 1183 3121 Lazarinis,
1201 3046 1234 3102 et
1359 3071 1527 3136 Kalendis·
1546 3073 1635 3138 Obiit
1650 3074 1798 3138 dominus
1810 3075 1893 3140 Erro
1907 3078 2087 3141 causidicus
2101 3079 2181 3141 ami·

348 3146 437 3232 prior
460 3144 564 3209 sancti
587 3145 739 3227 Victoris,
757 3145 811 3230 qni
835 3167 892 3230 per
916 3145 1033 3209 multos
1053 3167 1155 3209 annas
1171 3145 1233 3209 suit
1297 3199 1352 3242 eus
1376 3187 1486 3243 noste,
1508 3179 1766 3244 MOLXXXVH

348 3252 496 3339 publicus
520 3252 735 3316 Decretorum
757 3251 921 3338 professor
944 3253 976 3316 in
1005 3252 1091 3315 alma
1122 3259 1232 3317 nostra
1357 3286 1421 3350 HL
1445 3308 1558 3351 nonas·
1591 3287 1680 3352 Obiit
1714 3231 1873 3374 pre'sbiter
1907 3290 2014 3354 Rodu,

348 3360 537 3424 b⁰¹¹⁰¹¹l⁰¹¹⁵i
561 3358 781 3424 Unilfflila'le
806 3380 890 3423 ΜΟ
914 3358 1126 3423 MOOOVHI·
1294 3393 1393 3480 prior,
1414 3401 1557 3480 tempore
1582 3397 1674 3478 cujus
1706 3403 1738 3459 et
1762 3397 1867 3461 studio
1892 3397 2115 3462 dormitorium
2146 3407 2178 3462 et

409 3466 455 3588 ῌ·
485 3467 653 3587 lalffllfl'ffl‘
687 3466 777 3531 Obiit
798 3466 946 3530 dminus
976 3466 1139 3586 Henfiffls
1173 3467 1229 3532 b⁰'
1294 3502 1471 3566 claustrum
1483 3505 1630 3588 superius
1647 3509 1830 3568 constructa
1846 3513 1930 3568 sunt.
1944 3505 2090 3570 Ecclesia
2107 3529 2176 3592 cap.

349 3595 512 3638 nantensis
537 3595 717 3660 episcopus,
738 3573 840 3638 frater
863 3580 981 3657 noster,
1006 3596 1061 3659 qur
1084 3575 1230 3660 sepultus
1294 3608 1422 3694 depicta
1482 3610 1704 3674 dormitorium
1743 3613 1840 3674 etiam
1879 3615 1982 3677 sanc„
2017 3613 2177 3678 Johannis

347 3689 396 3746 est
426 3683 460 3745 in
495 3682 631 3745 ecclesie
665 3681 768 3745 serrati
801 3681 943 3746 Victoris
979 3703 1063 3745 anno
1098 3681 1231 3746 Domini
1294 3659 1456 3780 mu„„,u,'n
1489 3717 1550 3781 fuit
1591 3740 1650 3803 pro
1682 3740 1755 3804 quo.
1777 3719 1913 3784 sollicito
1937 3721 2095 3786 orandum
2118 3729 2167 3786 es,

347 3788 527 3853 ncoxm.
1293 3822 1477 3888 ,mom
1559 3768 1567 3800 ’
2170 3773 2176 3785 '

726 3897 855 3961 MAJUS·
1356 3929 1468 3996 Nonis.
1493 3932 1584 3997 Obiit
1606 3933 1695 4018 prior
1717 3933 1876 3997 Ribaldus
1898 3933 2151 3999 MOLXXXIX.

409 4040 473 4105 ΙΙΙ.
491 4041 572 4104 idus.
595 4041 685 4105 Obiit
706 4041 853 4104 dominus
877 4041 1026 4105 Andreas
1050 4042 1229 4125 alamanus,
1355 4038 1499 4102 (OVIII.
1523 4039 1604 4102 idus.
1630 4039 1720 4104 Obiit
1754 4040 1889 4104 domnus
1921 4041 2105 4106 Jeronimns
2138 4043 2177 4107 de

350 4169 487 4234 magnus
510 4149 648 4234 scriptor
669 4148 989 4214 MODLXXXVIII.
1293 4145 1437 4211 Forlivio
1468 4147 1618 4234 sacerdos
1651 4155 1684 4211 et
1715 4148 1889 4212 canonicus
1925 4149 2026 4212 frater
2057 4157 2177 4233 noster,

412 4256 457 4321 Il.
483 4256 572 4321 Obiit
595 4257 696 4321 frater
718 4257 860 4322 Jacobus
884 4257 924 4321 de
947 4257 1134 4343 Ungarellis
1159 4258 1230 4321 mil·
1293 4274 1331 4318 ac
1354 4255 1509 4338 magister
1539 4255 1734 4320 novitiarum
1765 4263 1909 4342 tempore
1937 4275 2054 4342 magne
2078 4257 2177 4343 pestis

350 4363 525 4450 lipatensis,
551 4365 606 4450 qui
628 4364 690 4428 fnit
713 4365 886 4429 canonicus
909 4371 942 4428 et
965 4363 1066 4428 frater
1088 4373 1207 4429 noster.
1293 4361 1511 4427 MODXLIX.

410 4470 521 4535 XVII.
539 4471 696 4536 kalendas
717 4473 810 4557 junii.
829 4470 918 4537 Obiit
933 4471 1092 4558 dompnus
1107 4473 1230 4538 Paulus
1356 4468 1433 4562 VII.
1448 4469 1537 4534 Obiit
1552 4469 1652 4536 Wido
1676 4471 1845 4556 presbiter,
1858 4471 2103 4537 archidiaconus
2127 4494 2178 4536 ra·

349 4579 536 4643 veronensis
559 4579 795 4643 literatissimus
819 4600 931 4643 servus
959 4580 1032 4663 Dei,
1058 4579 1231 4644 cononicus
1294 4578 1442 4664 vennatis
1467 4577 1622 4662 Ecclesia,
1646 4579 1747 4642 frater
1770 4586 1879 4643 noster
1902 4580 2054 4644 exterior.

349 4694 457 4751 noster
481 4695 513 4752 ct
532 4688 621 4774 prior
636 4687 826 4752 vicentinus.
844 4686 933 4752 Obiit
948 4686 1098 4752 Ferraria
1115 4689 1147 4752 in
1163 4710 1231 4754 mo·
1358 4684 1447 4749 Obiit
1470 4685 1634 4750 dardanus
1658 4707 1744 4770 mag.
1768 4687 1890 4750 amiens
1914 4694 2032 4751 noster.

349 4795 489 4859 nestorio
513 4796 616 4858 sanati
638 4795 756 4859 Lazari
779 4803 922 4880 tempore
952 4795 1093 4882 Oapitnli
1125 4797 1231 4861 Gene-
1356 4791 1398 4856 V.
1423 4792 1512 4857 Obiit
1535 4793 1652 4858 Petrus
1676 4793 1716 4858 de
1736 4794 1918 4858 Mamalinis
1935 4795 2069 4858 devotus
2086 4794 2178 4858 aleri-

348 4901 426 4965 ralis
450 4923 534 4966 enno
558 4902 689 4966 Domini
712 4902 1101 4990 MODL11.<2),magnus
1124 4904 1232 4989 predi·
1294 4921 1350 4964 cus
1374 4909 1492 4984 noster,
1518 4901 1572 4987 qui
1596 4902 1726 4987 reliquit
1748 4902 1840 4966 nobis
1865 4923 1958 4965 sunm
1981 4902 2178 4965 breviarium

349 5016 448 5088 actor,
473 5008 522 5072 vir
546 5015 578 5072 et
601 5015 710 5073 orator
732 5009 1014 5074 luculentissimus.
1294 5007 1413 5072 valoris
1437 5008 1626 5072 ducatorum
1650 5009 1743 5073 XVI.
1767 5029 1852 5072 anno
1875 5008 2099 5073 MODXXIII.

714 2246 869 2311 Assume.

1312 2662 1414 2705 orum.

1359 2747 1400 2812 V.
1425 2747 1514 2814 Obiit
1544 2749 1674 2814 domina
1705 2751 1858 2816 Imildina
1896 2754 2063 2836 heremita,
2093 2776 2184 2820 soror

1297 2863 1419 2920 nostra.

2018 3292 2068 3355 ins
2104 3293 2180 3356 olim

410 5116 452 5180 X.
477 5115 645 5180 kalendas.
670 5116 758 5181 Obiit
788 5118 947 5204 dompnus
968 5118 1110 5201 Petras,
1134 5139 1231 5182 vene·
1356 5114 1478 5179 Idibus.
1498 5115 1587 5180 Obiit
1607 5115 1737 5179 domine
1754 5114 1850 5179 Oliva
1866 5137 1957 5179 soror
1972 5115 2104 5202 dompni
2119 5115 2178 5180 Al-

345 5223 459 5287 rabilis
488 5230 521 5287 et
552 5223 691 5309 optimus
724 5224 812 5310 prior
841 5233 959 5309 noster,
985 5246 1069 5290 anno
1098 5225 1232 5290 Domini
1294 5223 1396 5287 ticlini
1420 5223 1535 5308 prioris
1559 5222 1836 5288 MOOLXXXVI.

348 5329 519 5395 MOXXX.
1357 5329 1396 5394 (5)
1411 5327 1486 5393 XV.
1504 5329 1660 5394 kalendas
1685 5331 1825 5416 augusti.
1842 5329 1932 5394 Obiit
1953 5330 2053 5394 frater
2069 5329 2176 5394 Bona·

411 5435 488 5501 VII.
511 5437 699 5503 MODLIII.
723 5438 774 5503 die
802 5439 927 5505 XXVI.
952 5440 1061 5504 madii.
1086 5440 1231 5505 Venera—
1294 5445 1431 5503 ventura
1456 5445 1549 5501 natus
1582 5438 1729 5523 magistri
1759 5438 1905 5524 Spinelli,
1930 5446 1962 5501 et
1985 5437 2097 5502 doctor
2120 5438 2176 5500 de-

348 5545 421 5608 bilis
449 5552 541 5632 pater
564 5545 712 5610 dominns
734 5546 982 5611 Bartholamens
1006 5547 1045 5611 de
1069 5547 1231 5612 Pesalinis
1294 5552 1471 5629 arctorum,
1496 5567 1555 5631 pro
1588 5567 1650 5631 qna
1682 5546 1854 5610 habuimus
1882 5545 2032 5627 doinnm,
2057 5545 2089 5609 in
2114 5566 2178 5630 qna

348 5652 387 5717 de
410 5652 575 5735 Bononia,
600 5653 650 5716 vir
682 5653 858 5717 innumeris
893 5661 1025 5718 ornatus
1057 5655 1231 5718 virtutibus
1294 5653 1402 5718 stabat
1424 5653 1628 5738 Zangarinus
1651 5653 1691 5717 de
1714 5653 1896 5717 Beoadellis
1920 5653 1979 5718 snb
2001 5653 2104 5718 Podio
2122 5674 2177 5716 no·

348 5761 404 5846 qui
444 5759 506 5823 hoc
548 5761 778 5823 monasterinm
817 5760 932 5825 Ordini
976 5769 1084 5826 nostro
1123 5761 1230 5846 dedit;
1294 5767 1371 5844 stro,
1388 5761 1513 5825 etfacit
1533 5766 1646 5846 aptare
1670 5781 1832 5826 cameram
1855 5762 2002 5848 pulcram
2024 5762 2059 5824 in
2082 5761 2177 5826 doma

348 5871 516 5956 ipsumque
540 5869 686 5955 plurimis
714 5869 847 5933 edificiis
875 5877 907 5933 et
933 5871 1131 5934 ornamentis
1162 5893 1229 5934 am-
1294 5891 1319 5933 s.
1345 5867 1420 5932 ahi.
1445 5889 1503 5954 pro
1527 5889 1571 5951 se,
1597 5875 1629 5931 et
1659 5869 1761 5932 multa
1791 5869 1856 5932 alia
1885 5869 1970 5932 bana
1994 5868 2176 5932 habuimus.

348 5976 471 6063 pliavit.
489 5977 568 6039 Post
590 5975 718 6040 labores
741 5976 896 6062 plurimos
921 5998 1000 6061 quos
1021 5977 1229 6062 predicando,
1294 5975 1394 6040 Orate
1417 5974 1534 6040 fratres
1558 5997 1616 6061 pro
1641 5995 1690 6040 eo.
1714 5975 1928 6040 MOOOXIII.

347 6083 527 6165 scribendo,
553 6082 769 6147 confessiones
793 6082 953 6148 audiendo
978 6082 1133 6167 [sustulit]
1157 6107 1230 6149 oum
1355 6083 1453 6146 XIII.
1479 6082 1568 6146 Obiit
1598 6082 1700 6146 frater
1730 6084 1892 6146 Antonias
1912 6084 2080 6169 januensis
2108 6104 2177 6146 ere·

347 6189 455 6254 LXII.
480 6190 572 6254 annis
605 6191 635 6253 in
668 6189 838 6275 Religione
870 6197 1120 6276 perseverasset,
1145 6213 1230 6257 armo
1294 6191 1383 6274 mita,
1401 6191 1455 6276 qui
1476 6190 1609 6255 donavit
1630 6191 1721 6254 nabis
1742 6211 1841 6254 tinam
1865 6192 2098 6277 pulcherimam
2123 6190 2177 6254 Bi-

303 6465 304 6470 =
401 6439 440 6504 (1)
460 6437 561 6504 Verba,
574 6453 644 6507 quae
657 6441 817 6507 sequuntur,
830 6455 914 6491 mann
928 6440 1072 6491 admodum
1087 6435 1233 6492 recentiori
1358 6442 1385 6506 (2
1406 6444 1431 6507 e,
1451 6443 1467 6493 4
1488 6443 1517 6492 et
1533 6441 1561 6506 5)
1580 6439 1738 6492 Recentiori
1757 6456 1848 6491 mann.

348 6527 448 6579 addita.

464 6737 524 6776 ἜΟΜ
543 6738 574 6774 11.
