<?xml version="1.0" encoding="UTF-8"?>
<!DOCTYPE html PUBLIC "-//W3C//DTD XHTML 1.0 Transitional//EN"
    "http://www.w3.org/TR/xhtml1/DTD/xhtml1-transitional.dtd">
<html xmlns="http://www.w3.org/1999/xhtml" xml:lang="en" lang="en">
 <head>
  <title>
</title>
<meta http-equiv="Content-Type" content="text/html;charset=utf-8" />
  <meta name='ocr-system' content='tesseract 3.04.00' />
  <meta name='ocr-capabilities' content='ocr_page ocr_carea ocr_par ocr_line ocrx_word'/>
</head>
<body>
  <div class='ocr_page' id='page_1' title='image "./declarisarchigy01albigoog_0015.png"; bbox 0 0 5492 7750; ppageno 0'>
   <div class='ocr_carea' id='block_1_1' title="bbox 993 659 2165 732">
    <p class='ocr_par' dir='ltr' id='par_1_1' title="bbox 993 659 2165 732">
     <span class='ocr_line' id='line_1_1' title="bbox 993 659 2165 732; baseline -0.005 0"><span class='ocrx_word' id='word_1_1' title='bbox 993 683 1041 732; x_wconf 85' lang='lat' dir='ltr'><strong>nn</strong></span> <span class='ocrx_word' id='word_1_2' title='bbox 1070 681 1202 732; x_wconf 82' lang='grc'><strong>1111111</strong></span> <span class='ocrx_word' id='word_1_3' title='bbox 1229 679 1527 732; x_wconf 77' lang='grc'><strong>1111111111111</strong></span> <span class='ocrx_word' id='word_1_4' title='bbox 2144 659 2165 726; x_wconf 82' lang='lat'>5</span> 
     </span>
    </p>
   </div>
   <div class='ocr_carea' id='block_1_2' title="bbox 444 832 2171 1565">
    <p class='ocr_par' dir='ltr' id='par_1_2' title="bbox 445 832 1983 923">
     <span class='ocr_line' id='line_1_2' title="bbox 445 832 1983 923; baseline -0.004 -21"><span class='ocrx_word' id='word_1_5' title='bbox 445 838 602 923; x_wconf 85' lang='lat' dir='ltr'><strong>Magister</strong></span> <span class='ocrx_word' id='word_1_6' title='bbox 625 837 768 902; x_wconf 80' lang='lat' dir='ltr'><strong>loannes</strong></span> <span class='ocrx_word' id='word_1_7' title='bbox 791 836 984 900; x_wconf 85' lang='lat' dir='ltr'><strong>Franciscus</strong></span> <span class='ocrx_word' id='word_1_8' title='bbox 1008 835 1047 899; x_wconf 93' lang='lat' dir='ltr'><strong>de</strong></span> <span class='ocrx_word' id='word_1_9' title='bbox 1070 834 1215 916; x_wconf 87' lang='lat' dir='ltr'><strong>Arditiis,</strong></span> <span class='ocrx_word' id='word_1_10' title='bbox 1241 835 1358 898; x_wconf 89' lang='lat' dir='ltr'><strong>artium</strong></span> <span class='ocrx_word' id='word_1_11' title='bbox 1382 842 1414 898; x_wconf 89' lang='lat' dir='ltr'><strong>et</strong></span> <span class='ocrx_word' id='word_1_12' title='bbox 1438 834 1614 898; x_wconf 77' lang='lat' dir='ltr'><strong>medicinae</strong></span> <span class='ocrx_word' id='word_1_13' title='bbox 1639 834 1760 916; x_wconf 89' lang='lat' dir='ltr'><strong>doctor,</strong></span> <span class='ocrx_word' id='word_1_14' title='bbox 1785 832 1983 897; x_wconf 90' lang='lat' dir='ltr'><strong>undecimus.</strong></span> 
     </span>
    </p>

    <p class='ocr_par' dir='ltr' id='par_1_3' title="bbox 444 938 2169 1116">
     <span class='ocr_line' id='line_1_3' title="bbox 444 938 2169 1028; baseline -0.005 -18"><span class='ocrx_word' id='word_1_15' title='bbox 444 945 602 1010; x_wconf 81' lang='lat' dir='ltr'>Dominus</span> <span class='ocrx_word' id='word_1_16' title='bbox 619 944 760 1009; x_wconf 82' lang='lat' dir='ltr'>Thomas</span> <span class='ocrx_word' id='word_1_17' title='bbox 778 941 1162 1028; x_wconf 90' lang='lat' dir='ltr'><strong>Constantinopolitanus,</strong></span> <span class='ocrx_word' id='word_1_18' title='bbox 1176 942 1286 1026; x_wconf 86' lang='lat' dir='ltr'><strong>legum</strong></span> <span class='ocrx_word' id='word_1_19' title='bbox 1301 941 1422 1024; x_wconf 88' lang='lat' dir='ltr'><strong>doctor,</strong></span> <span class='ocrx_word' id='word_1_20' title='bbox 1439 941 1602 1005; x_wconf 88' lang='lat' dir='ltr'><strong>habitator</strong></span> <span class='ocrx_word' id='word_1_21' title='bbox 1617 941 1746 1005; x_wconf 80' lang='lat' dir='ltr'><strong>Pisauri</strong></span> <span class='ocrx_word' id='word_1_22' title='bbox 1762 947 1794 1005; x_wconf 91' lang='lat' dir='ltr'><strong>ot</strong></span> <span class='ocrx_word' id='word_1_23' title='bbox 1810 941 1986 1004; x_wconf 84' lang='lat' dir='ltr'><strong>advocatus</strong></span> <span class='ocrx_word' id='word_1_24' title='bbox 2002 938 2169 1022; x_wconf 89' lang='lat' dir='ltr'><strong>Camerae,</strong></span> 
     </span>
     <span class='ocr_line' id='line_1_4' title="bbox 534 1049 1008 1116; baseline -0.006 -1"><span class='ocrx_word' id='word_1_25' title='bbox 534 1052 632 1115; x_wconf 89' lang='lat' dir='ltr'><strong>sitin</strong></span> <span class='ocrx_word' id='word_1_26' title='bbox 657 1051 767 1116; x_wconf 91' lang='lat' dir='ltr'><strong>ordine</strong></span> <span class='ocrx_word' id='word_1_27' title='bbox 791 1049 1008 1114; x_wconf 91' lang='lat' dir='ltr'><strong>duodecimus.</strong></span> 
     </span>
    </p>

    <p class='ocr_par' dir='ltr' id='par_1_4' title="bbox 444 1153 1816 1241">
     <span class='ocr_line' id='line_1_5' title="bbox 444 1153 1816 1241; baseline -0.003 -19"><span class='ocrx_word' id='word_1_28' title='bbox 444 1158 602 1223; x_wconf 76' lang='lat' dir='ltr'><strong>Dominus</strong></span> <span class='ocrx_word' id='word_1_29' title='bbox 625 1157 733 1222; x_wconf 83' lang='lat' dir='ltr'><strong>Julius</strong></span> <span class='ocrx_word' id='word_1_30' title='bbox 757 1157 796 1220; x_wconf 89' lang='lat' dir='ltr'><strong>de</strong></span> <span class='ocrx_word' id='word_1_31' title='bbox 820 1153 1016 1220; x_wconf 83' lang='lat' dir='ltr'><strong>Alexandria</strong></span> <span class='ocrx_word' id='word_1_32' title='bbox 1041 1155 1246 1241; x_wconf 84' lang='lat' dir='ltr'><strong>pisaurensis,</strong></span> <span class='ocrx_word' id='word_1_33' title='bbox 1271 1155 1380 1240; x_wconf 90' lang='lat' dir='ltr'><strong>legum</strong></span> <span class='ocrx_word' id='word_1_34' title='bbox 1404 1154 1524 1238; x_wconf 90' lang='lat' dir='ltr'><strong>doctor,</strong></span> <span class='ocrx_word' id='word_1_35' title='bbox 1549 1155 1816 1219; x_wconf 89' lang='lat' dir='ltr'><strong>decimustertius.</strong></span> 
     </span>
    </p>

    <p class='ocr_par' dir='ltr' id='par_1_5' title="bbox 445 1260 1908 1349">
     <span class='ocr_line' id='line_1_6' title="bbox 445 1260 1908 1349; baseline -0.003 -21"><span class='ocrx_word' id='word_1_36' title='bbox 445 1264 604 1330; x_wconf 88' lang='lat' dir='ltr'><strong>Dominus</strong></span> <span class='ocrx_word' id='word_1_37' title='bbox 627 1263 774 1349; x_wconf 79' lang='lat' dir='ltr'><strong>Angelus</strong></span> <span class='ocrx_word' id='word_1_38' title='bbox 798 1262 837 1326; x_wconf 91' lang='lat' dir='ltr'><strong>de</strong></span> <span class='ocrx_word' id='word_1_39' title='bbox 862 1261 1080 1327; x_wconf 89' lang='lat' dir='ltr'><strong>Clementihus</strong></span> <span class='ocrx_word' id='word_1_40' title='bbox 1105 1261 1144 1326; x_wconf 93' lang='lat' dir='ltr'><strong>de</strong></span> <span class='ocrx_word' id='word_1_41' title='bbox 1168 1260 1315 1343; x_wconf 89' lang='lat' dir='ltr'><strong>Pisanro,</strong></span> <span class='ocrx_word' id='word_1_42' title='bbox 1340 1262 1449 1346; x_wconf 88' lang='lat' dir='ltr'><strong>legum</strong></span> <span class='ocrx_word' id='word_1_43' title='bbox 1473 1261 1595 1344; x_wconf 88' lang='lat' dir='ltr'><strong>doctor,</strong></span> <span class='ocrx_word' id='word_1_44' title='bbox 1620 1261 1908 1347; x_wconf 78' lang='lat' dir='ltr'><strong>decimusquartus.</strong></span> 
     </span>
    </p>

    <p class='ocr_par' dir='ltr' id='par_1_6' title="bbox 446 1367 2171 1565">
     <span class='ocr_line' id='line_1_7' title="bbox 446 1367 2171 1457; baseline -0.003 -21"><span class='ocrx_word' id='word_1_45' title='bbox 446 1371 601 1457; x_wconf 85' lang='lat' dir='ltr'><strong>Magister</strong></span> <span class='ocrx_word' id='word_1_46' title='bbox 624 1371 826 1456; x_wconf 84' lang='lat' dir='ltr'><strong>Augustinus</strong></span> <span class='ocrx_word' id='word_1_47' title='bbox 850 1369 890 1432; x_wconf 93' lang='lat' dir='ltr'><strong>de</strong></span> <span class='ocrx_word' id='word_1_48' title='bbox 910 1369 1057 1454; x_wconf 82' lang='lat' dir='ltr'><strong>Angelis,</strong></span> <span class='ocrx_word' id='word_1_49' title='bbox 1075 1369 1281 1454; x_wconf 83' lang='lat' dir='ltr'><strong>pisaurensis,</strong></span> <span class='ocrx_word' id='word_1_50' title='bbox 1306 1368 1469 1433; x_wconf 88' lang='lat' dir='ltr'><strong>habitator</strong></span> <span class='ocrx_word' id='word_1_51' title='bbox 1491 1367 1647 1450; x_wconf 87' lang='lat' dir='ltr'><strong>Venetiis,</strong></span> <span class='ocrx_word' id='word_1_52' title='bbox 1673 1369 1784 1432; x_wconf 91' lang='lat' dir='ltr'><strong>doctor</strong></span> <span class='ocrx_word' id='word_1_53' title='bbox 1807 1375 1953 1451; x_wconf 80' lang='lat' dir='ltr'><strong>venetus,</strong></span> <span class='ocrx_word' id='word_1_54' title='bbox 1970 1367 2099 1432; x_wconf 90' lang='lat' dir='ltr'><strong>incedat</strong></span> <span class='ocrx_word' id='word_1_55' title='bbox 2121 1389 2171 1431; x_wconf 90' lang='lat' dir='ltr'><strong>se·</strong></span> 
     </span>
     <span class='ocr_line' id='line_1_8' title="bbox 535 1476 2170 1565; baseline -0.003 -21"><span class='ocrx_word' id='word_1_56' title='bbox 535 1478 674 1544; x_wconf 89' lang='lat' dir='ltr'><strong>cundum</strong></span> <span class='ocrx_word' id='word_1_57' title='bbox 698 1486 824 1565; x_wconf 89' lang='lat' dir='ltr'><strong>tempus</strong></span> <span class='ocrx_word' id='word_1_58' title='bbox 848 1478 897 1541; x_wconf 91' lang='lat' dir='ltr'><strong>sui</strong></span> <span class='ocrx_word' id='word_1_59' title='bbox 921 1477 1105 1542; x_wconf 78' lang='lat' dir='ltr'><strong>doctoratus</strong></span> <span class='ocrx_word' id='word_1_60' title='bbox 1133 1476 1376 1562; x_wconf 82' lang='lat' dir='ltr'><strong>assumptionis,</strong></span> <span class='ocrx_word' id='word_1_61' title='bbox 1401 1483 1496 1562; x_wconf 88' lang='lat' dir='ltr'><strong>prout</strong></span> <span class='ocrx_word' id='word_1_62' title='bbox 1520 1497 1618 1562; x_wconf 90' lang='lat' dir='ltr'><strong>snpra</strong></span> <span class='ocrx_word' id='word_1_63' title='bbox 1649 1476 1682 1540; x_wconf 90' lang='lat' dir='ltr'><strong>in</strong></span> <span class='ocrx_word' id='word_1_64' title='bbox 1706 1477 1841 1541; x_wconf 89' lang='lat' dir='ltr'><strong>caeteris</strong></span> <span class='ocrx_word' id='word_1_65' title='bbox 1865 1477 2030 1541; x_wconf 88' lang='lat' dir='ltr'><strong>decretum</strong></span> <span class='ocrx_word' id='word_1_66' title='bbox 2053 1477 2170 1539; x_wconf 82' lang='lat' dir='ltr'><strong>extitit.</strong></span> 
     </span>
    </p>
   </div>
   <div class='ocr_carea' id='block_1_3' title="bbox 358 1688 2174 2635">
    <p class='ocr_par' dir='ltr' id='par_1_7' title="bbox 358 1688 2174 2635">
     <span class='ocr_line' id='line_1_9' title="bbox 445 1688 2172 1776; baseline -0.003 -20"><span class='ocrx_word' id='word_1_67' title='bbox 445 1691 611 1756; x_wconf 87' lang='lat' dir='ltr'><strong>Addentes</strong></span> <span class='ocrx_word' id='word_1_68' title='bbox 634 1692 730 1776; x_wconf 91' lang='lat' dir='ltr'><strong>quod,</strong></span> <span class='ocrx_word' id='word_1_69' title='bbox 747 1691 775 1755; x_wconf 93' lang='lat' dir='ltr'><strong>si</strong></span> <span class='ocrx_word' id='word_1_70' title='bbox 796 1691 866 1776; x_wconf 89' lang='lat' dir='ltr'><strong>quis</strong></span> <span class='ocrx_word' id='word_1_71' title='bbox 890 1690 964 1754; x_wconf 92' lang='lat' dir='ltr'><strong>huic</strong></span> <span class='ocrx_word' id='word_1_72' title='bbox 989 1698 1097 1754; x_wconf 87' lang='lat' dir='ltr'><strong>nostro</strong></span> <span class='ocrx_word' id='word_1_73' title='bbox 1121 1689 1250 1754; x_wconf 89' lang='lat' dir='ltr'><strong>decreto</strong></span> <span class='ocrx_word' id='word_1_74' title='bbox 1274 1690 1509 1772; x_wconf 85' lang='lat' dir='ltr'><strong>contrafecerit,</strong></span> <span class='ocrx_word' id='word_1_75' title='bbox 1533 1691 1675 1755; x_wconf 89' lang='lat' dir='ltr'><strong>incurrat</strong></span> <span class='ocrx_word' id='word_1_76' title='bbox 1699 1689 1738 1753; x_wconf 91' lang='lat' dir='ltr'><strong>de</strong></span> <span class='ocrx_word' id='word_1_77' title='bbox 1763 1689 1848 1755; x_wconf 91' lang='lat' dir='ltr'><strong>facto</strong></span> <span class='ocrx_word' id='word_1_78' title='bbox 1865 1690 1897 1754; x_wconf 93' lang='lat' dir='ltr'><strong>in</strong></span> <span class='ocrx_word' id='word_1_79' title='bbox 1914 1710 2051 1776; x_wconf 91' lang='lat' dir='ltr'><strong>poenam</strong></span> <span class='ocrx_word' id='word_1_80' title='bbox 2068 1688 2172 1774; x_wconf 83' lang='lat' dir='ltr'><strong>vigin-</strong></span> 
     </span>
     <span class='ocr_line' id='line_1_10' title="bbox 359 1796 2172 1884; baseline -0.002 -22"><span class='ocrx_word' id='word_1_81' title='bbox 359 1799 525 1884; x_wconf 90' lang='lat' dir='ltr'><strong>tiquinque</strong></span> <span class='ocrx_word' id='word_1_82' title='bbox 559 1799 749 1863; x_wconf 88' lang='lat' dir='ltr'><strong>ducatorum</strong></span> <span class='ocrx_word' id='word_1_83' title='bbox 780 1804 909 1862; x_wconf 89' lang='lat' dir='ltr'><strong>nostrae</strong></span> <span class='ocrx_word' id='word_1_84' title='bbox 942 1797 1098 1862; x_wconf 81' lang='lat' dir='ltr'><strong>Gamerae</strong></span> <span class='ocrx_word' id='word_1_85' title='bbox 1132 1797 1414 1883; x_wconf 84' lang='lat' dir='ltr'><strong>applicandorum,</strong></span> <span class='ocrx_word' id='word_1_86' title='bbox 1443 1805 1475 1860; x_wconf 91' lang='lat' dir='ltr'><strong>et</strong></span> <span class='ocrx_word' id='word_1_87' title='bbox 1505 1797 1652 1860; x_wconf 89' lang='lat' dir='ltr'><strong>similiter</strong></span> <span class='ocrx_word' id='word_1_88' title='bbox 1682 1797 1806 1882; x_wconf 91' lang='lat' dir='ltr'><strong>quoties</strong></span> <span class='ocrx_word' id='word_1_89' title='bbox 1842 1797 2012 1882; x_wconf 91' lang='lat' dir='ltr'><strong>contigerit</strong></span> <span class='ocrx_word' id='word_1_90' title='bbox 2045 1796 2172 1861; x_wconf 91' lang='lat' dir='ltr'><strong>nomine</strong></span> 
     </span>
     <span class='ocr_line' id='line_1_11' title="bbox 359 1902 2173 1989; baseline -0.001 -21"><span class='ocrx_word' id='word_1_91' title='bbox 359 1913 467 1970; x_wconf 91' lang='lat' dir='ltr'><strong>nostro</strong></span> <span class='ocrx_word' id='word_1_92' title='bbox 492 1926 547 1969; x_wconf 92' lang='lat' dir='ltr'><strong>eos</strong></span> <span class='ocrx_word' id='word_1_93' title='bbox 571 1904 701 1969; x_wconf 80' lang='lat' dir='ltr'><strong>evocari</strong></span> <span class='ocrx_word' id='word_1_94' title='bbox 724 1905 852 1987; x_wconf 89' lang='lat' dir='ltr'><strong>debere,</strong></span> <span class='ocrx_word' id='word_1_95' title='bbox 870 1911 906 1968; x_wconf 92' lang='lat' dir='ltr'><strong>nt</strong></span> <span class='ocrx_word' id='word_1_96' title='bbox 928 1905 1122 1969; x_wconf 79' lang='lat' dir='ltr'><strong>conveniant</strong></span> <span class='ocrx_word' id='word_1_97' title='bbox 1145 1904 1253 1989; x_wconf 93' lang='lat' dir='ltr'><strong>aliquo</strong></span> <span class='ocrx_word' id='word_1_98' title='bbox 1277 1904 1310 1967; x_wconf 90' lang='lat' dir='ltr'><strong>in</strong></span> <span class='ocrx_word' id='word_1_99' title='bbox 1333 1903 1415 1986; x_wconf 88' lang='lat' dir='ltr'><strong>loeo,</strong></span> <span class='ocrx_word' id='word_1_100' title='bbox 1432 1903 1608 1968; x_wconf 91' lang='lat' dir='ltr'><strong>secundum</strong></span> <span class='ocrx_word' id='word_1_101' title='bbox 1628 1903 1714 1988; x_wconf 89' lang='lat' dir='ltr'><strong>quod</strong></span> <span class='ocrx_word' id='word_1_102' title='bbox 1738 1904 1939 1988; x_wconf 89' lang='lat' dir='ltr'><strong>contingeret</strong></span> <span class='ocrx_word' id='word_1_103' title='bbox 1961 1902 2030 1966; x_wconf 89' lang='lat' dir='ltr'><strong>fieri</strong></span> <span class='ocrx_word' id='word_1_104' title='bbox 2054 1902 2093 1967; x_wconf 92' lang='lat' dir='ltr'><strong>de</strong></span> <span class='ocrx_word' id='word_1_105' title='bbox 2118 1923 2173 1966; x_wconf 93' lang='lat' dir='ltr'><strong>no·</strong></span> 
     </span>
     <span class='ocr_line' id='line_1_12' title="bbox 358 2011 2172 2097; baseline -0.002 -21"><span class='ocrx_word' id='word_1_106' title='bbox 358 2020 424 2077; x_wconf 90' lang='lat' dir='ltr'><strong>stro</strong></span> <span class='ocrx_word' id='word_1_107' title='bbox 447 2011 618 2095; x_wconf 89' lang='lat' dir='ltr'><strong>mandato,</strong></span> <span class='ocrx_word' id='word_1_108' title='bbox 642 2013 670 2075; x_wconf 90' lang='lat' dir='ltr'><strong>si</strong></span> <span class='ocrx_word' id='word_1_109' title='bbox 694 2012 765 2097; x_wconf 90' lang='lat' dir='ltr'><strong>quis</strong></span> <span class='ocrx_word' id='word_1_110' title='bbox 789 2033 831 2075; x_wconf 82' lang='lat' dir='ltr'><strong>ex</strong></span> <span class='ocrx_word' id='word_1_111' title='bbox 855 2011 900 2075; x_wconf 91' lang='lat' dir='ltr'><strong>eis</strong></span> <span class='ocrx_word' id='word_1_112' title='bbox 925 2032 988 2076; x_wconf 91' lang='lat' dir='ltr'><strong>non</strong></span> <span class='ocrx_word' id='word_1_113' title='bbox 1013 2011 1229 2097; x_wconf 87' lang='lat' dir='ltr'><strong>comparuerit</strong></span> <span class='ocrx_word' id='word_1_114' title='bbox 1252 2031 1290 2074; x_wconf 91' lang='lat' dir='ltr'><strong>eo</strong></span> <span class='ocrx_word' id='word_1_115' title='bbox 1314 2011 1347 2073; x_wconf 91' lang='lat' dir='ltr'><strong>in</strong></span> <span class='ocrx_word' id='word_1_116' title='bbox 1371 2011 1458 2092; x_wconf 89' lang='lat' dir='ltr'><strong>loeo,</strong></span> <span class='ocrx_word' id='word_1_117' title='bbox 1483 2016 1559 2075; x_wconf 89' lang='lat' dir='ltr'><strong>tnnc</strong></span> <span class='ocrx_word' id='word_1_118' title='bbox 1583 2017 1615 2074; x_wconf 91' lang='lat' dir='ltr'><strong>et</strong></span> <span class='ocrx_word' id='word_1_119' title='bbox 1638 2031 1676 2075; x_wconf 90' lang='lat' dir='ltr'><strong>eo</strong></span> <span class='ocrx_word' id='word_1_120' title='bbox 1701 2031 1798 2092; x_wconf 88' lang='lat' dir='ltr'><strong>casu,</strong></span> <span class='ocrx_word' id='word_1_121' title='bbox 1823 2011 2023 2095; x_wconf 88' lang='lat' dir='ltr'><strong>intelligatur</strong></span> <span class='ocrx_word' id='word_1_122' title='bbox 2046 2016 2172 2074; x_wconf 89' lang='lat' dir='ltr'><strong>contra·</strong></span> 
     </span>
     <span class='ocr_line' id='line_1_13' title="bbox 360 2117 2174 2204; baseline -0.002 -20"><span class='ocrx_word' id='word_1_123' title='bbox 360 2119 486 2185; x_wconf 79' lang='lat' dir='ltr'><strong>venisse</strong></span> <span class='ocrx_word' id='word_1_124' title='bbox 509 2119 584 2183; x_wconf 89' lang='lat' dir='ltr'><strong>huic</strong></span> <span class='ocrx_word' id='word_1_125' title='bbox 609 2125 719 2183; x_wconf 90' lang='lat' dir='ltr'><strong>nostro</strong></span> <span class='ocrx_word' id='word_1_126' title='bbox 743 2119 884 2202; x_wconf 85' lang='lat' dir='ltr'><strong>decreto,</strong></span> <span class='ocrx_word' id='word_1_127' title='bbox 902 2124 934 2181; x_wconf 85' lang='lat' dir='ltr'><strong>et</strong></span> <span class='ocrx_word' id='word_1_128' title='bbox 953 2119 985 2182; x_wconf 92' lang='lat' dir='ltr'><strong>in</strong></span> <span class='ocrx_word' id='word_1_129' title='bbox 1010 2118 1156 2182; x_wconf 90' lang='lat' dir='ltr'><strong>eamdem</strong></span> <span class='ocrx_word' id='word_1_130' title='bbox 1179 2139 1317 2204; x_wconf 91' lang='lat' dir='ltr'><strong>poenam</strong></span> <span class='ocrx_word' id='word_1_131' title='bbox 1341 2118 1523 2200; x_wconf 89' lang='lat' dir='ltr'><strong>iucurrisse,</strong></span> <span class='ocrx_word' id='word_1_132' title='bbox 1541 2117 1601 2180; x_wconf 91' lang='lat' dir='ltr'><strong>nisi</strong></span> <span class='ocrx_word' id='word_1_133' title='bbox 1621 2117 1661 2182; x_wconf 93' lang='lat' dir='ltr'><strong>de</strong></span> <span class='ocrx_word' id='word_1_134' title='bbox 1685 2118 1840 2182; x_wconf 89' lang='lat' dir='ltr'><strong>canonico</strong></span> <span class='ocrx_word' id='word_1_135' title='bbox 1866 2117 2094 2203; x_wconf 90' lang='lat' dir='ltr'><strong>impedimento</strong></span> <span class='ocrx_word' id='word_1_136' title='bbox 2116 2138 2174 2204; x_wconf 87' lang='lat' dir='ltr'><strong>per</strong></span> 
     </span>
     <span class='ocr_line' id='line_1_14' title="bbox 358 2223 2171 2312; baseline -0.002 -21"><span class='ocrx_word' id='word_1_137' title='bbox 358 2227 437 2292; x_wconf 92' lang='lat' dir='ltr'><strong>duos</strong></span> <span class='ocrx_word' id='word_1_138' title='bbox 462 2226 594 2291; x_wconf 93' lang='lat' dir='ltr'><strong>idoneos</strong></span> <span class='ocrx_word' id='word_1_139' title='bbox 618 2233 716 2290; x_wconf 91' lang='lat' dir='ltr'><strong>testes</strong></span> <span class='ocrx_word' id='word_1_140' title='bbox 740 2226 927 2312; x_wconf 88' lang='lat' dir='ltr'><strong>probaverit</strong></span> <span class='ocrx_word' id='word_1_141' title='bbox 951 2225 1080 2290; x_wconf 93' lang='lat' dir='ltr'><strong>domino</strong></span> <span class='ocrx_word' id='word_1_142' title='bbox 1102 2225 1262 2290; x_wconf 88' lang='lat' dir='ltr'><strong>Potestati</strong></span> <span class='ocrx_word' id='word_1_143' title='bbox 1285 2233 1394 2290; x_wconf 90' lang='lat' dir='ltr'><strong>nostro</strong></span> <span class='ocrx_word' id='word_1_144' title='bbox 1419 2225 1558 2288; x_wconf 89' lang='lat' dir='ltr'><strong>civitatis</strong></span> <span class='ocrx_word' id='word_1_145' title='bbox 1581 2223 1720 2306; x_wconf 86' lang='lat' dir='ltr'><strong>Pisauri,</strong></span> <span class='ocrx_word' id='word_1_146' title='bbox 1738 2224 1793 2310; x_wconf 93' lang='lat' dir='ltr'><strong>qui</strong></span> <span class='ocrx_word' id='word_1_147' title='bbox 1815 2246 1874 2311; x_wconf 92' lang='lat' dir='ltr'><strong>pro</strong></span> <span class='ocrx_word' id='word_1_148' title='bbox 1897 2231 2041 2310; x_wconf 90' lang='lat' dir='ltr'><strong>tempore</strong></span> <span class='ocrx_word' id='word_1_149' title='bbox 2065 2223 2171 2306; x_wconf 90' lang='lat' dir='ltr'><strong>fuerit,</strong></span> 
     </span>
     <span class='ocr_line' id='line_1_15' title="bbox 358 2331 2171 2419; baseline -0.002 -21"><span class='ocrx_word' id='word_1_150' title='bbox 358 2334 411 2398; x_wconf 84' lang='lat' dir='ltr'><strong>rel</strong></span> <span class='ocrx_word' id='word_1_151' title='bbox 436 2334 501 2417; x_wconf 92' lang='lat' dir='ltr'><strong>alii,</strong></span> <span class='ocrx_word' id='word_1_152' title='bbox 519 2335 570 2398; x_wconf 90' lang='lat' dir='ltr'><strong>cui</strong></span> <span class='ocrx_word' id='word_1_153' title='bbox 594 2333 818 2397; x_wconf 86' lang='lat' dir='ltr'><strong>mandabimus</strong></span> <span class='ocrx_word' id='word_1_154' title='bbox 842 2333 961 2397; x_wconf 91' lang='lat' dir='ltr'><strong>dictam</strong></span> <span class='ocrx_word' id='word_1_155' title='bbox 985 2332 1206 2419; x_wconf 87' lang='lat' dir='ltr'><strong>probationem</strong></span> <span class='ocrx_word' id='word_1_156' title='bbox 1230 2332 1299 2396; x_wconf 90' lang='lat' dir='ltr'><strong>fieri</strong></span> <span class='ocrx_word' id='word_1_157' title='bbox 1323 2332 1459 2414; x_wconf 88' lang='lat' dir='ltr'><strong>debero;</strong></span> <span class='ocrx_word' id='word_1_158' title='bbox 1484 2338 1516 2395; x_wconf 89' lang='lat' dir='ltr'><strong>et</strong></span> <span class='ocrx_word' id='word_1_159' title='bbox 1537 2331 1672 2417; x_wconf 87' lang='lat' dir='ltr'><strong>quilibet</strong></span> <span class='ocrx_word' id='word_1_160' title='bbox 1694 2331 1795 2417; x_wconf 88' lang='lat' dir='ltr'><strong>possit</strong></span> <span class='ocrx_word' id='word_1_161' title='bbox 1819 2352 1971 2397; x_wconf 88' lang='lat' dir='ltr'><strong>accusare</strong></span> <span class='ocrx_word' id='word_1_162' title='bbox 1995 2337 2027 2395; x_wconf 92' lang='lat' dir='ltr'><strong>et</strong></span> <span class='ocrx_word' id='word_1_163' title='bbox 2050 2331 2171 2396; x_wconf 90' lang='lat' dir='ltr'><strong>denun-</strong></span> 
     </span>
     <span class='ocr_line' id='line_1_16' title="bbox 359 2438 2171 2525; baseline -0.001 -20"><span class='ocrx_word' id='word_1_164' title='bbox 359 2441 929 2525; x_wconf 68' lang='grc'><strong>11111111111111111111111111</strong></span> <span class='ocrx_word' id='word_1_165' title='bbox 950 2441 1134 2525; x_wconf 89' lang='lat' dir='ltr'><strong>juramento</strong></span> <span class='ocrx_word' id='word_1_166' title='bbox 1166 2446 1200 2503; x_wconf 90' lang='lat' dir='ltr'><strong>et</strong></span> <span class='ocrx_word' id='word_1_167' title='bbox 1228 2461 1292 2504; x_wconf 90' lang='lat' dir='ltr'><strong>uno</strong></span> <span class='ocrx_word' id='word_1_168' title='bbox 1323 2439 1407 2505; x_wconf 92' lang='lat' dir='ltr'><strong>bono</strong></span> <span class='ocrx_word' id='word_1_169' title='bbox 1431 2447 1530 2521; x_wconf 87' lang='lat' dir='ltr'><strong>teste;</strong></span> <span class='ocrx_word' id='word_1_170' title='bbox 1555 2445 1587 2502; x_wconf 91' lang='lat' dir='ltr'><strong>et</strong></span> <span class='ocrx_word' id='word_1_171' title='bbox 1615 2439 1736 2503; x_wconf 88' lang='lat' dir='ltr'><strong>haheat</strong></span> <span class='ocrx_word' id='word_1_172' title='bbox 1765 2439 1894 2503; x_wconf 88' lang='lat' dir='ltr'><strong>tertiam</strong></span> <span class='ocrx_word' id='word_1_173' title='bbox 1917 2445 2042 2525; x_wconf 90' lang='lat' dir='ltr'><strong>partem</strong></span> <span class='ocrx_word' id='word_1_174' title='bbox 2067 2438 2171 2504; x_wconf 88' lang='lat' dir='ltr'><strong>diotae</strong></span> 
     </span>
     <span class='ocr_line' id='line_1_17' title="bbox 359 2547 1047 2635; baseline -0.004 -22"><span class='ocrx_word' id='word_1_175' title='bbox 359 2569 482 2635; x_wconf 89' lang='lat' dir='ltr'><strong>poenae</strong></span> <span class='ocrx_word' id='word_1_176' title='bbox 506 2549 539 2612; x_wconf 92' lang='lat' dir='ltr'><strong>in</strong></span> <span class='ocrx_word' id='word_1_177' title='bbox 563 2555 699 2634; x_wconf 88' lang='lat' dir='ltr'><strong>utroque</strong></span> <span class='ocrx_word' id='word_1_178' title='bbox 724 2547 881 2611; x_wconf 91' lang='lat' dir='ltr'><strong>dictorum</strong></span> <span class='ocrx_word' id='word_1_179' title='bbox 905 2568 1047 2611; x_wconf 89' lang='lat' dir='ltr'><strong>casuum.</strong></span> 
     </span>
    </p>
   </div>
   <div class='ocr_carea' id='block_1_4' title="bbox 353 2759 2172 4778">
    <p class='ocr_par' dir='ltr' id='par_1_8' title="bbox 353 2759 2172 4778">
     <span class='ocr_line' id='line_1_18' title="bbox 447 2759 2170 2846; baseline -0.002 -20"><span class='ocrx_word' id='word_1_180' title='bbox 447 2763 486 2826; x_wconf 92' lang='lat' dir='ltr'><strong>In</strong></span> <span class='ocrx_word' id='word_1_181' title='bbox 511 2761 630 2826; x_wconf 85' lang='lat' dir='ltr'><strong>Christi</strong></span> <span class='ocrx_word' id='word_1_182' title='bbox 654 2761 833 2826; x_wconf 86' lang='lat' dir='ltr'><strong>Salvatoris</strong></span> <span class='ocrx_word' id='word_1_183' title='bbox 857 2769 889 2826; x_wconf 90' lang='lat' dir='ltr'><strong>et</strong></span> <span class='ocrx_word' id='word_1_184' title='bbox 912 2761 1044 2826; x_wconf 91' lang='lat' dir='ltr'><strong>Domini</strong></span> <span class='ocrx_word' id='word_1_185' title='bbox 1066 2762 1181 2844; x_wconf 91' lang='lat' dir='ltr'><strong>nostri,</strong></span> <span class='ocrx_word' id='word_1_186' title='bbox 1207 2762 1341 2846; x_wconf 89' lang='lat' dir='ltr'><strong>ejusque</strong></span> <span class='ocrx_word' id='word_1_187' title='bbox 1372 2761 1585 2824; x_wconf 88' lang='lat' dir='ltr'><strong>Beatissimae</strong></span> <span class='ocrx_word' id='word_1_188' title='bbox 1612 2759 1726 2824; x_wconf 86' lang='lat' dir='ltr'><strong>Matris</strong></span> <span class='ocrx_word' id='word_1_189' title='bbox 1750 2760 1894 2846; x_wconf 91' lang='lat' dir='ltr'><strong>Virginis</strong></span> <span class='ocrx_word' id='word_1_190' title='bbox 1923 2759 2046 2824; x_wconf 87' lang='lat' dir='ltr'><strong>Mariae</strong></span> <span class='ocrx_word' id='word_1_191' title='bbox 2070 2761 2170 2824; x_wconf 92' lang='lat' dir='ltr'><strong>nomi-</strong></span> 
     </span>
     <span class='ocr_line' id='line_1_19' title="bbox 357 2866 2172 2954; baseline -0.001 -22"><span class='ocrx_word' id='word_1_192' title='bbox 357 2868 468 2950; x_wconf 92' lang='lat' dir='ltr'><strong>nibus,</strong></span> <span class='ocrx_word' id='word_1_193' title='bbox 495 2890 599 2933; x_wconf 90' lang='lat' dir='ltr'><strong>amen.</strong></span> <span class='ocrx_word' id='word_1_194' title='bbox 624 2869 721 2932; x_wconf 87' lang='lat' dir='ltr'><strong>Anno</strong></span> <span class='ocrx_word' id='word_1_195' title='bbox 745 2890 764 2932; x_wconf 92' lang='lat' dir='ltr'><strong>a</strong></span> <span class='ocrx_word' id='word_1_196' title='bbox 788 2868 966 2932; x_wconf 88' lang='lat' dir='ltr'><strong>Nativitatc</strong></span> <span class='ocrx_word' id='word_1_197' title='bbox 990 2868 1136 2954; x_wconf 90' lang='lat' dir='ltr'><strong>ejusdem</strong></span> <span class='ocrx_word' id='word_1_198' title='bbox 1158 2868 1290 2932; x_wconf 92' lang='lat' dir='ltr'><strong>Domini</strong></span> <span class='ocrx_word' id='word_1_199' title='bbox 1313 2875 1347 2932; x_wconf 90' lang='lat' dir='ltr'><strong>et</strong></span> <span class='ocrx_word' id='word_1_200' title='bbox 1368 2867 1431 2932; x_wconf 93' lang='lat' dir='ltr'><strong>Dei</strong></span> <span class='ocrx_word' id='word_1_201' title='bbox 1455 2869 1557 2932; x_wconf 90' lang='lat' dir='ltr'><strong>nostri</strong></span> <span class='ocrx_word' id='word_1_202' title='bbox 1580 2867 1660 2932; x_wconf 85' lang='lat' dir='ltr'><strong>desu</strong></span> <span class='ocrx_word' id='word_1_203' title='bbox 1688 2867 1807 2932; x_wconf 82' lang='lat' dir='ltr'><strong>Christi</strong></span> <span class='ocrx_word' id='word_1_204' title='bbox 1836 2866 2004 2931; x_wconf 92' lang='lat' dir='ltr'><strong>millesimo</strong></span> <span class='ocrx_word' id='word_1_205' title='bbox 2029 2867 2172 2952; x_wconf 89' lang='lat' dir='ltr'><strong>quatrin-</strong></span> 
     </span>
     <span class='ocr_line' id='line_1_20' title="bbox 356 2973 2172 3061; baseline -0.002 -21"><span class='ocrx_word' id='word_1_206' title='bbox 356 2976 534 3060; x_wconf 85' lang='lat' dir='ltr'><strong>gentesimo</strong></span> <span class='ocrx_word' id='word_1_207' title='bbox 567 2975 775 3061; x_wconf 88' lang='lat' dir='ltr'><strong>nonagesimo</strong></span> <span class='ocrx_word' id='word_1_208' title='bbox 799 2977 912 3058; x_wconf 90' lang='lat' dir='ltr'><strong>tertio,</strong></span> <span class='ocrx_word' id='word_1_209' title='bbox 941 2976 1122 3040; x_wconf 90' lang='lat' dir='ltr'><strong>Indictione</strong></span> <span class='ocrx_word' id='word_1_210' title='bbox 1156 2975 1344 3058; x_wconf 90' lang='lat' dir='ltr'><strong>undecima,</strong></span> <span class='ocrx_word' id='word_1_211' title='bbox 1369 2983 1513 3060; x_wconf 87' lang='lat' dir='ltr'><strong>ternpore</strong></span> <span class='ocrx_word' id='word_1_212' title='bbox 1538 2975 1739 3040; x_wconf 83' lang='lat' dir='ltr'><strong>Sanctissimi</strong></span> <span class='ocrx_word' id='word_1_213' title='bbox 1761 2974 1894 3038; x_wconf 92' lang='lat' dir='ltr'><strong>Domini</strong></span> <span class='ocrx_word' id='word_1_214' title='bbox 1916 2975 2019 3038; x_wconf 92' lang='lat' dir='ltr'><strong>nostri</strong></span> <span class='ocrx_word' id='word_1_215' title='bbox 2040 2973 2172 3038; x_wconf 91' lang='lat' dir='ltr'><strong>Domini</strong></span> 
     </span>
     <span class='ocr_line' id='line_1_21' title="bbox 356 3081 2171 3173; baseline -0.002 -27"><span class='ocrx_word' id='word_1_216' title='bbox 356 3082 537 3173; x_wconf 86' lang='lat' dir='ltr'><strong>Alexandri</strong></span> <span class='ocrx_word' id='word_1_217' title='bbox 559 3083 681 3147; x_wconf 77' lang='lat' dir='ltr'><strong>Divina</strong></span> <span class='ocrx_word' id='word_1_218' title='bbox 704 3083 908 3169; x_wconf 86' lang='lat' dir='ltr'><strong>providentia</strong></span> <span class='ocrx_word' id='word_1_219' title='bbox 931 3083 1043 3168; x_wconf 88' lang='lat' dir='ltr'><strong>Papae</strong></span> <span class='ocrx_word' id='word_1_220' title='bbox 1068 3083 1170 3166; x_wconf 80' lang='lat' dir='ltr'><strong>Sexti,</strong></span> <span class='ocrx_word' id='word_1_221' title='bbox 1192 3089 1224 3146; x_wconf 94' lang='lat' dir='ltr'><strong>et</strong></span> <span class='ocrx_word' id='word_1_222' title='bbox 1247 3082 1298 3146; x_wconf 91' lang='lat' dir='ltr'><strong>die</strong></span> <span class='ocrx_word' id='word_1_223' title='bbox 1321 3082 1479 3167; x_wconf 82' lang='lat' dir='ltr'><strong>vigesima</strong></span> <span class='ocrx_word' id='word_1_224' title='bbox 1502 3083 1614 3168; x_wconf 91' lang='lat' dir='ltr'><strong>quinta</strong></span> <span class='ocrx_word' id='word_1_225' title='bbox 1637 3081 1838 3164; x_wconf 88' lang='lat' dir='ltr'><strong>Decembris,</strong></span> <span class='ocrx_word' id='word_1_226' title='bbox 1855 3082 1888 3145; x_wconf 92' lang='lat' dir='ltr'><strong>in</strong></span> <span class='ocrx_word' id='word_1_227' title='bbox 1909 3081 1961 3145; x_wconf 93' lang='lat' dir='ltr'><strong>die</strong></span> <span class='ocrx_word' id='word_1_228' title='bbox 1985 3081 2171 3146; x_wconf 77' lang='lat' dir='ltr'><strong>Natiuitatis</strong></span> 
     </span>
     <span class='ocr_line' id='line_1_22' title="bbox 355 3187 2172 3276; baseline -0.001 -23"><span class='ocrx_word' id='word_1_229' title='bbox 355 3188 501 3275; x_wconf 90' lang='lat' dir='ltr'><strong>ejusdem</strong></span> <span class='ocrx_word' id='word_1_230' title='bbox 525 3189 704 3254; x_wconf 84' lang='lat' dir='ltr'><strong>Salvatoris</strong></span> <span class='ocrx_word' id='word_1_231' title='bbox 728 3190 848 3272; x_wconf 87' lang='lat' dir='ltr'><strong>nostri,</strong></span> <span class='ocrx_word' id='word_1_232' title='bbox 874 3190 1128 3276; x_wconf 86' lang='lat' dir='ltr'><strong>suprascriptum</strong></span> <span class='ocrx_word' id='word_1_233' title='bbox 1152 3190 1327 3254; x_wconf 90' lang='lat' dir='ltr'><strong>Decretum</strong></span> <span class='ocrx_word' id='word_1_234' title='bbox 1355 3189 1495 3276; x_wconf 88' lang='lat' dir='ltr'><strong>praefati</strong></span> <span class='ocrx_word' id='word_1_235' title='bbox 1525 3189 1732 3254; x_wconf 89' lang='lat' dir='ltr'><strong>illustrissimi</strong></span> <span class='ocrx_word' id='word_1_236' title='bbox 1755 3189 1888 3254; x_wconf 92' lang='lat' dir='ltr'><strong>Domini</strong></span> <span class='ocrx_word' id='word_1_237' title='bbox 1918 3189 2020 3253; x_wconf 92' lang='lat' dir='ltr'><strong>nostri</strong></span> <span class='ocrx_word' id='word_1_238' title='bbox 2050 3187 2172 3252; x_wconf 88' lang='lat' dir='ltr'><strong>editum</strong></span> 
     </span>
     <span class='ocr_line' id='line_1_23' title="bbox 357 3295 2171 3383; baseline -0.001 -23"><span class='ocrx_word' id='word_1_239' title='bbox 357 3318 454 3383; x_wconf 90' lang='lat' dir='ltr'><strong>snper</strong></span> <span class='ocrx_word' id='word_1_240' title='bbox 476 3297 704 3383; x_wconf 87' lang='lat' dir='ltr'><strong>praecedentia</strong></span> <span class='ocrx_word' id='word_1_241' title='bbox 728 3297 931 3362; x_wconf 90' lang='lat' dir='ltr'><strong>dominorum</strong></span> <span class='ocrx_word' id='word_1_242' title='bbox 953 3298 1091 3361; x_wconf 92' lang='lat' dir='ltr'><strong>militum</strong></span> <span class='ocrx_word' id='word_1_243' title='bbox 1116 3304 1148 3361; x_wconf 91' lang='lat' dir='ltr'><strong>et</strong></span> <span class='ocrx_word' id='word_1_244' title='bbox 1172 3297 1356 3378; x_wconf 91' lang='lat' dir='ltr'><strong>doctorum,</strong></span> <span class='ocrx_word' id='word_1_245' title='bbox 1380 3297 1499 3361; x_wconf 90' lang='lat' dir='ltr'><strong>lectum</strong></span> <span class='ocrx_word' id='word_1_246' title='bbox 1521 3303 1554 3361; x_wconf 91' lang='lat' dir='ltr'><strong>et</strong></span> <span class='ocrx_word' id='word_1_247' title='bbox 1577 3297 1776 3383; x_wconf 91' lang='lat' dir='ltr'><strong>publicatum</strong></span> <span class='ocrx_word' id='word_1_248' title='bbox 1800 3296 1861 3360; x_wconf 88' lang='lat' dir='ltr'><strong>fuit</strong></span> <span class='ocrx_word' id='word_1_249' title='bbox 1884 3296 1923 3361; x_wconf 92' lang='lat' dir='ltr'><strong>de</strong></span> <span class='ocrx_word' id='word_1_250' title='bbox 1949 3295 2171 3360; x_wconf 89' lang='lat' dir='ltr'><strong>commissione</strong></span> 
     </span>
     <span class='ocr_line' id='line_1_24' title="bbox 357 3402 2171 3490; baseline -0.001 -22"><span class='ocrx_word' id='word_1_251' title='bbox 357 3410 390 3468; x_wconf 90' lang='lat' dir='ltr'><strong>et</strong></span> <span class='ocrx_word' id='word_1_252' title='bbox 413 3403 565 3468; x_wconf 90' lang='lat' dir='ltr'><strong>mandato</strong></span> <span class='ocrx_word' id='word_1_253' title='bbox 589 3403 729 3490; x_wconf 90' lang='lat' dir='ltr'><strong>praefati</strong></span> <span class='ocrx_word' id='word_1_254' title='bbox 753 3404 960 3468; x_wconf 90' lang='lat' dir='ltr'><strong>illustrissimi</strong></span> <span class='ocrx_word' id='word_1_255' title='bbox 983 3403 1114 3468; x_wconf 92' lang='lat' dir='ltr'><strong>Domini</strong></span> <span class='ocrx_word' id='word_1_256' title='bbox 1138 3405 1240 3468; x_wconf 92' lang='lat' dir='ltr'><strong>nostri</strong></span> <span class='ocrx_word' id='word_1_257' title='bbox 1263 3404 1438 3468; x_wconf 90' lang='lat' dir='ltr'><strong>monitione</strong></span> <span class='ocrx_word' id='word_1_258' title='bbox 1462 3404 1704 3489; x_wconf 88' lang='lat' dir='ltr'><strong>elegantissima</strong></span> <span class='ocrx_word' id='word_1_259' title='bbox 1729 3403 1761 3468; x_wconf 84' lang='lat' dir='ltr'><strong>S.</strong></span> <span class='ocrx_word' id='word_1_260' title='bbox 1778 3402 1810 3467; x_wconf 87' lang='lat' dir='ltr'><strong>J.</strong></span> <span class='ocrx_word' id='word_1_261' title='bbox 1828 3402 2054 3468; x_wconf 89' lang='lat' dir='ltr'><strong>dominationis</strong></span> <span class='ocrx_word' id='word_1_262' title='bbox 2078 3423 2171 3488; x_wconf 90' lang='lat' dir='ltr'><strong>prae-</strong></span> 
     </span>
     <span class='ocr_line' id='line_1_25' title="bbox 357 3509 2171 3598; baseline -0.001 -23"><span class='ocrx_word' id='word_1_263' title='bbox 357 3509 489 3575; x_wconf 87' lang='lat' dir='ltr'><strong>cedente</strong></span> <span class='ocrx_word' id='word_1_264' title='bbox 506 3510 603 3594; x_wconf 87' lang='lat' dir='ltr'><strong>facta,</strong></span> <span class='ocrx_word' id='word_1_265' title='bbox 620 3510 834 3596; x_wconf 84' lang='lat' dir='ltr'><strong>infrascriptis</strong></span> <span class='ocrx_word' id='word_1_266' title='bbox 859 3511 995 3575; x_wconf 90' lang='lat' dir='ltr'><strong>dominis</strong></span> <span class='ocrx_word' id='word_1_267' title='bbox 1019 3511 1203 3575; x_wconf 87' lang='lat' dir='ltr'><strong>doctoribus</strong></span> <span class='ocrx_word' id='word_1_268' title='bbox 1227 3510 1451 3598; x_wconf 91' lang='lat' dir='ltr'><strong>praesentibus</strong></span> <span class='ocrx_word' id='word_1_269' title='bbox 1475 3517 1507 3574; x_wconf 86' lang='lat' dir='ltr'><strong>et</strong></span> <span class='ocrx_word' id='word_1_270' title='bbox 1530 3510 1797 3595; x_wconf 88' lang='lat' dir='ltr'><strong>intelligentibus,</strong></span> <span class='ocrx_word' id='word_1_271' title='bbox 1814 3532 1872 3597; x_wconf 92' lang='lat' dir='ltr'><strong>per</strong></span> <span class='ocrx_word' id='word_1_272' title='bbox 1888 3531 1938 3574; x_wconf 90' lang='lat' dir='ltr'><strong>me</strong></span> <span class='ocrx_word' id='word_1_273' title='bbox 1955 3510 1975 3574; x_wconf 88' lang='lat' dir='ltr'>J</span> <span class='ocrx_word' id='word_1_274' title='bbox 1979 3531 2116 3575; x_wconf 90' lang='lat' dir='ltr'><strong>oannem</strong></span> <span class='ocrx_word' id='word_1_275' title='bbox 2132 3510 2171 3574; x_wconf 93' lang='lat' dir='ltr'><strong>de</strong></span> 
     </span>
     <span class='ocr_line' id='line_1_26' title="bbox 357 3616 2172 3704; baseline -0.001 -22"><span class='ocrx_word' id='word_1_276' title='bbox 357 3617 538 3700; x_wconf 81' lang='lat' dir='ltr'><strong>Germanis,</strong></span> <span class='ocrx_word' id='word_1_277' title='bbox 557 3617 795 3682; x_wconf 89' lang='lat' dir='ltr'><strong>Cancellarium</strong></span> <span class='ocrx_word' id='word_1_278' title='bbox 820 3617 1005 3682; x_wconf 87' lang='lat' dir='ltr'><strong>Communis</strong></span> <span class='ocrx_word' id='word_1_279' title='bbox 1027 3618 1157 3682; x_wconf 90' lang='lat' dir='ltr'><strong>Pisauri</strong></span> <span class='ocrx_word' id='word_1_280' title='bbox 1179 3625 1212 3682; x_wconf 90' lang='lat' dir='ltr'><strong>et</strong></span> <span class='ocrx_word' id='word_1_281' title='bbox 1234 3619 1395 3682; x_wconf 91' lang='lat' dir='ltr'><strong>notarium</strong></span> <span class='ocrx_word' id='word_1_282' title='bbox 1419 3617 1559 3704; x_wconf 90' lang='lat' dir='ltr'><strong>praefati</strong></span> <span class='ocrx_word' id='word_1_283' title='bbox 1581 3617 1789 3681; x_wconf 89' lang='lat' dir='ltr'><strong>illustrissimi</strong></span> <span class='ocrx_word' id='word_1_284' title='bbox 1811 3616 1943 3682; x_wconf 90' lang='lat' dir='ltr'><strong>Domini</strong></span> <span class='ocrx_word' id='word_1_285' title='bbox 1959 3617 1998 3681; x_wconf 91' lang='lat' dir='ltr'><strong>de</strong></span> <span class='ocrx_word' id='word_1_286' title='bbox 2015 3618 2114 3682; x_wconf 80' lang='lat' dir='ltr'><strong>verbo</strong></span> <span class='ocrx_word' id='word_1_287' title='bbox 2130 3617 2172 3681; x_wconf 92' lang='lat' dir='ltr'><strong>ad</strong></span> 
     </span>
     <span class='ocr_line' id='line_1_27' title="bbox 356 3724 2172 3812; baseline 0 -23"><span class='ocrx_word' id='word_1_288' title='bbox 356 3724 491 3789; x_wconf 80' lang='lat' dir='ltr'><strong>verbnm</strong></span> <span class='ocrx_word' id='word_1_289' title='bbox 514 3725 548 3788; x_wconf 92' lang='lat' dir='ltr'><strong>in</strong></span> <span class='ocrx_word' id='word_1_290' title='bbox 572 3725 710 3789; x_wconf 90' lang='lat' dir='ltr'><strong>Camera</strong></span> <span class='ocrx_word' id='word_1_291' title='bbox 734 3724 862 3789; x_wconf 83' lang='lat' dir='ltr'><strong>lardini</strong></span> <span class='ocrx_word' id='word_1_292' title='bbox 887 3725 1053 3790; x_wconf 92' lang='lat' dir='ltr'><strong>domorum</strong></span> <span class='ocrx_word' id='word_1_293' title='bbox 1077 3725 1271 3789; x_wconf 86' lang='lat' dir='ltr'><strong>residentiae</strong></span> <span class='ocrx_word' id='word_1_294' title='bbox 1295 3725 1435 3812; x_wconf 89' lang='lat' dir='ltr'><strong>praefati</strong></span> <span class='ocrx_word' id='word_1_295' title='bbox 1462 3724 1670 3790; x_wconf 89' lang='lat' dir='ltr'><strong>illustrissimi</strong></span> <span class='ocrx_word' id='word_1_296' title='bbox 1700 3724 1831 3789; x_wconf 92' lang='lat' dir='ltr'><strong>Domini</strong></span> <span class='ocrx_word' id='word_1_297' title='bbox 1862 3725 1962 3789; x_wconf 91' lang='lat' dir='ltr'><strong>nostri</strong></span> <span class='ocrx_word' id='word_1_298' title='bbox 1985 3725 2019 3788; x_wconf 92' lang='lat' dir='ltr'><strong>in</strong></span> <span class='ocrx_word' id='word_1_299' title='bbox 2043 3725 2172 3789; x_wconf 88' lang='lat' dir='ltr'><strong>civitate</strong></span> 
     </span>
     <span class='ocr_line' id='line_1_28' title="bbox 353 3830 2171 3919; baseline -0.001 -22"><span class='ocrx_word' id='word_1_300' title='bbox 353 3830 492 3914; x_wconf 87' lang='lat' dir='ltr'><strong>Pisauri,</strong></span> <span class='ocrx_word' id='word_1_301' title='bbox 509 3833 542 3896; x_wconf 92' lang='lat' dir='ltr'><strong>in</strong></span> <span class='ocrx_word' id='word_1_302' title='bbox 558 3832 743 3919; x_wconf 89' lang='lat' dir='ltr'><strong>praesentia</strong></span> <span class='ocrx_word' id='word_1_303' title='bbox 767 3832 925 3896; x_wconf 91' lang='lat' dir='ltr'><strong>dictorum</strong></span> <span class='ocrx_word' id='word_1_304' title='bbox 941 3832 1193 3897; x_wconf 90' lang='lat' dir='ltr'><strong>clarissimorum</strong></span> <span class='ocrx_word' id='word_1_305' title='bbox 1212 3832 1414 3897; x_wconf 91' lang='lat' dir='ltr'><strong>dominorum</strong></span> <span class='ocrx_word' id='word_1_306' title='bbox 1430 3833 1607 3914; x_wconf 91' lang='lat' dir='ltr'><strong>doctorum,</strong></span> <span class='ocrx_word' id='word_1_307' title='bbox 1625 3831 1793 3896; x_wconf 83' lang='lat' dir='ltr'><strong>videlicet:</strong></span> <span class='ocrx_word' id='word_1_308' title='bbox 1811 3832 1959 3917; x_wconf 89' lang='lat' dir='ltr'><strong>magistri</strong></span> <span class='ocrx_word' id='word_1_309' title='bbox 1975 3832 2171 3897; x_wconf 86' lang='lat' dir='ltr'><strong>Zacchariae</strong></span> 
     </span>
     <span class='ocr_line' id='line_1_29' title="bbox 357 3938 2171 4026; baseline -0.001 -23"><span class='ocrx_word' id='word_1_310' title='bbox 357 3939 492 4025; x_wconf 87' lang='lat' dir='ltr'><strong>physici,</strong></span> <span class='ocrx_word' id='word_1_311' title='bbox 518 3938 640 4004; x_wconf 92' lang='lat' dir='ltr'><strong>domini</strong></span> <span class='ocrx_word' id='word_1_312' title='bbox 663 3938 821 4004; x_wconf 87' lang='lat' dir='ltr'><strong>Lndoviei</strong></span> <span class='ocrx_word' id='word_1_313' title='bbox 844 3939 884 4003; x_wconf 91' lang='lat' dir='ltr'><strong>de</strong></span> <span class='ocrx_word' id='word_1_314' title='bbox 909 3939 1095 4025; x_wconf 81' lang='lat' dir='ltr'><strong>Singnaldis</strong></span> <span class='ocrx_word' id='word_1_315' title='bbox 1119 3940 1159 4004; x_wconf 90' lang='lat' dir='ltr'><strong>de</strong></span> <span class='ocrx_word' id='word_1_316' title='bbox 1184 3939 1387 4021; x_wconf 89' lang='lat' dir='ltr'><strong>Candelaria,</strong></span> <span class='ocrx_word' id='word_1_317' title='bbox 1412 3939 1533 4005; x_wconf 91' lang='lat' dir='ltr'><strong>domini</strong></span> <span class='ocrx_word' id='word_1_318' title='bbox 1555 3939 1644 4025; x_wconf 83' lang='lat' dir='ltr'><strong>Dyni</strong></span> <span class='ocrx_word' id='word_1_319' title='bbox 1667 3939 1707 4002; x_wconf 89' lang='lat' dir='ltr'><strong>de</strong></span> <span class='ocrx_word' id='word_1_320' title='bbox 1730 3938 1930 4023; x_wconf 88' lang='lat' dir='ltr'><strong>Zegnarolis,</strong></span> <span class='ocrx_word' id='word_1_321' title='bbox 1948 3939 2069 4026; x_wconf 87' lang='lat' dir='ltr'><strong>domini</strong></span> <span class='ocrx_word' id='word_1_322' title='bbox 2091 3939 2171 4002; x_wconf 79' lang='lat' dir='ltr'><strong>vin-</strong></span> 
     </span>
     <span class='ocr_line' id='line_1_30' title="bbox 357 4044 2171 4133; baseline -0.001 -24"><span class='ocrx_word' id='word_1_323' title='bbox 357 4045 453 4110; x_wconf 90' lang='lat' dir='ltr'><strong>centii</strong></span> <span class='ocrx_word' id='word_1_324' title='bbox 477 4045 516 4109; x_wconf 90' lang='lat' dir='ltr'><strong>de</strong></span> <span class='ocrx_word' id='word_1_325' title='bbox 539 4044 716 4128; x_wconf 81' lang='lat' dir='ltr'><strong>Fidelibns,</strong></span> <span class='ocrx_word' id='word_1_326' title='bbox 734 4045 881 4131; x_wconf 90' lang='lat' dir='ltr'><strong>magistri</strong></span> <span class='ocrx_word' id='word_1_327' title='bbox 904 4045 1047 4133; x_wconf 91' lang='lat' dir='ltr'><strong>Ippoliti,</strong></span> <span class='ocrx_word' id='word_1_328' title='bbox 1064 4046 1186 4111; x_wconf 88' lang='lat' dir='ltr'><strong>domini</strong></span> <span class='ocrx_word' id='word_1_329' title='bbox 1201 4047 1337 4112; x_wconf 83' lang='lat' dir='ltr'><strong>loannis</strong></span> <span class='ocrx_word' id='word_1_330' title='bbox 1358 4045 1515 4111; x_wconf 86' lang='lat' dir='ltr'><strong>Matthiae</strong></span> <span class='ocrx_word' id='word_1_331' title='bbox 1532 4046 1571 4111; x_wconf 92' lang='lat' dir='ltr'><strong>de</strong></span> <span class='ocrx_word' id='word_1_332' title='bbox 1589 4045 1738 4121; x_wconf 78' lang='grc'><strong>11111111,</strong></span> <span class='ocrx_word' id='word_1_333' title='bbox 1755 4045 1902 4130; x_wconf 90' lang='lat' dir='ltr'><strong>magistri</strong></span> <span class='ocrx_word' id='word_1_334' title='bbox 1918 4045 2054 4110; x_wconf 87' lang='lat' dir='ltr'><strong>Joannis</strong></span> <span class='ocrx_word' id='word_1_335' title='bbox 2069 4045 2171 4109; x_wconf 85' lang='lat' dir='ltr'><strong>Fran·</strong></span> 
     </span>
     <span class='ocr_line' id='line_1_31' title="bbox 357 4152 2172 4241; baseline -0.002 -24"><span class='ocrx_word' id='word_1_336' title='bbox 357 4153 433 4217; x_wconf 82' lang='grc'><strong>11111</strong></span> <span class='ocrx_word' id='word_1_337' title='bbox 456 4153 495 4217; x_wconf 88' lang='grc'><strong>(11</strong></span> <span class='ocrx_word' id='word_1_338' title='bbox 520 4152 676 4235; x_wconf 87' lang='lat' dir='ltr'><strong>Arditiis,</strong></span> <span class='ocrx_word' id='word_1_339' title='bbox 701 4154 823 4218; x_wconf 92' lang='lat' dir='ltr'><strong>domini</strong></span> <span class='ocrx_word' id='word_1_340' title='bbox 846 4153 990 4217; x_wconf 82' lang='lat' dir='ltr'><strong>Thomas</strong></span> <span class='ocrx_word' id='word_1_341' title='bbox 1022 4154 1062 4218; x_wconf 89' lang='lat' dir='ltr'><strong>de</strong></span> <span class='ocrx_word' id='word_1_342' title='bbox 1087 4153 1385 4241; x_wconf 78' lang='lat' dir='ltr'><strong>Constantinopoli,</strong></span> <span class='ocrx_word' id='word_1_343' title='bbox 1409 4154 1531 4219; x_wconf 89' lang='lat' dir='ltr'><strong>domini</strong></span> <span class='ocrx_word' id='word_1_344' title='bbox 1554 4153 1634 4218; x_wconf 85' lang='lat' dir='ltr'><strong>Julii</strong></span> <span class='ocrx_word' id='word_1_345' title='bbox 1664 4153 1872 4239; x_wconf 87' lang='lat' dir='ltr'><strong>Magagnini,</strong></span> <span class='ocrx_word' id='word_1_346' title='bbox 1896 4160 1930 4217; x_wconf 90' lang='lat' dir='ltr'><strong>et</strong></span> <span class='ocrx_word' id='word_1_347' title='bbox 1952 4153 2028 4217; x_wconf 89' lang='lat' dir='ltr'><strong>dicti</strong></span> <span class='ocrx_word' id='word_1_348' title='bbox 2052 4152 2172 4217; x_wconf 91' lang='lat' dir='ltr'><strong>domini</strong></span> 
     </span>
     <span class='ocr_line' id='line_1_32' title="bbox 357 4259 2172 4348; baseline 0 -24"><span class='ocrx_word' id='word_1_349' title='bbox 357 4261 478 4345; x_wconf 87' lang='lat' dir='ltr'><strong>Angeli</strong></span> <span class='ocrx_word' id='word_1_350' title='bbox 494 4259 670 4325; x_wconf 89' lang='lat' dir='ltr'><strong>Clementis</strong></span> <span class='ocrx_word' id='word_1_351' title='bbox 686 4261 943 4347; x_wconf 83' lang='lat' dir='ltr'><strong>praedictorum3</strong></span> <span class='ocrx_word' id='word_1_352' title='bbox 959 4262 1184 4347; x_wconf 90' lang='lat' dir='ltr'><strong>praesentibus</strong></span> <span class='ocrx_word' id='word_1_353' title='bbox 1201 4262 1431 4348; x_wconf 87' lang='lat' dir='ltr'><strong>spectabilibus</strong></span> <span class='ocrx_word' id='word_1_354' title='bbox 1448 4268 1481 4325; x_wconf 92' lang='lat' dir='ltr'><strong>et</strong></span> <span class='ocrx_word' id='word_1_355' title='bbox 1496 4261 1682 4326; x_wconf 89' lang='lat' dir='ltr'><strong>clarissimis</strong></span> <span class='ocrx_word' id='word_1_356' title='bbox 1699 4261 1883 4326; x_wconf 89' lang='lat' dir='ltr'><strong>doctoribus</strong></span> <span class='ocrx_word' id='word_1_357' title='bbox 1900 4260 2029 4325; x_wconf 92' lang='lat' dir='ltr'><strong>domino</strong></span> <span class='ocrx_word' id='word_1_358' title='bbox 2045 4259 2066 4324; x_wconf 85' lang='lat' dir='ltr'><strong>J</strong></span> <span class='ocrx_word' id='word_1_359' title='bbox 2069 4280 2172 4324; x_wconf 91' lang='lat' dir='ltr'><strong>oanne</strong></span> 
     </span>
     <span class='ocr_line' id='line_1_33' title="bbox 355 4366 2172 4453; baseline 0.001 -23"><span class='ocrx_word' id='word_1_360' title='bbox 355 4367 529 4432; x_wconf 84' lang='lat' dir='ltr'><strong>Franciseo</strong></span> <span class='ocrx_word' id='word_1_361' title='bbox 554 4367 753 4453; x_wconf 88' lang='lat' dir='ltr'><strong>Capinsaceo</strong></span> <span class='ocrx_word' id='word_1_362' title='bbox 770 4367 809 4431; x_wconf 92' lang='lat' dir='ltr'><strong>de</strong></span> <span class='ocrx_word' id='word_1_363' title='bbox 826 4366 984 4452; x_wconf 87' lang='lat' dir='ltr'><strong>Arimino,</strong></span> <span class='ocrx_word' id='word_1_364' title='bbox 1002 4389 1090 4433; x_wconf 92' lang='lat' dir='ltr'><strong>onor.</strong></span> <span class='ocrx_word' id='word_1_365' title='bbox 1108 4369 1263 4433; x_wconf 92' lang='lat' dir='ltr'><strong>Praetore</strong></span> <span class='ocrx_word' id='word_1_366' title='bbox 1288 4369 1427 4433; x_wconf 88' lang='lat' dir='ltr'><strong>civitatis</strong></span> <span class='ocrx_word' id='word_1_367' title='bbox 1443 4368 1582 4450; x_wconf 90' lang='lat' dir='ltr'><strong>Pisauri,</strong></span> <span class='ocrx_word' id='word_1_368' title='bbox 1599 4368 1727 4433; x_wconf 93' lang='lat' dir='ltr'><strong>domino</strong></span> <span class='ocrx_word' id='word_1_369' title='bbox 1744 4369 1871 4432; x_wconf 85' lang='lat' dir='ltr'><strong>Joanne</strong></span> <span class='ocrx_word' id='word_1_370' title='bbox 1887 4367 1992 4430; x_wconf 82' lang='lat' dir='ltr'><strong>Maria</strong></span> <span class='ocrx_word' id='word_1_371' title='bbox 2009 4368 2048 4432; x_wconf 91' lang='lat' dir='ltr'><strong>de</strong></span> <span class='ocrx_word' id='word_1_372' title='bbox 2068 4367 2172 4453; x_wconf 87' lang='lat' dir='ltr'><strong>Dynis</strong></span> 
     </span>
     <span class='ocr_line' id='line_1_34' title="bbox 357 4475 2171 4562; baseline 0 -24"><span class='ocrx_word' id='word_1_373' title='bbox 357 4475 590 4539; x_wconf 84' lang='lat' dir='ltr'><strong>onor.Vieario</strong></span> <span class='ocrx_word' id='word_1_374' title='bbox 614 4475 758 4560; x_wconf 88' lang='lat' dir='ltr'><strong>generali</strong></span> <span class='ocrx_word' id='word_1_375' title='bbox 782 4475 984 4560; x_wconf 91' lang='lat' dir='ltr'><strong>gabellarum</strong></span> <span class='ocrx_word' id='word_1_376' title='bbox 1010 4476 1195 4541; x_wconf 89' lang='lat' dir='ltr'><strong>Communis</strong></span> <span class='ocrx_word' id='word_1_377' title='bbox 1219 4476 1358 4559; x_wconf 91' lang='lat' dir='ltr'><strong>Pisauri,</strong></span> <span class='ocrx_word' id='word_1_378' title='bbox 1374 4477 1548 4541; x_wconf 79' lang='lat' dir='ltr'><strong>Francisco</strong></span> <span class='ocrx_word' id='word_1_379' title='bbox 1571 4476 1666 4540; x_wconf 92' lang='lat' dir='ltr'><strong>Betio</strong></span> <span class='ocrx_word' id='word_1_380' title='bbox 1690 4477 1845 4562; x_wconf 89' lang='lat' dir='ltr'><strong>magistro</strong></span> <span class='ocrx_word' id='word_1_381' title='bbox 1869 4475 2003 4558; x_wconf 88' lang='lat' dir='ltr'><strong>Domus,</strong></span> <span class='ocrx_word' id='word_1_382' title='bbox 2021 4475 2171 4540; x_wconf 65' lang='grc'><strong>111111-</strong></span> 
     </span>
     <span class='ocr_line' id='line_1_35' title="bbox 356 4582 2172 4670; baseline 0 -24"><span class='ocrx_word' id='word_1_383' title='bbox 356 4582 440 4646; x_wconf 90' lang='lat' dir='ltr'><strong>cisco</strong></span> <span class='ocrx_word' id='word_1_384' title='bbox 465 4583 627 4668; x_wconf 90' lang='lat' dir='ltr'><strong>quondam</strong></span> <span class='ocrx_word' id='word_1_385' title='bbox 651 4582 773 4646; x_wconf 90' lang='lat' dir='ltr'><strong>domini</strong></span> <span class='ocrx_word' id='word_1_386' title='bbox 796 4582 923 4646; x_wconf 88' lang='lat' dir='ltr'><strong>Nicolai</strong></span> <span class='ocrx_word' id='word_1_387' title='bbox 946 4583 986 4647; x_wconf 90' lang='lat' dir='ltr'><strong>de</strong></span> <span class='ocrx_word' id='word_1_388' title='bbox 1009 4583 1144 4666; x_wconf 86' lang='lat' dir='ltr'><strong>Paluda,</strong></span> <span class='ocrx_word' id='word_1_389' title='bbox 1169 4585 1293 4648; x_wconf 81' lang='lat' dir='ltr'><strong>civibus</strong></span> <span class='ocrx_word' id='word_1_390' title='bbox 1322 4590 1354 4648; x_wconf 92' lang='lat' dir='ltr'><strong>et</strong></span> <span class='ocrx_word' id='word_1_391' title='bbox 1382 4583 1617 4648; x_wconf 89' lang='lat' dir='ltr'><strong>habitatoribus</strong></span> <span class='ocrx_word' id='word_1_392' title='bbox 1640 4583 1780 4666; x_wconf 90' lang='lat' dir='ltr'><strong>Pisauri,</strong></span> <span class='ocrx_word' id='word_1_393' title='bbox 1801 4583 1936 4648; x_wconf 91' lang='lat' dir='ltr'><strong>testibus</strong></span> <span class='ocrx_word' id='word_1_394' title='bbox 1961 4584 2001 4647; x_wconf 90' lang='lat' dir='ltr'><strong>ad</strong></span> <span class='ocrx_word' id='word_1_395' title='bbox 2025 4583 2172 4670; x_wconf 90' lang='lat' dir='ltr'><strong>supradi-</strong></span> 
     </span>
     <span class='ocr_line' id='line_1_36' title="bbox 357 4689 1900 4778; baseline 0.001 -25"><span class='ocrx_word' id='word_1_396' title='bbox 357 4695 441 4753; x_wconf 87' lang='lat' dir='ltr'><strong>ctam</strong></span> <span class='ocrx_word' id='word_1_397' title='bbox 464 4689 717 4776; x_wconf 88' lang='lat' dir='ltr'><strong>publicationem</strong></span> <span class='ocrx_word' id='word_1_398' title='bbox 743 4689 901 4753; x_wconf 91' lang='lat' dir='ltr'><strong>dictornm</strong></span> <span class='ocrx_word' id='word_1_399' title='bbox 925 4689 1126 4754; x_wconf 87' lang='lat' dir='ltr'><strong>decretorum</strong></span> <span class='ocrx_word' id='word_1_400' title='bbox 1151 4691 1335 4776; x_wconf 91' lang='lat' dir='ltr'><strong>hujusmodi</strong></span> <span class='ocrx_word' id='word_1_401' title='bbox 1359 4691 1481 4756; x_wconf 85' lang='lat' dir='ltr'><strong>vocatis</strong></span> <span class='ocrx_word' id='word_1_402' title='bbox 1505 4697 1537 4755; x_wconf 90' lang='lat' dir='ltr'><strong>et</strong></span> <span class='ocrx_word' id='word_1_403' title='bbox 1561 4691 1744 4778; x_wconf 82' lang='lat' dir='ltr'><strong>specialiter</strong></span> <span class='ocrx_word' id='word_1_404' title='bbox 1767 4692 1900 4776; x_wconf 86' lang='lat' dir='ltr'><strong>rogatis.</strong></span> 
     </span>
    </p>
   </div>
   <div class='ocr_carea' id='block_1_5' title="bbox 355 4903 2171 5314">
    <p class='ocr_par' dir='ltr' id='par_1_9' title="bbox 355 4903 2171 5208">
     <span class='ocr_line' id='line_1_37' title="bbox 445 4903 2171 4992; baseline 0.001 -24"><span class='ocrx_word' id='word_1_405' title='bbox 445 4903 517 4990; x_wconf 86' lang='lat' dir='ltr'><strong>Ego</strong></span> <span class='ocrx_word' id='word_1_406' title='bbox 541 4904 626 4969; x_wconf 91' lang='lat' dir='ltr'><strong>idem</strong></span> <span class='ocrx_word' id='word_1_407' title='bbox 650 4904 795 4970; x_wconf 73' lang='lat' dir='ltr'><strong>loannes</strong></span> <span class='ocrx_word' id='word_1_408' title='bbox 819 4906 858 4970; x_wconf 94' lang='lat' dir='ltr'><strong>de</strong></span> <span class='ocrx_word' id='word_1_409' title='bbox 884 4905 1064 4988; x_wconf 86' lang='lat' dir='ltr'><strong>Germanis,</strong></span> <span class='ocrx_word' id='word_1_410' title='bbox 1082 4907 1160 4970; x_wconf 83' lang='lat' dir='ltr'><strong>civis</strong></span> <span class='ocrx_word' id='word_1_411' title='bbox 1185 4915 1217 4970; x_wconf 90' lang='lat' dir='ltr'><strong>et</strong></span> <span class='ocrx_word' id='word_1_412' title='bbox 1240 4907 1403 4971; x_wconf 90' lang='lat' dir='ltr'><strong>habitator</strong></span> <span class='ocrx_word' id='word_1_413' title='bbox 1426 4905 1554 4970; x_wconf 91' lang='lat' dir='ltr'><strong>Pisauri</strong></span> <span class='ocrx_word' id='word_1_414' title='bbox 1576 4912 1608 4970; x_wconf 90' lang='lat' dir='ltr'><strong>et</strong></span> <span class='ocrx_word' id='word_1_415' title='bbox 1624 4905 1844 4970; x_wconf 91' lang='lat' dir='ltr'><strong>Cancellarins</strong></span> <span class='ocrx_word' id='word_1_416' title='bbox 1868 4907 2026 4992; x_wconf 89' lang='lat' dir='ltr'><strong>publicus,</strong></span> <span class='ocrx_word' id='word_1_417' title='bbox 2043 4918 2171 4992; x_wconf 88' lang='lat' dir='ltr'><strong>aposto-</strong></span> 
     </span>
     <span class='ocr_line' id='line_1_38' title="bbox 355 5011 2171 5100; baseline 0.002 -26"><span class='ocrx_word' id='word_1_418' title='bbox 355 5011 418 5075; x_wconf 89' lang='lat' dir='ltr'><strong>lica</strong></span> <span class='ocrx_word' id='word_1_419' title='bbox 442 5018 474 5075; x_wconf 91' lang='lat' dir='ltr'><strong>et</strong></span> <span class='ocrx_word' id='word_1_420' title='bbox 497 5012 659 5098; x_wconf 88' lang='lat' dir='ltr'><strong>imperiali</strong></span> <span class='ocrx_word' id='word_1_421' title='bbox 683 5013 876 5078; x_wconf 89' lang='lat' dir='ltr'><strong>auctoritate</strong></span> <span class='ocrx_word' id='word_1_422' title='bbox 905 5014 1066 5098; x_wconf 86' lang='lat' dir='ltr'><strong>notarius,</strong></span> <span class='ocrx_word' id='word_1_423' title='bbox 1091 5014 1264 5100; x_wconf 88' lang='lat' dir='ltr'><strong>praedictis</strong></span> <span class='ocrx_word' id='word_1_424' title='bbox 1297 5015 1444 5078; x_wconf 90' lang='lat' dir='ltr'><strong>omnibns</strong></span> <span class='ocrx_word' id='word_1_425' title='bbox 1468 5021 1500 5078; x_wconf 91' lang='lat' dir='ltr'><strong>et</strong></span> <span class='ocrx_word' id='word_1_426' title='bbox 1523 5013 1676 5098; x_wconf 89' lang='lat' dir='ltr'><strong>singulis,</strong></span> <span class='ocrx_word' id='word_1_427' title='bbox 1701 5021 1735 5077; x_wconf 92' lang='lat' dir='ltr'><strong>ut</strong></span> <span class='ocrx_word' id='word_1_428' title='bbox 1769 5014 1994 5099; x_wconf 91' lang='lat' dir='ltr'><strong>praemittitur,</strong></span> <span class='ocrx_word' id='word_1_429' title='bbox 2019 5035 2171 5100; x_wconf 88' lang='lat' dir='ltr'><strong>praesens</strong></span> 
     </span>
     <span class='ocr_line' id='line_1_39' title="bbox 356 5119 1779 5208; baseline 0.003 -27"><span class='ocrx_word' id='word_1_430' title='bbox 356 5119 412 5201; x_wconf 89' lang='lat' dir='ltr'><strong>fui,</strong></span> <span class='ocrx_word' id='word_1_431' title='bbox 437 5121 869 5204; x_wconf 84' lang='grc'><strong>1111113111111111111,</strong></span> <span class='ocrx_word' id='word_1_432' title='bbox 894 5121 1007 5207; x_wconf 89' lang='lat' dir='ltr'><strong>scripsi</strong></span> <span class='ocrx_word' id='word_1_433' title='bbox 1032 5128 1064 5185; x_wconf 89' lang='lat' dir='ltr'><strong>et</strong></span> <span class='ocrx_word' id='word_1_434' title='bbox 1088 5121 1261 5208; x_wconf 89' lang='lat' dir='ltr'><strong>publicavi,</strong></span> <span class='ocrx_word' id='word_1_435' title='bbox 1287 5123 1478 5208; x_wconf 89' lang='lat' dir='ltr'><strong>signumque</strong></span> <span class='ocrx_word' id='word_1_436' title='bbox 1502 5142 1608 5185; x_wconf 93' lang='lat' dir='ltr'><strong>meum</strong></span> <span class='ocrx_word' id='word_1_437' title='bbox 1634 5121 1779 5207; x_wconf 89' lang='lat' dir='ltr'><strong>opposui.</strong></span> 
     </span>
    </p>

    <p class='ocr_par' dir='ltr' id='par_1_10' title="bbox 1831 5228 2081 5314">
     <span class='ocr_line' id='line_1_40' title="bbox 1831 5228 2081 5314; baseline 0.008 -24"><span class='ocrx_word' id='word_1_438' title='bbox 1831 5228 1917 5293; x_wconf 91' lang='lat' dir='ltr'><strong>Loco</strong></span> <span class='ocrx_word' id='word_1_439' title='bbox 1942 5229 1964 5308; x_wconf 88' lang='lat'><strong>†</strong></span> <span class='ocrx_word' id='word_1_440' title='bbox 1987 5229 2081 5314; x_wconf 88' lang='lat' dir='ltr'><strong>signi.</strong></span> 
     </span>
    </p>
   </div>
   <div class='ocr_carea' id='block_1_6' title="bbox 354 5444 2172 6543">
    <p class='ocr_par' dir='ltr' id='par_1_11' title="bbox 354 5444 2172 6543">
     <span class='ocr_line' id='line_1_41' title="bbox 460 5444 2170 5543; baseline 0.001 -27"><span class='ocrx_word' id='word_1_441' title='bbox 460 5444 529 5518; x_wconf 88' lang='lat' dir='ltr'><strong>IX.</strong></span> <span class='ocrx_word' id='word_1_442' title='bbox 559 5444 617 5516; x_wconf 86' lang='lat' dir='ltr'><strong>Ita</strong></span> <span class='ocrx_word' id='word_1_443' title='bbox 645 5454 765 5516; x_wconf 91' lang='lat' dir='ltr'><strong>autem</strong></span> <span class='ocrx_word' id='word_1_444' title='bbox 792 5444 1099 5543; x_wconf 85' lang='lat' dir='ltr'><strong>Diplovataccinm</strong></span> <span class='ocrx_word' id='word_1_445' title='bbox 1129 5447 1286 5519; x_wconf 82' lang='lat' dir='ltr'><strong>loannes</strong></span> <span class='ocrx_word' id='word_1_446' title='bbox 1316 5446 1448 5518; x_wconf 88' lang='lat' dir='ltr'><strong>Sfortia</strong></span> <span class='ocrx_word' id='word_1_447' title='bbox 1477 5445 1624 5518; x_wconf 88' lang='lat' dir='ltr'><strong>charum</strong></span> <span class='ocrx_word' id='word_1_448' title='bbox 1652 5445 1791 5542; x_wconf 90' lang='lat' dir='ltr'><strong>habuit,</strong></span> <span class='ocrx_word' id='word_1_449' title='bbox 1814 5455 1852 5518; x_wconf 92' lang='grc'><strong>11</strong></span> <span class='ocrx_word' id='word_1_450' title='bbox 1880 5447 1926 5518; x_wconf 91' lang='lat' dir='ltr'><strong>ad</strong></span> <span class='ocrx_word' id='word_1_451' title='bbox 1955 5447 2031 5542; x_wconf 86' lang='lat' dir='ltr'><strong>ejus</strong></span> <span class='ocrx_word' id='word_1_452' title='bbox 2059 5447 2170 5518; x_wconf 92' lang='lat' dir='ltr'><strong>domi-</strong></span> 
     </span>
     <span class='ocr_line' id='line_1_42' title="bbox 355 5567 2170 5667; baseline 0.002 -28"><span class='ocrx_word' id='word_1_453' title='bbox 355 5567 473 5640; x_wconf 89' lang='lat' dir='ltr'><strong>cilium</strong></span> <span class='ocrx_word' id='word_1_454' title='bbox 509 5569 651 5641; x_wconf 82' lang='lat' dir='ltr'><strong>Pisauri</strong></span> <span class='ocrx_word' id='word_1_455' title='bbox 685 5567 897 5642; x_wconf 90' lang='lat' dir='ltr'><strong>firmandnm</strong></span> <span class='ocrx_word' id='word_1_456' title='bbox 934 5595 1077 5667; x_wconf 91' lang='lat' dir='ltr'><strong>operam</strong></span> <span class='ocrx_word' id='word_1_457' title='bbox 1114 5571 1251 5644; x_wconf 87' lang='lat' dir='ltr'><strong>dederit</strong></span> <span class='ocrx_word' id='word_1_458' title='bbox 1295 5579 1333 5643; x_wconf 91' lang='lat' dir='ltr'><strong>ut</strong></span> <span class='ocrx_word' id='word_1_459' title='bbox 1369 5571 1580 5643; x_wconf 89' lang='lat' dir='ltr'><strong>Franciscus</strong></span> <span class='ocrx_word' id='word_1_460' title='bbox 1615 5571 1768 5664; x_wconf 87' lang='lat' dir='ltr'><strong>Bezius,</strong></span> <span class='ocrx_word' id='word_1_461' title='bbox 1800 5570 1926 5646; x_wconf 90' lang='lat' dir='ltr'><strong>nobilis</strong></span> <span class='ocrx_word' id='word_1_462' title='bbox 1963 5571 2170 5644; x_wconf 84' lang='lat' dir='ltr'><strong>florentinus</strong></span> 
     </span>
     <span class='ocr_line' id='line_1_43' title="bbox 354 5691 2170 5793; baseline 0.002 -29"><span class='ocrx_word' id='word_1_463' title='bbox 354 5691 587 5766; x_wconf 91' lang='lat' dir='ltr'><strong>Catharinam</strong></span> <span class='ocrx_word' id='word_1_464' title='bbox 615 5719 636 5766; x_wconf 91' lang='lat' dir='ltr'><strong>a</strong></span> <span class='ocrx_word' id='word_1_465' title='bbox 665 5693 774 5766; x_wconf 83' lang='lat' dir='ltr'><strong>Curta</strong></span> <span class='ocrx_word' id='word_1_466' title='bbox 804 5694 1003 5791; x_wconf 83' lang='lat' dir='ltr'><strong>privignam</strong></span> <span class='ocrx_word' id='word_1_467' title='bbox 1032 5720 1180 5792; x_wconf 89' lang='lat' dir='ltr'><strong>eamque</strong></span> <span class='ocrx_word' id='word_1_468' title='bbox 1210 5696 1444 5793; x_wconf 86' lang='lat' dir='ltr'><strong>praedivitem</strong></span> <span class='ocrx_word' id='word_1_469' title='bbox 1471 5696 1598 5793; x_wconf 89' lang='lat' dir='ltr'><strong>nuptui</strong></span> <span class='ocrx_word' id='word_1_470' title='bbox 1618 5696 1718 5768; x_wconf 89' lang='lat' dir='ltr'><strong>daret</strong></span> <span class='ocrx_word' id='word_1_471' title='bbox 1738 5695 1896 5768; x_wconf 83' lang='lat' dir='ltr'><strong>Thomas</strong></span> <span class='ocrx_word' id='word_1_472' title='bbox 1916 5705 2055 5791; x_wconf 77' lang='lat' dir='ltr'><strong>nostro,</strong></span> <span class='ocrx_word' id='word_1_473' title='bbox 2077 5697 2170 5793; x_wconf 92' lang='lat' dir='ltr'><strong>quod</strong></span> 
     </span>
     <span class='ocr_line' id='line_1_44' title="bbox 355 5817 2170 5916; baseline 0.002 -28"><span class='ocrx_word' id='word_1_474' title='bbox 355 5817 497 5913; x_wconf 90' lang='lat' dir='ltr'><strong>quidem</strong></span> <span class='ocrx_word' id='word_1_475' title='bbox 526 5817 676 5891; x_wconf 79' lang='lat' dir='ltr'><strong>feliciter</strong></span> <span class='ocrx_word' id='word_1_476' title='bbox 704 5819 853 5914; x_wconf 89' lang='lat' dir='ltr'><strong>contigit</strong></span> <span class='ocrx_word' id='word_1_477' title='bbox 890 5819 926 5891; x_wconf 93' lang='lat' dir='ltr'><strong>in</strong></span> <span class='ocrx_word' id='word_1_478' title='bbox 963 5821 1126 5916; x_wconf 90' lang='lat' dir='ltr'><strong>sequenti</strong></span> <span class='ocrx_word' id='word_1_479' title='bbox 1160 5845 1252 5894; x_wconf 91' lang='lat' dir='ltr'><strong>anno</strong></span> <span class='ocrx_word' id='word_1_480' title='bbox 1288 5819 1707 5893; x_wconf 83' lang='lat' dir='ltr'><strong>thCCCLXXXXlV.</strong></span> <span class='ocrx_word' id='word_1_481' title='bbox 1739 5820 1829 5892; x_wconf 92' lang='lat' dir='ltr'><strong>Cum</strong></span> <span class='ocrx_word' id='word_1_482' title='bbox 1866 5830 1986 5893; x_wconf 90' lang='lat' dir='ltr'><strong>autem</strong></span> <span class='ocrx_word' id='word_1_483' title='bbox 2022 5822 2170 5894; x_wconf 91' lang='lat' dir='ltr'><strong>Pisaurc</strong></span> 
     </span>
     <span class='ocr_line' id='line_1_45' title="bbox 354 5940 2169 6042; baseline 0.003 -29"><span class='ocrx_word' id='word_1_484' title='bbox 354 5940 475 6037; x_wconf 86' lang='lat' dir='ltr'><strong>pulsus</strong></span> <span class='ocrx_word' id='word_1_485' title='bbox 506 5943 632 6016; x_wconf 86' lang='lat' dir='ltr'><strong>deinde</strong></span> <span class='ocrx_word' id='word_1_486' title='bbox 662 5943 787 6016; x_wconf 87' lang='lat' dir='ltr'><strong>fuisset</strong></span> <span class='ocrx_word' id='word_1_487' title='bbox 814 5944 983 6040; x_wconf 85' lang='lat' dir='ltr'><strong>Joannes‚</strong></span> <span class='ocrx_word' id='word_1_488' title='bbox 1005 5969 1113 6042; x_wconf 89' lang='lat' dir='ltr'><strong>opera</strong></span> <span class='ocrx_word' id='word_1_489' title='bbox 1137 5945 1235 6017; x_wconf 90' lang='lat' dir='ltr'><strong>ducis</strong></span> <span class='ocrx_word' id='word_1_490' title='bbox 1260 5944 1461 6041; x_wconf 80' lang='lat' dir='ltr'><strong>Valentini,</strong></span> <span class='ocrx_word' id='word_1_491' title='bbox 1482 5944 1569 6018; x_wconf 92' lang='lat' dir='ltr'><strong>nihil</strong></span> <span class='ocrx_word' id='word_1_492' title='bbox 1598 5946 1698 6018; x_wconf 87' lang='lat' dir='ltr'><strong>triste</strong></span> <span class='ocrx_word' id='word_1_493' title='bbox 1727 5945 1855 6017; x_wconf 91' lang='lat' dir='ltr'><strong>accidit</strong></span> <span class='ocrx_word' id='word_1_494' title='bbox 1883 5945 2169 6042; x_wconf 85' lang='lat' dir='ltr'><strong>Diplovataccio;</strong></span> 
     </span>
     <span class='ocr_line' id='line_1_46' title="bbox 355 6066 2171 6169; baseline 0.003 -30"><span class='ocrx_word' id='word_1_495' title='bbox 355 6066 425 6140; x_wconf 92' lang='lat' dir='ltr'><strong>imo</strong></span> <span class='ocrx_word' id='word_1_496' title='bbox 454 6092 536 6140; x_wconf 92' lang='lat' dir='ltr'><strong>eum</strong></span> <span class='ocrx_word' id='word_1_497' title='bbox 564 6068 756 6140; x_wconf 89' lang='lat' dir='ltr'><strong>honoribus</strong></span> <span class='ocrx_word' id='word_1_498' title='bbox 785 6069 885 6140; x_wconf 81' lang='lat' dir='ltr'><strong>auxit</strong></span> <span class='ocrx_word' id='word_1_499' title='bbox 913 6094 1025 6142; x_wconf 86' lang='lat' dir='ltr'><strong>novus</strong></span> <span class='ocrx_word' id='word_1_500' title='bbox 1055 6070 1230 6168; x_wconf 84' lang='lat' dir='ltr'><strong>princeps,</strong></span> <span class='ocrx_word' id='word_1_501' title='bbox 1251 6071 1393 6143; x_wconf 83' lang='lat' dir='ltr'><strong>virtutis</strong></span> <span class='ocrx_word' id='word_1_502' title='bbox 1422 6071 1499 6167; x_wconf 87' lang='lat' dir='ltr'><strong>ejus</strong></span> <span class='ocrx_word' id='word_1_503' title='bbox 1528 6079 1563 6143; x_wconf 89' lang='lat' dir='ltr'><strong>et</strong></span> <span class='ocrx_word' id='word_1_504' title='bbox 1592 6071 1773 6143; x_wconf 88' lang='lat' dir='ltr'><strong>doctrinae</strong></span> <span class='ocrx_word' id='word_1_505' title='bbox 1802 6096 1921 6144; x_wconf 94' lang='lat' dir='ltr'><strong>amore</strong></span> <span class='ocrx_word' id='word_1_506' title='bbox 1942 6079 2077 6169; x_wconf 88' lang='lat' dir='ltr'><strong>captus.</strong></span> <span class='ocrx_word' id='word_1_507' title='bbox 2099 6071 2171 6144; x_wconf 87' lang='lat' dir='ltr'><strong>Re-</strong></span> 
     </span>
     <span class='ocr_line' id='line_1_47' title="bbox 356 6193 2171 6292; baseline 0.004 -29"><span class='ocrx_word' id='word_1_508' title='bbox 356 6201 525 6289; x_wconf 90' lang='lat' dir='ltr'><strong>cuperatc</strong></span> <span class='ocrx_word' id='word_1_509' title='bbox 554 6219 574 6266; x_wconf 88' lang='lat' dir='ltr'><strong>a</strong></span> <span class='ocrx_word' id='word_1_510' title='bbox 604 6193 743 6266; x_wconf 87' lang='lat' dir='ltr'><strong>Joanne</strong></span> <span class='ocrx_word' id='word_1_511' title='bbox 772 6193 919 6280; x_wconf 77' lang='lat' dir='ltr'><strong>Sfortia</strong></span> <span class='ocrx_word' id='word_1_512' title='bbox 931 6196 1079 6292; x_wconf 90' lang='lat' dir='ltr'><strong>imperio</strong></span> <span class='ocrx_word' id='word_1_513' title='bbox 1117 6204 1197 6292; x_wconf 90' lang='lat' dir='ltr'><strong>post</strong></span> <span class='ocrx_word' id='word_1_514' title='bbox 1234 6206 1385 6269; x_wconf 90' lang='lat' dir='ltr'><strong>mortem</strong></span> <span class='ocrx_word' id='word_1_515' title='bbox 1414 6194 1613 6270; x_wconf 85' lang='lat' dir='ltr'><strong>Alexandri</strong></span> <span class='ocrx_word' id='word_1_516' title='bbox 1641 6196 1723 6292; x_wconf 71' lang='lat' dir='ltr'><strong>PL,</strong></span> <span class='ocrx_word' id='word_1_517' title='bbox 1754 6195 1910 6270; x_wconf 84' lang='lat' dir='ltr'><strong>Thomas</strong></span> <span class='ocrx_word' id='word_1_518' title='bbox 1938 6197 2062 6270; x_wconf 91' lang='lat' dir='ltr'><strong>eodem</strong></span> <span class='ocrx_word' id='word_1_519' title='bbox 2095 6196 2171 6270; x_wconf 90' lang='lat' dir='ltr'><strong>loco</strong></span> 
     </span>
     <span class='ocr_line' id='line_1_48' title="bbox 356 6316 2172 6420; baseline 0.003 -31"><span class='ocrx_word' id='word_1_520' title='bbox 356 6316 424 6389; x_wconf 91' lang='lat' dir='ltr'><strong>fnit</strong></span> <span class='ocrx_word' id='word_1_521' title='bbox 452 6318 546 6415; x_wconf 90' lang='lat' dir='ltr'><strong>apud</strong></span> <span class='ocrx_word' id='word_1_522' title='bbox 575 6318 709 6415; x_wconf 74' lang='lat' dir='ltr'><strong>ipsum,</strong></span> <span class='ocrx_word' id='word_1_523' title='bbox 740 6319 833 6415; x_wconf 92' lang='lat' dir='ltr'><strong>quod</strong></span> <span class='ocrx_word' id='word_1_524' title='bbox 863 6319 1004 6416; x_wconf 92' lang='lat' dir='ltr'><strong>quidem</strong></span> <span class='ocrx_word' id='word_1_525' title='bbox 1033 6321 1227 6394; x_wconf 84' lang='lat' dir='ltr'><strong>maximum</strong></span> <span class='ocrx_word' id='word_1_526' title='bbox 1264 6345 1341 6394; x_wconf 86' lang='lat' dir='ltr'><strong>esse</strong></span> <span class='ocrx_word' id='word_1_527' title='bbox 1378 6321 1483 6394; x_wconf 89' lang='lat' dir='ltr'><strong>debet</strong></span> <span class='ocrx_word' id='word_1_528' title='bbox 1520 6321 1596 6417; x_wconf 91' lang='lat' dir='ltr'><strong>ejus</strong></span> <span class='ocrx_word' id='word_1_529' title='bbox 1633 6321 1848 6416; x_wconf 86' lang='lat' dir='ltr'><strong>integritatis</strong></span> <span class='ocrx_word' id='word_1_530' title='bbox 1885 6346 1927 6395; x_wconf 90' lang='lat' dir='ltr'><strong>ac</strong></span> <span class='ocrx_word' id='word_1_531' title='bbox 1964 6323 2172 6420; x_wconf 90' lang='lat' dir='ltr'><strong>prudentiae</strong></span> 
     </span>
     <span class='ocr_line' id='line_1_49' title="bbox 357 6421 2171 6543; baseline 0.003 -30"><span class='ocrx_word' id='word_1_532' title='bbox 357 6442 608 6516; x_wconf 87' lang='lat' dir='ltr'><strong>testimonium.</strong></span> <span class='ocrx_word' id='word_1_533' title='bbox 640 6443 708 6516; x_wconf 81' lang='lat' dir='ltr'><strong>Sed</strong></span> <span class='ocrx_word' id='word_1_534' title='bbox 738 6444 906 6541; x_wconf 89' lang='lat' dir='ltr'><strong>principis</strong></span> <span class='ocrx_word' id='word_1_535' title='bbox 934 6446 1087 6539; x_wconf 88' lang='lat' dir='ltr'><strong>gratiam</strong></span> <span class='ocrx_word' id='word_1_536' title='bbox 1120 6446 1295 6518; x_wconf 89' lang='lat' dir='ltr'><strong>amicitiae</strong></span> <span class='ocrx_word' id='word_1_537' title='bbox 1332 6447 1478 6543; x_wconf 89' lang='lat' dir='ltr'><strong>ejusque</strong></span> <span class='ocrx_word' id='word_1_538' title='bbox 1515 6421 1638 6519; x_wconf 74' lang='lat' dir='ltr'><strong>officiis</strong></span> <span class='ocrx_word' id='word_1_539' title='bbox 1667 6447 1809 6520; x_wconf 92' lang='lat' dir='ltr'><strong>minime</strong></span> <span class='ocrx_word' id='word_1_540' title='bbox 1838 6446 2014 6519; x_wconf 89' lang='lat' dir='ltr'><strong>antetulit.</strong></span> <span class='ocrx_word' id='word_1_541' title='bbox 2045 6447 2171 6542; x_wconf 89' lang='lat' dir='ltr'><strong>ltaque</strong></span> 
     </span>
    </p>
   </div>
   <div class='ocr_carea' id='block_1_7' title="bbox 0 0 2750 7749">
    <p class='ocr_par' dir='ltr' id='par_1_12' title="bbox 0 0 2750 7749">
     <span class='ocr_line' id='line_1_50' title="bbox 0 0 2750 7749; baseline 0 0"><span class='ocrx_word' id='word_1_542' title='bbox 0 0 2750 7749; x_wconf 95' lang='lat' dir='ltr'><strong> </strong></span> 
     </span>
    </p>
   </div>
  </div>
 </body>
</html>
