5492 7750
609 634 657 704 46
1392 653 1632 704 nonuunurn

610 809 769 875 Johaunis
793 817 825 873 et
850 831 869 872 a
892 809 978 874 dicta
1001 808 1233 890 Universitate,
1257 808 1299 872 ad
1323 807 1577 872 confirmandum
1601 815 1632 872 et
1656 808 1880 873 ratificandum
1905 815 1937 873 et
1959 809 2001 873 ad
2025 809 2270 895 approbandum
2294 832 2426 898 conpro-

610 918 727 982 misnm
757 916 880 981 factum
910 937 969 1002 per
992 915 1156 980 dominum
1179 915 1396 981 Arimundum
1422 915 1612 1002 predictum,
1637 915 1836 980 Potestatem
1856 895 1951 981 ’dicte
1982 924 2084 1000 terre,
2109 923 2141 981 et
2164 916 2364 1004 Rayuerium
2387 919 2427 984 de

610 1027 777 1108 Albirolis,
795 1025 963 1110 syndicum
988 1023 1064 1088 dicti
1088 1024 1240 1088 Comunis
1264 1045 1305 1087 ex
1328 1045 1393 1088 uua
1417 1030 1518 1110 parte,
1541 1024 1669 1088 nemine
1693 1023 1770 1088 dicti
1794 1024 1946 1089 Comunis
1970 1032 2002 1088 ct
2025 1025 2145 1088 dictum
2169 1026 2334 1090 dominum
2358 1027 2427 1092 Cir·

610 1155 731 1216 secum,
755 1132 975 1196 venerabilem
998 1131 1149 1196 abbatem
1172 1132 1360 1216 monasterij
1384 1132 1611 1214 nonantulani,
1636 1139 1669 1196 et
1690 1153 1709 1194 a
1732 1132 1872 1218 dompne
1895 1131 2030 1217 Pagauo
2058 1131 2191 1217 syndico
2215 1133 2292 1198 dieti
2315 1155 2425 1200 mona·

610 1240 699 1324 sterij
724 1261 765 1304 ex
788 1239 863 1322 alia,
880 1238 1009 1302 nomine
1032 1237 1109 1301 dicti
1132 1237 1331 1321 monasterij,
1353 1237 1475 1302 iactum
1498 1238 1531 1302 in
1554 1237 1700 1302 dominos
1722 1237 1942 1324 Benapartem
1959 1244 1991 1301 et
2012 1237 2262 1323 Sineuomiucm,
2279 1239 2426 1306 doctores

608 1349 746 1434 Legum,
762 1353 799 1411 ut
815 1353 950 1434 apparet
966 1346 1005 1410 de
1023 1346 1193 1431 syndieatu
1217 1367 1259 1410 ex
1282 1347 1494 1409 instrumento
1518 1345 1637 1431 scripto
1661 1367 1758 1409 manu
1774 1344 1904 1430 Virgilij
1926 1345 1965 1410 de
1982 1345 2138 1411 Albirolis
2155 1349 2282 1430 notarii,
2297 1350 2334 1432 ju
2353 1370 2425 1434 pre·

609 1455 713 1519 sentia
737 1454 896 1518 dictorum
919 1453 1049 1518 testium
1073 1461 1105 1517 et
1127 1453 1286 1517 dictorum
1307 1453 1465 1516 arbitrum
1488 1459 1520 1516 ct
1541 1453 1770 1517 arbitratorum
1786 1459 1818 1516 et
1834 1452 1912 1516 dicti
1927 1453 2059 1541 dompni
2075 1453 2284 1537 Lausrauehi,
2301 1455 2426 1540 syndici

609 1564 685 1627 dicti
709 1561 907 1646 monasterij,
924 1560 1105 1643 ratificavit,
1123 1559 1293 1646 aprobavit
1316 1566 1349 1623 et
1372 1560 1573 1624 confirmavit
1596 1560 1725 1624 nomine
1749 1559 1826 1623 dieti
1850 1559 2002 1624 Oornunis
2019 1567 2051 1624 et
2071 1561 2169 1625 totius
2185 1561 2424 1646 Universitatis,

609 1669 846 1756 conpromisum
870 1669 991 1732 factum
1015 1668 1047 1732 in
1070 1666 1231 1754 predictos
1255 1665 1411 1748 dominos,
1427 1687 1524 1752 super
1548 1665 1725 1752 questione,
1742 1685 1804 1750 qne
1828 1665 1964 1730 vertitur
1986 1666 2070 1730 inter
2086 1667 2264 1753 predictum
2281 1669 2425 1734 Comune

608 1799 650 1841 ex
673 1798 738 1840 una
760 1781 864 1862 parte,
888 1781 920 1838 et
943 1775 1064 1839 dictum
1087 1774 1317 1838 monasterium
1340 1795 1382 1837 ex
1406 1773 1485 1855 alia,
1510 1779 1546 1838 ut
1568 1780 1681 1859 aparet
1704 1774 1743 1837 de
1767 1775 1969 1860 conpromiso
1993 1774 2112 1860 scripto
2136 1795 2234 1839 manu
2258 1777 2321 1840 mei
2344 1776 2423 1840 Ala-

608 1883 719 1948 manni
742 1882 860 1947 notarii
880 1881 1090 1967 jafraseripti,
1116 1888 1148 1945 et
1171 1879 1250 1945 illud
1274 1880 1512 1966 conpromisum
1536 1888 1567 1944 et
1591 1881 1698 1945 ornnia
1723 1902 1783 1964 que
1809 1880 1841 1944 in
1865 1879 1950 1944 dieto
1979 1881 2180 1966 conpromiso
2211 1883 2424 1966 continentur,

608 1991 677 2055 vult
700 1991 821 2055 habere
844 1989 942 2054 robur
966 1995 998 2052 et
1021 1988 1223 2074 plenisimam
1247 1988 1450 2072 firmitatem3
1473 1994 1506 2052 et
1529 2009 1639 2052 omnes
1663 1988 1874 2074 promisiones
1905 1987 2008 2052 iactas
2039 1988 2190 2074 predictis
2215 1989 2344 2054 arbitris
2367 2011 2425 2054 seu

608 2098 855 2162 arbitratoribus
879 2104 911 2160 et
934 2097 1032 2160 etiam
1054 2094 1199 2182 predicto
1222 2095 1361 2181 dompno
1386 2095 1521 2180 Pagano
1546 2095 1667 2160 sindico
1692 2102 1723 2159 et
1747 2095 1857 2159 abbati
1882 2094 2012 2159 Circaeo
2037 2095 2190 2182 predicto.

696 2204 740 2269 Et
764 2225 824 2290 ego
847 2204 1050 2269 Alamannus
1072 2202 1112 2266 de
1133 2201 1293 2285 Floranis,
1311 2203 1502 2266 auctoritate
1519 2202 1678 2288 imperiali
1697 2202 1861 2284 Notarius,
1878 2202 1929 2266 his
1945 2202 2093 2266 omnibus
2109 2203 2250 2286 interfui,
2267 2210 2299 2267 et
2316 2225 2335 2267 a
2351 2227 2423 2290 pre-

608 2313 700 2377 dictis
724 2311 1015 2400 oonpromisoribus
1038 2316 1071 2374 et
1093 2310 1320 2395 fidejusoribus
1344 2317 1376 2374 et
1399 2310 1529 2374 arbitris
1552 2331 1609 2374 seu
1632 2309 1879 2374 arbitratoribus
1902 2317 2035 2394 rogatus
2059 2310 2213 2392 seribere,
2238 2312 2368 2397 scripsi,
2393 2319 2424 2376 et

607 2442 658 2484 me
682 2419 867 2505 subscripsi.

696 2526 735 2590 In
763 2526 892 2590 nomine
922 2524 1031 2589 Patris
1063 2532 1095 2587 et
1118 2524 1195 2608 Filij
1226 2531 1258 2588 et
1292 2525 1431 2610 Spiritus
1463 2524 1590 2606 Sancti,
1615 2544 1720 2588 amen.
1743 2523 1797 2588 Ad
1827 2523 1982 2588 honorem
2006 2523 2069 2587 Dei
2097 2531 2129 2588 et
2152 2523 2254 2589 Beate
2277 2525 2423 2611 Virginis

606 2633 725 2716 Marie,
748 2654 806 2698 nos
829 2632 1000 2719 Bouapars
1024 2639 1057 2697 et
1086 2631 1300 2714 Sinenomen,
1324 2631 1471 2695 doctores
1502 2631 1645 2716 Legum,
1676 2631 1788 2694 arbitri
1819 2637 1851 2694 et
1883 2631 2091 2694 arbitratores
2125 2653 2181 2696 seu
2214 2632 2423 2698 amichabiles

606 2741 852 2826 eonpossitores,
869 2739 964 2803 electi
987 2761 1006 2802 a
1029 2739 1168 2824 dompno
1194 2738 1324 2803 Circaeo
1346 2739 1525 2804 venerabili
1542 2739 1659 2802 abbate
1676 2737 1863 2822 monasterij
1880 2739 1983 2802 saneti
2005 2738 2153 2803 Silvestri
2168 2739 2207 2802 de
2224 2739 2422 2822 Nonantnla,

606 2869 626 2911 a
649 2847 789 2932 dompno
811 2846 947 2931 Pagano
971 2846 1128 2910 monacho
1152 2852 1184 2910 et
1205 2845 1338 2932 syndico
1362 2845 1438 2910 dicti
1462 2845 1649 2929 monasterij
1667 2845 1795 2909 nomine
1813 2845 1889 2908 dicti
1906 2845 2105 2930 monasterij,
2122 2867 2163 2910 ex
2180 2867 2245 2909 una
2264 2855 2372 2932 parte,
2389 2855 2422 2911 et

606 2976 626 3018 a
649 2954 779 3019 domino
802 2953 981 3016 Arimundo
1005 2952 1122 3017 Jacobi
1144 2953 1184 3016 de
1207 2953 1385 3036 Bernardo,
1402 2953 1567 3018 Potestate
1592 2953 1745 3017 Comanis
1768 2959 1801 3016 et
1820 2952 1987 3016 hominum
2002 2953 2104 3016 saneti
2121 2952 2279 3017 Johaunis
2296 2955 2329 3017 in
2344 2955 2422 3018 Per·

604 3062 720 3145 xivetj,
737 3067 769 3124 et
792 3081 812 3124 a
834 3059 997 3146 Raynerio
1022 3059 1062 3123 de
1086 3059 1251 3143 Albirolis,
1268 3059 1401 3146 syndico
1424 3059 1501 3123 dicti
1525 3059 1687 3142 Comunis,
1706 3081 1747 3122 ex
1766 3059 1880 3140 altera,
1898 3060 2025 3124 nomine
2049 3059 2126 3123 dieti
2150 3059 2302 3124 Comanis
2325 3083 2422 3147 super

605 3168 661 3232 lite
685 3175 717 3232 et
741 3167 970 3250 controversia,
987 3189 1049 3253 que
1073 3167 1157 3230 iuter
1181 3188 1235 3231 eos
1258 3167 1455 3250 vertebatur,
1472 3173 1568 3253 prout
1591 3166 1772 3230 continetur
1795 3167 1827 3229 iu
1852 3166 2053 3253 conproruiso
2078 3168 2196 3253 scripto
2220 3189 2319 3232 manu
2341 3169 2421 3233 Ala·

605 3275 715 3340 manni
738 3275 778 3338 de
801 3274 961 3357 Floranis,
978 3275 1096 3358 notarij
1116 3275 1203 3338 infra
1226 3274 1346 3360 scripti,
1366 3273 1523 3338 habentes
1547 3273 1676 3359 plenam
1700 3280 1732 3337 et
1755 3272 1892 3337 liberam
1914 3279 2117 3360 potestatem,
2135 3295 2177 3338 ex
2193 3276 2226 3339 vi
2245 3275 2322 3340 dicti
2346 3297 2420 3340 con-

604 3383 747 3470 promisi,
772 3381 1012 3468 pronuntiandi,
1035 3381 1201 3465 laudandi,
1224 3381 1451 3464 sententiandi,
1476 3379 1671 3464 ajudicandi,
1695 3380 1861 3444 dividendi
1884 3387 1951 3444 tam
1981 3403 2077 3467 super
2099 3383 2300 3468 possessione
2325 3405 2422 3469 quam

603 3490 801 3578 proprietate
832 3495 865 3554 et
894 3488 1035 3554 dominio
1066 3489 1137 3573 ejus
1167 3489 1266 3552 totius
1289 3487 1436 3574 poderis,
1461 3487 1546 3573 quod
1575 3487 1607 3550 in
1631 3487 1715 3551 dicto
1747 3488 1949 3574 conpromiso
1974 3489 2164 3572 continetur,
2189 3489 2228 3553 de
2252 3511 2314 3576 qno
2338 3491 2421 3555 inter

602 3599 764 3686 predictos
787 3597 826 3661 lis
851 3604 883 3661 et
907 3597 1031 3683 questio
1063 3597 1260 3679 vertebatur,
1285 3596 1397 3660 habita
1421 3595 1568 3681 diligenti
1592 3594 1842 3678 deliberatione,
1866 3601 1898 3660 et
1921 3596 1991 3660 loeo
2014 3597 2079 3660 litis
2108 3597 2223 3661 visioni
2255 3598 2421 3664 oculorum

539 3753 544 3763 .
604 3707 760 3789 subjecto,
785 3725 843 3791 pro
866 3703 951 3768 bono
975 3703 1066 3789 pacis
1088 3709 1120 3767 et
1143 3702 1323 3785 concordie,
1348 3702 1500 3786 dicimus,
1525 3702 1695 3766 laudamus
1719 3709 1752 3766 et
1774 3703 1978 3785 arbitramur,
2002 3710 2035 3768 et
2057 3705 2292 3768 amichabiliter
2316 3706 2421 3792 dispo·

602 3813 707 3878 nendo
730 3812 987 3899 pronuntiamus,
1004 3811 1089 3896 quod
1112 3810 1215 3874 dictus
1239 3811 1422 3896 Raynerius
1446 3809 1486 3874 de
1508 3810 1675 3893 Albirolis,
1693 3809 1844 3896 syndicus
1865 3810 1941 3874 dicti
1963 3810 2114 3875 Comunis
2131 3813 2234 3876 saneti
2249 3813 2419 3897 dolmnnis,

603 3921 731 3985 nomine
755 3919 832 3983 dicti
856 3917 1017 4000 Comanis,
1043 3924 1075 3982 et
1098 3917 1204 4003 ipsum
1228 3917 1387 4000 Oomune,
1411 3917 1532 3981 habeat
1555 3924 1588 3982 et
1610 3924 1720 3982 teneat
1744 3923 1776 3982 et
1799 3917 1894 4002 pleno
1915 3919 1988 4001 jure
2012 3918 2175 4003 possideat
2197 3920 2339 3984 rectione
2363 3921 2419 3986 do-

603 4028 694 4112 minij
718 4033 751 4091 et
774 4025 996 4113 proprietatis,
1020 4024 1089 4089 sine
1121 4025 1353 4110 inquietatione
1377 4024 1499 4109 allique
1524 4045 1543 4087 a
1567 4025 1707 4110 capitulo
1739 4045 1797 4088 seu
1827 4025 2022 4089 monasterio
2052 4026 2272 4091 nonantulano
2302 4028 2419 4114 imper-

602 4142 736 4222 petuum
759 4131 909 4197 facienda
931 4132 1016 4196 dicto
1040 4131 1190 4214 Comani,
1215 4153 1309 4196 omne
1339 4131 1372 4195 id
1403 4130 1489 4216 quod
1521 4137 1570 4194 est
1601 4152 1621 4194 a
1653 4139 1782 4196 centum
1812 4132 1961 4196 undecim
1991 4132 2121 4218 perticis
2152 4155 2268 4219 supra,
2299 4157 2418 4222 conpu-

602 4241 679 4304 tatis
703 4246 736 4304 et
759 4239 898 4303 asazatis
922 4239 963 4301 ad
987 4237 1143 4323 perticam
1166 4259 1225 4302 sex
1246 4238 1440 4320 braciorum,
1465 4238 1506 4301 ab
1535 4237 1671 4301 ecclesia
1702 4246 1812 4302 sancte
1843 4237 1947 4302 Maria
1973 4238 2014 4302 de
2037 4238 2155 4322 Portu,
2180 4241 2285 4304 eundo
2308 4263 2421 4306 versus

603 4369 731 4412 sursum
754 4347 893 4427 directo,
918 4344 1004 4408 intra
1025 4345 1161 4408 limitem
1183 4344 1222 4409 de
1246 4346 1344 4409 curtis
1369 4366 1388 4408 a
1412 4365 1524 4427 mane,
1549 4352 1582 4408 et
1604 4344 1739 4409 limitem
1762 4345 1802 4410 de
1825 4345 1929 4409 Ponte
1952 4345 2050 4431 longo
2074 4367 2093 4409 a
2117 4368 2203 4429 sero,
2228 4355 2260 4412 et
2284 4349 2416 4435 incipiat

603 4455 689 4519 dicta
712 4452 909 4518 mensuratio
933 4473 1031 4538 supra
1054 4452 1151 4535 viam,
1168 4473 1229 4537 que
1253 4459 1302 4516 ast
1320 4453 1416 4536 juxta
1431 4453 1550 4517 dictam
1566 4453 1736 4517 ecclesiam
1752 4473 1809 4538 per
1825 4452 1965 4538 quinque
1982 4453 2121 4538 perticas
2144 4475 2163 4517 a
2188 4454 2288 4519 latere
2312 4478 2416 4540 mane,

599 4568 632 4626 et
655 4561 804 4648 conpleta
834 4565 866 4623 et
906 4559 993 4623 facta
1014 4559 1252 4623 mensuratione
1276 4565 1405 4623 centnm
1427 4559 1576 4624 undecim
1599 4560 1795 4646 perticarum
1818 4581 1929 4623 versus
1954 4581 2098 4644 sursum,
2123 4561 2236 4626 damus
2269 4569 2300 4626 et
2328 4562 2419 4626 adiu·

602 4669 746 4732 dicamus
770 4667 915 4753 predicto
939 4666 1071 4752 syndico
1095 4667 1197 4730 sancti
1221 4666 1381 4731 Johaunis
1405 4673 1438 4731 et
1460 4667 1522 4753 ipsi
1545 4666 1682 4731 Comnni
1707 4689 1800 4732 omne
1821 4668 1858 4752 jd
1891 4668 1976 4753 quod
2000 4674 2049 4732 est
2072 4668 2191 4732 abillo
2215 4670 2286 4733 loco
2310 4692 2418 4756 supra,

601 4775 708 4840 eundo
732 4775 853 4839 directo
878 4775 920 4839 ad
943 4774 1033 4837 filum
1056 4795 1168 4838 versus
1191 4795 1301 4856 mane,
1326 4795 1347 4837 a
1368 4774 1470 4838 limite
1493 4774 1533 4838 de
1557 4781 1654 4860 ponte
1678 4775 1776 4859 longo
1805 4796 1906 4860 usquo
1930 4775 1971 4838 ad
1994 4774 2192 4840 limitem-dc
2216 4777 2333 4859 curtis,
2357 4778 2418 4842 hoc

606 4885 697 4949 salvo
720 4883 805 4969 quod
828 4883 925 4946 liceat
951 4889 983 4946 et
1007 4881 1123 4946 debeat
1146 4881 1293 4946 dominus
1316 4881 1429 4946 Abbas
1451 4882 1624 4969 predictus,
1642 4890 1673 4946 et
1697 4884 1767 4968 ejus
1791 4882 1942 4968 syndicus
1958 4883 2086 4947 nomine
2103 4884 2202 4970 ipsius
2220 4888 2416 4972 monasterij,

603 5000 635 5058 et
658 4993 763 5078 ipsum
786 4989 1027 5072 monasterium,
1052 4989 1192 5053 incidere
1216 5010 1274 5053 seu
1297 4988 1395 5053 incidi
1418 4988 1536 5072 iacere,
1554 4995 1586 5054 et
1609 4990 1762 5054 incissum
1784 4989 1897 5054 tollere
1925 4997 1957 5054 et
1977 4997 2165 5076 exsportare
2181 4991 2264 5055 ¹hino
2287 4993 2328 5056 ad
2352 5001 2417 5058 tres

603 5121 705 5165 annos
728 5097 893 5184 proximos
916 5103 1069 5160 venturos
1093 5116 1186 5160 omne
1209 5095 1385 5181 lignamen,
1403 5096 1488 5182 quod
1511 5104 1596 5161 asset
1619 5097 1704 5161 infra
1727 5097 1828 5161 dictos
1851 5097 1968 5161 limites
1992 5097 2025 5161 in
2049 5105 2190 5184 sperata,
2208 5120 2269 5184 que
2289 5107 2347 5182 est,
2364 5102 2417 5165 vel

603 5208 764 5272 diceretur
788 5225 868 5287 esse,
892 5203 970 5268 dicti
992 5203 1113 5267 domini
1137 5203 1275 5268 Abbatis
1291 5203 1344 5267 vel
1367 5204 1554 5288 monasterij
1578 5204 1732 5290 predicti;
1750 5211 1782 5268 et
1805 5204 1998 5290 precipimus
2019 5204 2139 5269 dictum
2155 5205 2298 5270 Comune
2314 5209 2417 5272 sancti

602 5314 761 5381 Johaunis
790 5333 855 5377 non
884 5311 1002 5376 debere
1029 5311 1209 5396 inquietare
1240 5331 1297 5374 seu
1328 5312 1499 5375 molestare
1529 5311 1650 5376 dietum
1673 5311 1836 5376 Abbatem
1866 5333 1923 5376 seu
1954 5311 2075 5376 dictum
2106 5313 2273 5398 syndicum
2305 5315 2338 5378 in
2368 5315 2416 5379 in·

602 5422 739 5486 eissione
763 5427 796 5485 et
819 5418 1043 5505 exportatione
1067 5418 1144 5482 dicti
1167 5417 1367 5504 lignaminis3
1384 5426 1416 5482 et
1438 5419 1632 5505 precipimus
1657 5419 1742 5503 quod
1762 5417 1882 5482 dictum
1900 5417 2042 5483 Comune
2059 5420 2162 5483 saneti
2177 5419 2337 5485 Johaunis
2352 5443 2417 5486 non

602 5530 720 5594 debeat
742 5527 932 5594 buschizare
955 5526 1009 5591 vel
1030 5525 1212 5590 buschizari
1235 5525 1342 5590 faeere
1366 5526 1485 5590 dictam
1508 5533 1689 5612 speratam,
1715 5547 1776 5611 que
1801 5533 1850 5590 est
1873 5525 1957 5589 iufra
1980 5525 2081 5590 dictos
2109 5527 2226 5591 limites
2250 5549 2351 5614 nsque
2375 5531 2416 5594 ad

601 5637 722 5700 dietum
745 5634 927 5716 terminum,
949 5653 1116 5718 quousque
1136 5631 1257 5696 dictum
1279 5632 1444 5718 lignamen
1468 5654 1526 5718 per
1549 5633 1671 5696 dictum
1693 5632 1866 5715 Abbatem,
1884 5633 1936 5696 vel
1959 5634 2030 5717 ejus
2054 5633 2222 5719 syndicum
2237 5635 2290 5698 vel
2306 5636 2415 5719 aliurn,

601 5742 729 5808 nomine
753 5741 830 5805 dieti
853 5739 1051 5823 monasterij,
1075 5739 1277 5824 integraliter
1300 5738 1398 5803 fuerit
1422 5744 1654 5825 exspertatum.

690 5848 774 5913 Item
797 5846 991 5934 precipimus
1015 5846 1102 5932 quod
1124 5845 1286 5932 predictus
1310 5846 1457 5910 dominus
1480 5846 1594 5911 Abbas
1617 5854 1650 5910 et
1672 5847 1824 5932 syndicus
1848 5847 1948 5933 ipsius
1972 5847 2169 5932 monasterij,
2187 5848 2315 5913 nomine
2339 5850 2415 5914 dieti

599 5956 799 6040 monasterij,
816 5961 849 6018 et
872 5955 978 6040 ipsum
1001 5952 1243 6034 monasterium,
1267 5973 1332 6016 non
1355 5953 1472 6018 debeat
1495 5953 1675 6038 inquietare
1697 5953 1730 6017 in
1753 5953 1905 6036 dominio,
1921 5954 2117 6039 proprietate
2135 5975 2190 6017 seu
2215 5956 2416 6039 possessione

599 6065 720 6128 dictum
744 6062 887 6128 Oomnne
911 6060 1014 6124 sancti
1037 6059 1196 6124 Johaunis
1220 6059 1252 6123 in
1275 6081 1331 6144 eo,
1349 6060 1438 6145 ¹quod
1462 6061 1646 6146 supradicto
1671 6061 1807 6125 Comnni
1831 6061 2062 6144 concessimus,
2084 6083 2141 6125 sen
2165 6061 2415 6146 aiudicavimus,

598 6172 651 6236 vel
675 6171 708 6235 in
733 6170 842 6256 aliqua
865 6175 957 6256 parte
981 6169 1062 6252 ejus.

689 6280 773 6344 Item
795 6277 965 6340 laudamus
999 6282 1031 6340 et
1059 6275 1304 6361 pronuntiamus
1336 6281 1368 6340 et
1394 6275 1597 6358 dicimus„et
1620 6275 1855 6339 amichabiliter
1878 6274 2077 6361 disponendo
2101 6274 2306 6360 arbitramur,
2331 6277 2416 6362 quod

598 6389 703 6453 dictus
733 6384 881 6450 dominus
909 6383 1023 6448 Abbas
1053 6390 1086 6447 et
1109 6382 1266 6468 dompnus
1296 6381 1500 6448 Lanfrancus
1533 6382 1685 6469 syndicus
1709 6382 1786 6446 dicti
1808 6383 2013 6467 monasterij,
2038 6382 2166 6446 nomino
2191 6388 2223 6446 et
2246 6383 2315 6447 vice
2339 6383 2416 6448 dicti

598 6493 798 6577 monasterij,
823 6500 854 6557 et
878 6493 982 6579 ipsum
1006 6491 1248 6574 monasterium,
1271 6491 1392 6556 habeat
1415 6497 1447 6556 et
1470 6497 1579 6554 teneat
1611 6496 1643 6555 ct
1671 6490 1766 6576 pleno
1795 6490 1868 6574 jure
1892 6489 2056 6574 possideat
2078 6489 2202 6553 ratione
2226 6489 2359 6575 dominij
2383 6497 2415 6554 et
