5490 7750
646 625 721 694 154
1433 641 1675 692 uouuussrs

642 801 861 874 Praeconem
880 800 948 873 fuit
967 800 1171 897 deputatus,
1189 799 1256 896 eui,
1277 807 1382 896 prout
1402 808 1437 872 et
1457 799 1546 895 aliis,
1568 799 1792 872 commissum
1813 799 1934 872 extitit
1953 824 1975 872 a
1994 798 2135 872 Nuncio
2163 798 2316 872 faciendi
2340 824 2467 897 nempe

642 926 794 1024 primam
828 924 1173 1022 praeconizationem
1203 949 1265 997 seu
1293 925 1431 1020 gridam
1461 925 1496 996 in
1526 925 1581 998 die
1611 925 1787 1020 crastina,
1818 949 1909 1022 quae
1937 924 2014 998 fieri
2041 933 2276 998 consueverat
2303 925 2340 997 in
2369 925 2468 998 initio

644 1051 825 1146 regiminis
855 1049 1044 1147 cujuslibet
1073 1049 1279 1145 Potestatis,
1301 1050 1436 1124 lormae
1465 1049 1666 1146 sequentis:
1695 1049 1951 1122 «Intimentur
1973 1073 2089 1122 onznes
2116 1057 2146 1122 et
2175 1050 2310 1148 sinpnli
2328 1049 2469 1122 banniti

647 1175 853 1248 Communis
881 1181 912 1247 et
943 1174 1071 1272 Populi
1099 1177 1251 1247 ciuitatis
1272 1175 1477 1272 praedictae
1502 1181 1644 1273 propter
1675 1163 1925 1272 homicidium,
1952 1177 2022 1247 sive
2050 1174 2283 1270 maleficium,
2312 1198 2372 1247 nea
2399 1199 2468 1247 non

642 1302 806 1398 latrones,
835 1299 1033 1374 robbatores
1059 1307 1266 1396 stratarum,
1292 1300 1444 1394 falsarii
1470 1308 1636 1396 monetae,
1656 1302 1831 1398 jucisores
1858 1299 2059 1394 bursarum,
2079 1301 2263 1395 assassini,
2291 1300 2468 1396 baeretici,

639 1428 793 1524 pecarii,
814 1427 1000 1524 patareni,
1029 1425 1239 1521 sodomitae,
1268 1431 1299 1498 et
1324 1425 1535 1524 peaeraliter
1563 1449 1679 1498 omnes
1708 1432 1738 1498 et
1765 1425 1927 1524 sinpulae
1955 1426 2050 1498 aliae
2077 1425 2278 1520 infamatae
2300 1449 2470 1523 personae

641 1552 873 1623 incontinenti
901 1551 943 1622 de
970 1553 1118 1646 ciuitate,
1145 1552 1310 1623 comitatu
1339 1557 1370 1622 et
1399 1550 1561 1623 districtu
1591 1549 1794 1623 bononiensi
1820 1573 1856 1623 se
1884 1549 2030 1622 debeant
2056 1573 2247 1649 scprepare,
2271 1549 2334 1622 sub
2355 1573 2470 1648 poena

643 1683 673 1748 et
701 1675 817 1748 barano
846 1677 960 1748 aoeris
988 1683 1019 1748 et
1041 1699 1295 1773 personarum,
1324 1699 1385 1748 nec
1420 1675 1512 1773 quod
1541 1677 1679 1774 possint
1706 1677 1816 1774 recipi
1843 1677 1882 1748 in
1912 1673 2073 1748 domibus
2100 1675 2151 1747 ael
2180 1677 2379 1772 consortiis,
2408 1675 2470 1750 sub

634 1825 750 1899 poena
780 1801 1024 1874 destructionis
1053 1801 1232 1874 domorum
1269 1807 1299 1872 et
1327 1802 1413 1874 aliis
1433 1804 1580 1899 poetria·
1598 1803 1679 1873 item
1708 1801 1801 1898 quod
1828 1801 1950 1874 nullus
1977 1801 2085 1873 vadat
2113 1801 2154 1874 de
2183 1809 2277 1874 nocte
2299 1825 2366 1900 per
2390 1804 2471 1873 ciri-

642 1933 747 1999 tatem
772 1932 850 2024 post
877 1928 1019 2016 tertium
1047 1950 1171 1998 sonum
1200 1949 1414 2024 campanae,
1444 1932 1475 1997 et
1510 1933 1629 1998 contra
1670 1949 1774 1999 arma
1808 1925 1977 2022 offerrsiua
2006 1951 2043 2021 a,
2074 1925 2117 1998 de
2155 1926 2294 2023 quibus,
2319 1926 2374 1998 die
2402 1927 2469 2000 lv,

642 2051 815 2125 relatione
843 2052 951 2146 faeta,
982 2059 1147 2146 rogatum
1176 2051 1296 2124 extitit
1324 2051 1610 2124 instrumentum.

749 2177 816 2249 Die
845 2177 912 2250 IV.
944 2177 1086 2272 augusti
1115 2177 1150 2248 in
1180 2176 1342 2248 domibus
1370 2175 1540 2248 ecelesiae
1569 2176 1738 2249 Fratrum
1774 2176 2066 2250 Praedicatorum
2104 2184 2187 2250 ante
2224 2176 2404 2250 Nuntium
2434 2202 2471 2250 se

642 2302 870 2376 contulerunt
898 2303 1073 2400 praedicti
1102 2301 1246 2398 Syndici
1275 2303 1431 2375 civitatis
1458 2302 1642 2375 Bononiae
1676 2328 1717 2376 ac
1745 2303 2020 2376 universitatum
2048 2311 2084 2377 et
2101 2303 2236 2402 populi,
2258 2313 2467 2398 castrorum,

642 2429 906 2524 fortalitiorum,
937 2429 1127 2501 comitatus
1155 2436 1191 2500 et
1218 2427 1401 2500 districtus
1429 2436 1537 2525 atque
1566 2453 1647 2501 eum
1675 2428 1725 2501 eis
1754 2427 1946 2502 Thadaeus
1971 2429 2015 2503 de
2035 2429 2180 2527 Pepulis
2209 2437 2245 2502 et
2271 2428 2472 2504 Consiliarii

642 2578 776 2651 omnes,
798 2555 841 2626 de
870 2554 998 2650 quibus
1026 2553 1161 2626 inserta
1189 2553 1333 2626 nomina
1352 2553 1541 2649 habentur,
1558 2555 1803 2650 juramentum
1831 2553 2011 2628 fidelitatis
2041 2579 2161 2628 coram
2186 2555 2338 2630 testibus
2364 2553 2471 2628 dede·

640 2687 736 2752 runt.
766 2679 899 2752 Forma
928 2687 1049 2751 autem
1073 2679 1271 2774 juramenti
1298 2678 1366 2750 suit
1394 2687 1502 2775 prout
1537 2679 1718 2776 sequitur:
1755 2707 1772 2748 r
1803 2679 1878 2778 Epo
1899 2735 2349 2754 ...............
2388 2681 2473 2752 ciuis

642 2805 876 2899 bononiensis,
888 2805 977 2900 juro
1005 2803 1097 2900 quod
1125 2802 1169 2874 ab
1198 2802 1264 2874 bac
1291 2802 1378 2876 bora
1408 2805 1446 2876 in
1476 2811 1580 2876 antea
1607 2804 1724 2900 fidelis
1752 2811 1782 2876 et
1811 2802 1971 2877 obediens
1999 2828 2055 2876 ero
2084 2805 2163 2877 diro
2184 2803 2298 2902 Petro,
2311 2807 2472 2902 principi

642 2929 889 3027 apostolorum,
919 2934 950 2999 et
980 2929 1200 3000 sanctissimo
1222 2929 1324 3026 patri
1359 2928 1499 3000 domino
1531 2953 1649 3027 papae
1687 2929 1874 3001 Benedicta
1904 2929 2000 3002 XII.
2014 2987 2024 3026 ,
2053 2931 2194 3028 ejusque
2221 2929 2474 3002 successoribus

642 3055 805 3127 carronice
833 3053 1063 3148 intrantibus,
1083 3059 1185 3150 atque
1213 3054 1421 3150 apostolicae
1449 3078 1616 3126 romanae
1645 3054 1831 3127 Ecclesiae.
1864 3053 1944 3129 Non
1973 3079 2030 3127 ero
2059 3057 2098 3128 in
2131 3055 2276 3128 consilio
2302 3063 2365 3128 aut
2393 3079 2472 3128 con-

642 3203 745 3252 sensu
774 3179 825 3252 ael
850 3179 957 3275 facto,
978 3178 1070 3276 quod
1093 3181 1200 3250 ritum
1227 3179 1380 3276 perdant
1404 3186 1467 3251 aret
1485 3179 1690 3275 membrum,
1710 3186 1774 3251 aut
1793 3179 2026 3278 capiunt[ur]
2045 3182 2142 3254 malo
2161 3183 2328 3278 captione.
2354 3177 2475 3253 Consi·

642 3306 742 3400 lium,
762 3303 855 3402 quod
883 3304 974 3404 mibi
1002 3303 1173 3376 credituri
1201 3311 1303 3376 erum
1324 3327 1392 3401 per
1419 3327 1453 3375 se
1481 3311 1544 3376 aut
1565 3328 1632 3403 per
1663 3304 1822 3377 Nuntios
1844 3327 1925 3378 suos
1957 3308 2027 3378 siue
2041 3329 2109 3404 per
2127 3306 2259 3401 literas,
2279 3306 2329 3378 ad
2356 3329 2474 3378 eorum

642 3431 826 3525 darianum,
855 3453 909 3501 me
936 3431 1071 3524 sciente,
1091 3431 1227 3500 nemini
1249 3428 1436 3526 pandam,·
1454 3436 1485 3501 et
1512 3431 1544 3502 si
1572 3432 1699 3502 scivero
1725 3429 1816 3526 fieri,
1840 3432 2033 3528 procurari
2055 3453 2114 3503 seu
2144 3433 2294 3503 tractari
2318 3429 2474 3529 aliquod,

642 3555 735 3654 quod
762 3557 809 3626 sit
837 3578 955 3628 eorum
984 3555 1034 3626 ocl
1062 3553 1236 3626 Ecclesiae
1257 3556 1465 3652 praedictae
1493 3556 1718 3651 darnnosum,
1741 3556 1834 3627 illud
1862 3557 1911 3628 eis
1938 3556 1989 3628 rel
2017 3556 2127 3628 eidem
2157 3555 2331 3628 Ecclesiae
2363 3558 2474 3654 siqni-

640 3680 747 3776 ficare
769 3677 978 3778 procurabo.
1002 3678 1177 3776 Papatmn
1202 3687 1440 3753 romanamet
1468 3681 1603 3777 repulia
1632 3681 1747 3753 sancti
1774 3679 1883 3776 Petri,
1904 3683 1996 3779 jura
2028 3687 2059 3753 et
2072 3681 2344 3780 jurisdictiones
2362 3683 2476 3778 ipsius

641 3814 672 3878 et
700 3828 932 3878 successorum
970 3829 1113 3877 suorum
1143 3811 1174 3877 ct
1201 3829 1370 3878 romanae
1399 3805 1590 3900 Ecclesiae,
1619 3812 1691 3878 tam
1720 3808 1759 3878 in
1789 3807 1854 3879 bac
1881 3807 2019 3878 civitate
2056 3808 2197 3904 ejusque
2238 3808 2417 3879 territorio
2445 3814 2476 3879 et

643 3931 817 4026 districtu,
846 3955 952 4027 quam
982 3929 1072 4002 alibi
1100 3929 1307 4027 ubicumque
1335 3931 1530 4024 existentia,
1559 3930 1704 4027 adjutor
1731 3955 1788 4004 ero
1816 3933 1848 4003 ci
1876 3938 1907 4003 et
1934 3933 2048 4028 ipsius
2075 3930 2341 4027 successoribus,
2372 3938 2476 4029 atque

642 4055 818 4128 Ecclesiae
846 4055 896 4126 ad
923 4055 1189 4150 restituendum,
1218 4055 1477 4148 defendendam
1507 4061 1538 4126 et
1566 4055 1855 4152 recuperandum,
1875 4063 1906 4128 et
1940 4063 2144 4154 recuperata
2174 4056 2474 4128 manutenendum

643 4186 762 4251 contra
792 4203 925 4250 ornnem
957 4179 1143 4251 bominem.
1170 4177 1230 4250 Sic
1257 4202 1310 4250 me
1338 4177 1436 4250 Deus
1463 4178 1605 4275 adjacet
1633 4186 1663 4250 et
1687 4179 1770 4251 baec
1788 4186 1909 4252 sancta
1930 4179 2001 4252 Dei
2019 4180 2197 4278 euangelia
2219 4205 2255 4253 s.
2274 4179 2332 4252 Ita
2352 4188 2473 4252 aetum

644 4304 712 4377 luit
739 4304 776 4375 in
804 4304 967 4376 manibus
996 4303 1139 4397 Nuneii,
1170 4303 1231 4400 qui
1258 4303 1362 4401 plura
1390 4303 1526 4376 iecerat
1555 4327 1661 4401 super
1689 4303 1755 4377 hoc
1783 4312 1903 4377 actum
1931 4306 2168 4378 instrumenta
2198 4306 2434 4379 conscribere.

749 4428 886 4500 Eadem
916 4429 972 4500 die
1001 4429 1067 4500 IV.
1090 4429 1245 4524 augusti,
1266 4427 1429 4501 Nunnius
1458 4429 1503 4501 ad
1532 4429 1698 4503 effectum
1727 4430 1982 4527 comprobandi
2009 4428 2153 4527 plenum
2178 4430 2338 4526 ejusdem
2359 4430 2472 4503 domi-

642 4553 740 4626 nium
769 4553 834 4626 soli
863 4553 1079 4650 apostolicae
1109 4553 1193 4626 Sedi
1220 4553 1410 4651 pertinere,
1437 4563 1625 4651 praesente
1654 4563 1689 4627 et
1718 4555 1961 4628 consentiente
1992 4554 2142 4628 Nicolao
2170 4554 2366 4650 Brandani,
2386 4580 2472 4653 ape·

642 4681 714 4752 ruit
743 4687 932 4775 sequentes
961 4679 1116 4752 civitatis
1146 4687 1280 4776 portas,
1310 4677 1445 4752 scilieet
1474 4688 1608 4752 stratae
1636 4679 1796 4777 Majoris,
1824 4681 1939 4754 sancti
1966 4678 2110 4776 Vitalis,
2131 4681 2246 4754 saneti
2273 4679 2409 4753 Donati
2437 4690 2472 4753 et

643 4805 686 4877 de
715 4803 948 4899 Masearella3
978 4829 1020 4876 aa
1049 4805 1174 4876 eadem
1204 4805 1260 4877 die
1290 4805 1367 4900 ejus
1396 4814 1695 4902 procuratorene
1724 4805 1862 4880 clausit.
2293 4892 2299 4904 ι

749 4929 817 5002 Die
847 4955 932 5003 vero
961 4930 1007 5003 V.
1038 4930 1198 5026 ejusdem
1227 4930 1359 5002 mensis
1387 4930 1548 5026 augusti,
1579 4939 1614 5003 et
1652 4931 1707 5004 die
1736 4931 1803 5003 vl.
1834 4932 1878 5004 ab
1915 4932 2041 5006 eodem
2077 4940 2310 5028 procuratore
2338 4931 2470 5004 Nuntii

642 5055 829 5153 apostolici
857 5056 1002 5129 eaedem
1038 5055 1264 5152 supradictae
1301 5065 1426 5152 portae
1456 5064 1601 5153 apertae
1638 5081 1678 5128 ae
1715 5055 1857 5129 clausae
1894 5056 2059 5152 suerunt,
2086 5063 2121 5128 et
2150 5056 2193 5128 de
2222 5056 2277 5129 his
2306 5057 2469 5130 omnibus

642 5181 846 5253 conlectum
875 5190 930 5254 est
957 5182 1247 5254 instrumentum.

749 5307 817 5379 Die
846 5307 913 5380 IV.
935 5306 1093 5405 ejusdem
1115 5306 1257 5401 mensis,
1279 5305 1371 5379 alter
1397 5315 1609 5403 procurator
1638 5307 1798 5404 ejusdem
1825 5307 1959 5380 Nuncii
1986 5307 2126 5404 aperuit
2146 5315 2182 5381 et
2201 5307 2340 5404 clausit,
2365 5309 2470 5382 modo

643 5457 713 5530 quo
741 5456 862 5529 supra,
892 5441 1082 5528 sequentes
1111 5438 1250 5529 portas,
1280 5456 1407 5528 nempe
1436 5439 1577 5528 portam
1606 5432 1709 5528 burgi
1737 5431 1934 5528 Peradelli,
1965 5433 2200 5506 communiter
2226 5443 2470 5532 nuncupatam

642 5565 784 5656 portam
811 5565 947 5632 stratae
975 5557 1181 5652 Lamarum,
1211 5565 1353 5655 portam
1382 5565 1517 5631 stratae
1546 5555 1713 5631 Galeriae
1742 5565 1778 5630 et
1806 5565 1947 5655 portam
1974 5559 2088 5631 sancti
2116 5557 2256 5633 Felicis.

749 5683 831 5756 Hac
860 5683 916 5756 die
944 5683 1014 5778 V.,
1045 5707 1087 5755 ac
1115 5682 1181 5755 VI.
1213 5682 1306 5755 idem
1335 5691 1455 5755 actum
1483 5683 1561 5778 luit,
1590 5691 1626 5755 et
1655 5684 1698 5755 de
1726 5682 1782 5756 his
1810 5682 1972 5756 omnibus
2000 5684 2153 5756 habetur
2179 5684 2468 5760 instrumentum.

641 5809 698 5882 Ex
728 5809 853 5881 eodem
881 5810 1119 5881 instrumento
1147 5815 1248 5905 patet
1277 5833 1349 5881 non
1377 5808 1452 5882 sinc
1481 5808 1686 5881 custodibus
1713 5808 1779 5882 has
1808 5817 1930 5906 portas
1959 5809 2114 5882 civitatis
2142 5808 2323 5883 Bononiae
2348 5811 2469 5884 fuisse.

642 5934 772 6009 Custos
801 5933 894 6008 enim
928 5942 1054 6032 portae
1089 5933 1283 6006 Lamarum
1322 5943 1400 6006 erat
1435 5933 1577 6006 Blasius
1604 5934 1755 6007 Joannis
1793 5934 1836 6006 de
1873 5933 2041 6006 Mirasole
2079 5959 2150 6006 una
2190 5959 2270 6006 eum
2305 5936 2469 6009 Gerardo

643 6062 822 6159 qnondam
850 6060 1082 6158 Radulphini,
1114 6068 1149 6133 et
1177 6059 1316 6132 Bellino
1344 6059 1524 6156 quondam
1553 6059 1736 6133 Thomasii
1763 6059 1899 6132 civibus
1927 6059 2214 6133 bononiensibus.

747 6187 815 6261 Die
843 6186 933 6283 IV.,
964 6187 1011 6262 V.
1033 6195 1069 6259 et
1096 6186 1163 6259 VI.
1185 6186 1329 6281 augusti
1356 6210 1377 6258 a
1406 6193 1638 6282 procuratore
1667 6185 1839 6282 deputato
1868 6186 1913 6258 ab
1943 6185 2068 6258 eodem
2097 6184 2239 6259 Nuncio
2267 6211 2388 6259 coram
2416 6195 2468 6260 te-

641 6314 754 6386 stibus
778 6321 813 6386 et
836 6313 944 6411 juxta
973 6313 1216 6410 supradictam
1246 6313 1399 6385 formam
1432 6319 1578 6409 apertae
1599 6319 1635 6385 et
1654 6311 1794 6385 clausae
1815 6319 1897 6384 sunt
1916 6319 2042 6409 portae
2060 6311 2321 6410 infrascriptae,
2341 6336 2468 6410 nempe

640 6445 746 6537 porta
774 6446 910 6513 stratae
939 6440 1154 6535 Saragozae,
1176 6445 1281 6536 porta
1309 6446 1444 6511 stratae
1474 6437 1588 6510 sancti
1607 6437 1766 6532 Mammi,
1788 6445 1892 6534 porta
1910 6443 2045 6509 stratae
2065 6435 2291 6510 Castellianis
2310 6445 2346 6512 et
2365 6447 2468 6534 porta
