5490 7750
1348 667 1588 716 mandamina

1425 1035 1513 1100 LIV.

1282 1253 1378 1332 1306,
1403 1273 1502 1316 rnerese
1525 1254 1657 1338 irrepsisti.

730 1465 783 1529 Ex
808 1465 984 1530 Tabulario
1008 1465 1097 1530 blax.
1122 1466 1215 1549 bon,
1241 1466 1273 1529 in
1297 1466 1450 1551 Registro
1475 1465 1514 1530 G.
1540 1466 1818 1550 deformationem,
1842 1488 1869 1530 e.
1897 1469 1958 1530 119
1983 1488 2008 1530 r.
2033 1471 2065 1528 et
2092 1467 2154 1530 122
2181 1487 2211 1530 v.

647 1684 744 1748 Auno
768 1681 900 1747 Domini
923 1682 1093 1747 millesimo
1116 1683 1340 1747 trecentesimo
1364 1689 1456 1746 sexto
1481 1682 1653 1747 indictione
1677 1696 1793 1767 quarta
1816 1681 1855 1746 de
1887 1679 2050 1745 mensibus
2085 1681 2164 1762 iulii,
2190 1681 2319 1764 augusti
2342 1687 2375 1744 et

558 1790 785 1877 septembri[s].
802 1798 855 1868 (ij
865 1791 1070 1855 Provisioncs
1095 1791 1179 1854 tecte
1203 1812 1260 1876 per
1284 1790 1429 1854 dominos
1453 1790 1670 1854 Bonvilanmn
1694 1789 1733 1853 de
1758 1788 1955 1874 Thederisijs
1980 1795 2011 1852 et
2035 1789 2144 1869 sot'os,
2162 1787 2277 1872 quibus
2299 1809 2373 1852 con·

558 1921 683 1963 cessum
707 1898 768 1962 tuit
791 1898 959 1962 arbitrium
983 1898 1134 1984 generale
1158 1920 1215 1984 pcr
1240 1897 1417 1963 Consilium
1441 1906 1473 1962 et
1496 1919 1636 1962 massam
1667 1898 1778 1984 populi
1809 1897 1965 1978 Bononie,
1985 1895 2106 1960 cedulis
2130 1895 2294 1981 premissis
2317 1915 2374 1980 per

559 2007 731 2071 Sotietatcs
754 2007 865 2092 populi
889 2007 1046 2089 Bononie,
1070 2013 1106 2070 ut
1129 2013 1255 2071 constat
1279 2028 1320 2070 ex
1344 2005 1572 2070 reformatione
1603 2007 1722 2091 scripta
1753 2027 1850 2070 manu
1881 2004 2072 2087 Bonacursij
2101 2003 2140 2067 de
2171 2002 2374 2068 Rombolinis

558 2115 674 2178 notarii
698 2114 918 2179 Ancianorum
941 2121 973 2178 et
997 2113 1173 2178 Consulum
1197 2114 1306 2200 populi
1329 2113 1501 2196 Bo[nonie]
1526 2113 1643 2178 mensis
1668 2113 1747 2177 iunii
1769 2114 1915 2199 proxime
1940 2112 2052 2198 clapsi,
2076 2112 2193 2197 scripte
2222 2133 2279 2196 per
2302 2109 2372 2172 Ma·

556 2223 666 2286 thcum
689 2222 797 2286 fratris
820 2222 980 2288 Johannis
1004 2221 1043 2285 de
1066 2221 1201 2286 Devotis
1226 2222 1387 2286 notarium
1411 2221 1569 2286 dictormn
1594 2221 1806 2286 dominorum.

645 2544 738 2626 Item,
762 2543 1002 2609 considerantes
1025 2550 1144 2629 quanto
1170 2543 1315 2606 utilitatis
1339 2550 1371 2606 et
1394 2543 1525 2607 honoris
1549 2551 1623 2607 sunt
1647 2550 1679 2607 ct
1703 2544 1834 2607 fuerunt
1857 2549 2012 2628 perpetuo
2036 2549 2068 2605 et
2092 2549 2185 2605 erunt
2209 2541 2371 2625 deinceps,

554 2651 695 2716 Domino
719 2650 924 2734 concedente,
940 2651 1081 2715 scolares
1102 2657 1134 2714 ct
1159 2649 1307 2714 Studium
1331 2651 1503 2714 scolarium
1520 2651 1689 2716 Communi
1711 2657 1743 2714 ct
1758 2652 1877 2736 populo
1893 2650 2154 2724 bononiensibus,
2171 2656 2204 2712 ct
2224 2648 2369 2712 nolentes

554 2765 685 2844 propter
708 2759 867 2823 modicam
890 2759 1029 2843 gratiam
1052 2758 1093 2822 ab
1117 2759 1164 2822 cis
1187 2779 1245 2844 pcr
1268 2757 1423 2822 Rectorcs
1448 2757 1675 2822 Universitatis
1699 2759 1871 2823 scolarium
1894 2758 2099 2844 postulatam,
2117 2755 2371 2840 indignationem

554 2866 697 2952 aliquam
721 2867 807 2953 ipsos
830 2866 970 2930 scolares
995 2887 1157 2929 assumere
1182 2886 1275 2952 posse
1299 2865 1534 2929 rationabiliter
1550 2873 1662 2929 contra
1686 2865 1805 2930 dictum
1825 2866 1980 2951 populum
2001 2871 2034 2928 et
2059 2885 2203 2944 comune,
2223 2869 2272 2926 sct
2292 2862 2371 2946 peti-

553 2973 633 3037 tioni
653 2974 795 3060 ipsorum
812 2973 1014 3037 dominorum
1029 2972 1205 3036 Rectorem
1222 2973 1436 3035 reverentiam
1454 2981 1484 3035 ct
1501 2973 1667 3055 honorem,
1685 2973 1739 3058 qui
1756 2980 1802 3036 tot
1819 2994 1930 3038 corum
1946 2993 2051 3058 posse,
2067 2979 2323 3057 procuraverunt
2338 2976 2371 3032 et

553 3087 729 3168 procurant
751 3080 888 3144 retinere
914 3079 1061 3144 Studium
1086 3087 1117 3142 et
1140 3078 1280 3144 scolares
1305 3080 1490 3144 incivitate
1514 3079 1670 3163 Bononie,
1695 3081 1785 3144 cuius
1809 3081 1972 3166 petitionis
1996 3087 2087 3144 tenor
2111 3079 2185 3142 talis
2208 3086 2276 3141 est:

646 3214 662 3248 ι
689 3189 800 3253 Coram
826 3187 902 3252 robis
924 3189 1057 3252 dominis
1082 3185 1163 3268 Octo,
1188 3187 1297 3272 quibus
1319 3188 1460 3272 perarate
1482 3187 1648 3252 arbitrium
1665 3197 1706 3253 est
1727 3209 1897 3254 coracessum
1914 3209 1973 3272 per
1993 3189 2142 3271 populum
2158 3185 2369 3250 bononiensem

555 3299 587 3362 in
611 3299 734 3384 siprrum
756 3298 933 3380 dilectionis,
950 3320 1007 3383 que
1022 3299 1081 3362 buc
1096 3319 1191 3382 usqae
1204 3297 1267 3380 fuit
1282 3319 1399 3381 semper
1413 3295 1505 3381 [per]
1515 3299 1667 3382 populum
1691 3305 1717 3361 et
1740 3297 1904 3361 Commune
1928 3296 2066 3360 Bononie
2088 3297 2168 3360 eirca
2191 3296 2320 3360 scolares
2343 3301 2370 3358 ct

551 3405 688 3470 strutium
710 3407 874 3470 scolarium
896 3407 1025 3470 cii-itatis
1047 3405 1195 3487 Bononie,
1213 3413 1239 3469 et
1261 3406 1303 3469 ad
1318 3405 1372 3469 boc
1388 3413 1421 3468 ut
1439 3407 1503 3489 ipsa
1519 3406 1636 3470 dilectio
1652 3405 1768 3469 dmare
1782 3404 1992 3486 bosterrdatur,
2009 3411 2035 3467 et
2051 3425 2112 3466 non
2128 3425 2188 3467 esse
2203 3404 2365 3467 extinctam

551 3514 632 3576 circa
662 3511 892 3577 Universitatem
914 3513 1079 3577 scolarium
1101 3513 1324 3596 supradictam,
1348 3514 1501 3597 suplicent
1523 3513 1681 3576 lirrmiliter·
1703 3520 1730 3576 et
1749 3512 1849 3576 demle
1871 3513 2014 3576 dominus
2042 3510 2182 3574 Tbornas
2209 3510 2367 3573 Torreltas

552 3620 590 3684 de
612 3618 742 3704 Neapoli
765 3627 791 3683 et
815 3620 957 3684 dominus
974 3619 1104 3684 Pontius
1126 3619 1381 3684 archidiachonus
1403 3619 1575 3684 albanensis
1592 3621 1797 3704 provintialis,
1820 3621 1891 3683 oiim
1916 3626 2044 3683 rectores
2075 3616 2284 3682 b'nicersitatis
2306 3637 2369 3680 sco·

553 3727 669 3790 larirun
691 3728 819 3790 ciuitatis
841 3725 980 3792 Bononia
996 3749 1058 3812 pro
1080 3748 1110 3791 se
1134 3729 1206 3811 ipsis
1233 3735 1259 3791 et
1281 3735 1342 3792 tota
1373 3725 1572 3792 [indemitate
1594 3735 1620 3791 et
1643 3729 1803 3810 uniuersis,
1824 3729 1878 3812 qui
1900 3726 2063 3791 studerunt
2085 3726 2144 3790 lirrc
2168 3745 2262 3810 uespere
2286 3725 2370 3789 etde

550 3842 645 3899 cetero
667 3835 789 3898 studere
812 3835 1030 3900 intendentia
1053 3837 1133 3899 iuris
1155 3836 1250 3898 ciuilis
1272 3837 1411 3918 sciencia,
1435 3837 1509 3920 puin
1532 3857 1634 3900 ornries
1656 3835 1708 3900 bec
1728 3838 1842 3920 pratia
1855 3837 1952 3918 tanpit
1976 3843 2002 3899 et
2025 3835 2067 3898 ait
2089 3835 2152 3916 lroc,
2173 3842 2208 3898 ut
2229 3833 2369 3897 omnibus

550 3943 722 4026 exemptum
743 3943 887 4008 studendi
910 3950 937 4007 et
954 3943 1138 4026 proficiendi
1160 3945 1192 4006 in
1208 3943 1285 4026 jure
1308 3944 1399 4024 ciuili,
1415 3964 1467 4007 seu
1492 3946 1621 4007 materia
1643 3945 1681 4008 de
1702 3951 1796 4008 cetero
1814 3942 1991 4027 prebeatur,
2008 3950 2034 4006 et
2054 3943 2106 4007 bec
2121 3943 2224 4006 ciuitas
2240 3941 2277 4004 de
2292 3940 2366 4004 bono

550 4050 581 4112 in
606 4051 715 4114 melius
739 4070 821 4114 more
842 4051 927 4114 solito
949 4057 1111 4135 aupeutur,
1129 4057 1156 4114 et
1178 4050 1215 4114 de
1237 4049 1291 4114 boc
1308 4073 1369 4134 per
1391 4053 1569 4115 nniversam
1592 4051 1745 4116 rnurrdam
1765 4051 1854 4134 ferum
1877 4051 2024 4132 discurat,
2041 4057 2191 4135 ullatenus
2208 4048 2286 4112 cubis
2299 4050 2368 4132 pla·

549 4164 613 4220 reat
635 4157 816 4242 procidere,
840 4157 922 4242 quod
945 4156 1178 4221 Bartbotomeus
1207 4155 1389 4242 Castelliani,
1413 4157 1572 4223 Jobanues
1602 4166 1629 4222 et
1656 4158 1773 4241 fratres
1803 4159 1957 4242 quondam
1979 4158 2144 4221 Acerusini
2169 4157 2363 4220 discindentes

552 4264 721 4328 venerande
743 4266 885 4328 memorie
908 4264 1025 4328 domini
1047 4265 1191 4348 Accursij
1212 4272 1240 4329 et
1261 4265 1378 4328 domini
1400 4264 1559 4330 Francisci
1581 4266 1619 4329 de
1637 4266 1944 4349 Accirrsijs,pu1trrrne
1960 4272 1987 4328 et
2008 4264 2204 4328 dominorum
2226 4266 2365 4326 omnium

547 4372 712 4435 scolaria-m
736 4379 762 4435 et
784 4371 972 4435 studentium
996 4373 1029 4434 in
1044 4371 1121 4454 jure
1143 4373 1225 4436 ciuili
1240 4393 1301 4456 per
1322 4375 1500 4436 urncersam
1530 4373 1701 4456 mumdum,
1726 4375 1780 4458 qui
1801 4381 1923 4437 tantum
1946 4393 2070 4437 onorem
2090 4372 2231 4455 fecerunt
2254 4372 2368 4434 civitati

548 4476 687 4543 Bononia
693 4530 701 4562 ,
721 4479 868 4563 plosando
890 4479 924 4542 in
947 4481 1065 4543 ciuitate
1086 4477 1225 4544 Bonoaie
1244 4487 1271 4544 et
1293 4479 1499 4543 illuminando
1520 4481 1577 4564 jus
1599 4482 1684 4545 eioite
1707 4489 1734 4545 et
1755 4482 1884 4545 scolares
1906 4481 1943 4544 de
1965 4487 2023 4544 toto
2046 4480 2165 4544 maredo
2189 4501 2226 4544 ar
2247 4480 2301 4543 icoc
2323 4479 2366 4542 ad

547 4587 695 4651 ciuitatem
719 4586 855 4649 Bononie
878 4587 1075 4670 concionando,
1099 4589 1142 4651 ita
1166 4587 1247 4672 qnod
1270 4590 1335 4672 ipsa
1358 4589 1461 4651 ciuitas
1483 4587 1663 4670 bonoratur,
1685 4597 1712 4652 et
1734 4589 1914 4674 dimdpatur
1937 4588 2002 4670 ejas
2022 4587 2111 4668 fama
2128 4609 2188 4671 per
2210 4587 2364 4652 rnurrdum

549 4696 726 4757 rrrrioersum
737 4744 745 4777 ,
767 4715 828 4757 non
859 4702 1048 4778 apraoentur
1078 4697 1110 4758 in
1141 4696 1255 4759 coiectis
1284 4703 1312 4759 et
1341 4695 1411 4759 aliis
1441 4694 1582 4760 oneribus
1611 4695 1777 4760 subeundis
1801 4717 1862 4781 pro
1886 4703 1978 4780 parte
2006 4693 2302 4776 Lanebertatiorurn,
2325 4703 2367 4760 set

545 4803 663 4866 soleant
685 4802 788 4866 colecta
811 4810 838 4867 et
860 4803 924 4865 (itio
946 4823 1041 4866 onera
1063 4801 1190 4867 subeant
1212 4811 1246 4866 ut
1268 4803 1329 4884 ulij
1349 4805 1426 4867 eires
1441 4805 1545 4887 partis
1568 4803 1699 4868 Ecclesia
1720 4811 1746 4868 et
1762 4802 2001 4869 Jeremiensium
2023 4805 2151 4868 ciuitatis
2173 4801 2321 4884 Bononie,
2338 4810 2365 4866 et

551 4909 632 4994 quod
654 4911 780 4972 nomina
802 4917 829 4974 et
851 4912 1030 4994 copnomina
1051 4909 1209 4993 cujuslibet
1226 4911 1436 4996 predictorum
1465 4911 1710 4975 descendentium
1737 4932 1798 4975 non
1816 4919 1978 4996 portantur
2000 4913 2031 4974 in
2055 4912 2158 4995 aliquo
2182 4909 2259 4974 libro
2279 4910 2362 4993 facto

551 5017 594 5081 cel
613 5016 715 5100 fiendo
737 5017 775 5080 de
797 5018 859 5080 iltis
874 5017 911 5081 de
920 5025 1012 5101 parte
1028 5017 1318 5099 Lambertatiorum,
1336 5019 1381 5082 vet
1395 5019 1529 5081 aliorum
1552 5019 1803 5104 spectandorum
1825 5004 1976 5083 occasione
1998 5019 2074 5082 dicte
2095 5021 2194 5102 partis
2221 5017 2365 5082 barrrber-

548 5127 695 5190 tatiorum
712 5147 773 5210 per·
798 5123 964 5190 Commune
987 5125 1140 5210 Bononie,·
1156 5134 1183 5191 et
1197 5129 1224 5190 si
1246 5130 1360 5211 scripta
1382 5129 1602 5211 reperirentur,
1619 5127 1770 5191 tollantur
1788 5135 1814 5192 et
1836 5127 2031 5190 abraduntur
2048 5149 2108 5211 per
2130 5127 2289 5212 quemlibet
2312 5147 2365 5190 ao·

548 5235 666 5298 tarium
687 5233 867 5318 deputatam
890 5232 1146 5298 adscribendum
1169 5233 1260 5298 libros
1277 5235 1431 5319 predictos
1452 5237 1517 5298 siae
1534 5256 1618 5318 penu
1629 5285 1637 5318 ,
1659 5242 1686 5298 et
1716 5235 1798 5319 quod
1822 5255 1882 5318 pro
1909 5255 1971 5298 non
1998 5237 2120 5318 scriptis
2142 5235 2365 5318 intellipantur,

549 5348 575 5404 et
598 5348 633 5404 ut
657 5342 719 5405 ceri
737 5339 940 5405 Jeremienses
962 5348 1132 5405 tractentur
1154 5349 1181 5405 et
1202 5340 1384 5405 habeantur.
1399 5362 1469 5405 eam
1489 5342 1619 5425 predicti
1641 5342 1850 5406 descendentes
1871 5363 1989 5425 semper
2008 5341 2129 5424 fuerint
2152 5342 2195 5404 ad
2216 5342 2364 5405 mandata

551 5445 728 5512 Communis
750 5446 889 5512 Bononia
913 5455 940 5512 et
962 5449 1105 5512 soluerint
1127 5449 1271 5530 collectas,
1288 5455 1315 5512 et
1329 5449 1408 5512 alias
1417 5448 1558 5532 publicas
1574 5449 1721 5532 factiones
1738 5457 1764 5513 et
1780 5449 1970 5513 carutcbalas
1982 5448 2111 5531 fecerint
2127 5455 2153 5513 et
2169 5451 2315 5513 eremitas
2331 5456 2365 5512 ut

547 5556 605 5638 aiij
625 5557 701 5619 ciues
723 5557 851 5618 cii-itatis
873 5553 1022 5638 Bononie,
1046 5563 1072 5620 et
1089 5562 1212 5640 partem
1235 5555 1367 5620 Ecclesia
1390 5564 1418 5621 et
1435 5555 1673 5621 Jeremiensiam
1688 5559 1868 5640 juraverint
1890 5558 2018 5620 ciuitatis
2041 5555 2189 5638 Bononie,
2206 5563 2233 5620 et
2249 5563 2283 5620 ut
2298 5564 2363 5620 tra·
2411 5579 2414 5586 ·

546 5669 665 5726 cientur
687 5669 722 5726 ut
737 5660 950 5744 Jeremienses,
967 5683 1036 5725 crem
1060 5662 1206 5726 mundata
1224 5661 1402 5728 Cornmuuis
1419 5663 1556 5728 Bnnonie
1578 5685 1696 5748 semper
1716 5665 1845 5747 fecerint
1861 5672 1887 5728 et
1910 5663 2072 5727 intendant
2092 5663 2195 5746 facere
2218 5666 2251 5727 in
2272 5664 2362 5745 freter·

548 5791 619 5832 rum
627 5793 637 5852 ,·
653 5776 681 5834 et
702 5767 756 5832 boe
778 5789 840 5832 non
862 5767 1047 5834 obstardibus
1061 5770 1216 5855 alipiribas
1231 5773 1351 5835 statutis
1366 5778 1437 5853 eto,
1455 5775 1645 5836 unanimiter
1666 5779 1693 5836 et
1714 5771 1901 5834 concorditer
1915 5771 2148 5853 ordirmuerunt,
2160 5771 2364 5854 prociderunt

547 5883 573 5941 et
596 5877 828 5960 disposuerunt,
853 5877 934 5962 qerod
957 5875 1190 5941 Bartlrolomeus
1218 5876 1388 5959 Castriani,
1414 5878 1551 5942 Joannes
1581 5886 1608 5942 et
1636 5879 1753 5961 fratres
1784 5879 1938 5963 parendum
1961 5879 2126 5943 Accursini
2157 5878 2365 5943 descendentes

548 5985 717 6048 uenerande
740 5987 881 6048 asternorie
903 5985 1021 6048 domini
1036 5986 1162 6048 detersti
1177 5992 1204 6049 et
1219 5985 1336 6048 domini
1359 5984 1518 6049 Francisci
1536 5987 1573 6050 de
1596 5987 1738 6069 Accersijs
1761 6007 1821 6049 aon
1842 5994 2013 6070 praecatur
2037 5989 2070 6049 in
2094 5987 2220 6050 collectis
2244 5993 2270 6049 et
2293 5987 2364 6068 alr'j's

545 6091 688 6157 orieribus
709 6092 876 6157 subeundis
893 6113 954 6176 pro
973 6100 1064 6176 parte
1088 6090 1378 6174 Larrrbertutiorum,
1394 6101 1437 6157 set
1456 6094 1572 6157 soleant
1595 6095 1730 6158 collectus
1752 6100 1779 6157 et
1801 6095 1864 6157 alia
1887 6115 1982 6157 onera
2005 6092 2132 6156 subeant
2154 6101 2189 6158 ut
2210 6095 2269 6176 alij
2289 6097 2364 6158 eires

541 6202 642 6285 pratis
656 6199 789 6264 Ecclesie
812 6207 839 6264 et
855 6199 1092 6264 Jeremiensium
1108 6201 1236 6263 ciuitatis
1258 6197 1407 6282 Bnnonie,
1424 6208 1451 6264 et
1475 6201 1556 6285 pared
1578 6203 1704 6265 uomina
1727 6209 1753 6265 et
1777 6203 1954 6285 copnomina
1976 6201 2136 6283 crprrslibet
2152 6201 2363 6285 predictorrun

544 6307 790 6371 descendentium
814 6327 874 6369 non
892 6313 1055 6390 ponantur
1079 6307 1111 6368 in
1134 6307 1238 6390 aliquo
1269 6306 1345 6370 libro
1374 6308 1456 6390 facto
1486 6308 1530 6372 rel
1557 6307 1659 6391 fiendo
1681 6309 1719 6372 de
1742 6309 1804 6372 iilis
1826 6308 1863 6371 de
1884 6315 1972 6392 purte
1995 6307 2293 6390 Lambertutiorurn,
2318 6310 2363 6372 cel

543 6415 678 6478 aliorum
707 6413 978 6498 (appraenndorum
1005 6415 1156 6477 occasione
1178 6414 1255 6477 dicte
1272 6417 1375 6498 partis
1399 6414 1678 6480 bandertatiorum
1699 6437 1759 6499 per
1785 6413 1951 6479 Cornrnane
1974 6415 2128 6498 Bononie,·
2153 6424 2179 6480 et
2201 6418 2228 6479 si
2250 6419 2363 6500 scripta

543 6523 763 6606 reperirentur,
780 6521 940 6604 tolluntur,
957 6522 1163 6585 caricellentur
1178 6528 1207 6586 et
1228 6521 1425 6586 abraduntur·
1442 6544 1503 6606 per
1526 6523 1684 6608 quendibet
1709 6525 1864 6587 autminus
1888 6523 2066 6608 deputatum
2087 6525 2130 6588 rel
2152 6524 2363 6609 deputandum
