5490 7750
843 693 1073 744 SPECTANTIA
1101 693 1152 742 AD
1181 690 1436 742 PROFESSORES
1464 690 1570 740 Junls
1599 689 1731 739 clvlals
2140 670 2187 740 87

374 849 478 930 nibus,
496 848 699 934 presentibus
715 855 748 912 et
764 847 891 930 futuris,
909 847 1073 911 dominum
1088 847 1228 910 Paulum
1244 846 1353 931 legum
1370 845 1544 926 doctorem,
1561 843 1730 927 Jacobum,
1747 843 1926 907 Henricnra
1943 851 1973 906 et
1991 843 2188 926 Charatium,

373 978 447 1020 suos
471 957 563 1039 filios,
582 956 672 1040 equis
693 955 897 1040 porcionibus
922 955 984 1038 sibj
1008 954 1207 1018 universales
1230 953 1365 1017 heredes
1389 951 1536 1033 instituit,
1555 950 1704 1014 videlicet
1720 950 1839 1013 dietum
1863 950 2027 1014 dominum
2050 949 2190 1014 Paulam

373 1064 406 1126 in
430 1062 601 1126 medietate
626 1062 723 1125 totius
747 1061 876 1147 poderis
900 1062 960 1144 sui,
985 1061 1081 1146 positi
1105 1060 1137 1124 ia
1161 1066 1248 1124 terra
1271 1059 1458 1143 Medesanj,
1481 1080 1542 1143 que
1574 1057 1728 1121 medietas
1753 1064 1801 1121 est
1825 1057 2189 1143 centumquiuquagiata

373 1176 624 1250 tornaturarum,
649 1169 725 1231 item
750 1169 783 1232 iu
807 1176 899 1254 parte
915 1168 1100 1256 domorum,
1125 1188 1204 1252 quas
1229 1167 1306 1230 emit
1329 1165 1495 1248 Acizillus,
1520 1165 1643 1229 seilicet
1668 1164 1700 1228 ia
1724 1186 1763 1228 ea
1785 1171 1877 1250 parte
1903 1185 1964 1249 que
1987 1163 2048 1228 fuit
2071 1163 2188 1248 Jacobj

373 1277 413 1340 de
436 1276 551 1356 Ulmo,
577 1275 653 1338 itera
677 1277 710 1338 ia
733 1276 852 1360 podere
877 1297 952 1356 suo,
975 1274 1062 1359 quod
1086 1274 1183 1345 hebet
1208 1274 1239 1336 ia
1270 1279 1356 1336 terra
1388 1273 1490 1336 saneti
1514 1271 1673 1336 Johanais
1696 1271 1730 1334 ia
1754 1271 1891 1350 Triario,
1915 1272 1991 1334 item
2025 1272 2058 1334 in
2093 1270 2187 1335 domo

375 1405 449 1448 cum
471 1391 568 1464 terra,
593 1404 655 1467 que
679 1389 727 1445 est
751 1403 849 1468 supra
881 1389 1005 1468 portam
1038 1381 1245 1466 Castiglioai3
1271 1381 1384 1444 iubeas
1420 1401 1493 1442 eum
1521 1379 1561 1442 de
1592 1380 1653 1443 hae
1687 1385 1779 1464 parte
1815 1400 1884 1442 esse
1920 1385 2115 1442 contentum.
2146 1377 2189 1442 Et

372 1491 493 1554 dictum
517 1489 675 1554 Jacobum
700 1489 731 1552 iu
755 1496 823 1554 toto
847 1489 966 1576 podere
1002 1508 1081 1571 suo,
1106 1488 1191 1574 quod
1226 1493 1275 1552 est
1309 1487 1342 1550 ia
1371 1494 1457 1550 terra
1491 1485 1645 1570 Gelixaaj
1674 1507 1746 1550 cum
1778 1485 1968 1550 Castellario
2002 1494 2034 1550 et
2066 1485 2188 1550 iuribus

374 1597 525 1664 omuibus
546 1597 766 1682 spectantibus
789 1597 831 1660 ad
854 1597 975 1660 dictum
998 1589 1128 1681 podere,
1152 1596 1228 1660 itera
1253 1596 1284 1658 ia
1310 1601 1407 1676 terre,
1432 1615 1530 1679 quam
1553 1595 1630 1657 emit
1653 1615 1672 1657 a
1695 1593 1823 1658 domino
1846 1593 2044 1678 Pasipovero
2072 1593 2188 1675 Baioli,

371 1704 476 1789 posita
500 1704 532 1767 in
557 1703 646 1768 ouria
670 1711 780 1768 sancte
803 1703 953 1786 Helleae,
977 1704 1111 1784 iteruin
1135 1710 1227 1789 parte
1243 1702 1421 1786 domorum,
1440 1722 1520 1787 quas
1544 1701 1621 1764 emit
1637 1700 1803 1782 sabinillus,
1821 1701 1943 1766 scilieet
1967 1701 2000 1763 ia
2022 1721 2062 1764 ea
2084 1705 2188 1785 parte,

374 1831 435 1896 quc
461 1810 521 1874 fuit
544 1811 683 1874 filiorum
716 1809 878 1895 quondam
909 1809 1031 1876 domiai
1060 1809 1303 1893 Bartholomcj3
1327 1816 1360 1872 et
1391 1829 1430 1872 ea
1462 1813 1554 1894 parte
1586 1807 1678 1871 iussit
1712 1829 1786 1871 eum
1820 1828 1890 1871 esse
1926 1813 2121 1871 contentum.
2145 1806 2188 1871 Et

373 1917 551 1982 Hearicum
575 1917 755 2003 predictum
776 1918 808 1980 in
825 1917 964 2002 quodam
981 1937 1038 1981 suo
1056 1917 1174 2002 podere
1194 1917 1255 1980 sito
1273 1917 1305 1979 ia
1322 1916 1410 1980 ouria
1427 1915 1529 1979 sancti
1545 1915 1704 1979 Johaaais
1720 1915 1753 1978 in
1771 1914 1896 1978 Triario
1910 1916 2006 1999 juxta
2024 1915 2188 2000 Sapinam,

373 2024 458 2110 quod
481 2024 542 2090 fuit
567 2024 701 2109 Soldaaj
725 2025 764 2088 de
789 2024 951 2106 Galueiis,
977 2024 1053 2087 item
1067 2103 1068 2108 ἵ
1084 2024 1115 2086 ἰιι
1141 2023 1306 2106 domibus,
1331 2043 1411 2107 quas
1434 2023 1512 2086 erait
1535 2021 1576 2085 ab
1599 2021 1771 2086 heredibus
1795 2021 1957 2107 quondam
1989 2021 2190 2108 Boareeupri

375 2131 544 2218 Speeiarij,
570 2132 646 2194 item
670 2131 702 2194 iu
729 2130 868 2217 quadarn
892 2132 984 2216 pecie
1008 2131 1092 2194 terre
1116 2131 1255 2195 aratoris
1278 2137 1310 2194 et
1332 2130 1461 2193 vineato
1483 2129 1589 2215 posita
1605 2129 1637 2192 ia
1658 2129 1794 2214 guardia
1818 2129 1956 2194 civitatis
1979 2128 2011 2192 ia
2036 2129 2189 2193 contratis

270 2324 272 2328 ι
374 2238 611 2320 Misericordia,
636 2239 713 2302 item
737 2239 770 2301 ia
794 2237 933 2323 quadam
957 2238 1049 2323 pecia
1071 2244 1156 2301 terre
1180 2238 1308 2302 vineato
1332 2237 1437 2323 posita
1460 2237 1492 2299 ia
1528 2236 1617 2300 ouria
1648 2237 1752 2300 saneti
1782 2236 1944 2322 Rephilli3
1969 2243 2002 2300 et
2031 2256 2071 2299 ea
2097 2243 2189 2322 parte

373 2346 465 2410 iussit
490 2367 564 2409 eura
588 2367 657 2409 esse
683 2351 879 2409 contentum.
905 2344 1094 2410 Charatiura
1123 2366 1199 2408 vero
1227 2345 1260 2407 ia
1284 2344 1349 2408 alia
1372 2343 1543 2407 medietate
1568 2345 1665 2408 totius
1688 2343 1765 2407 dieti
1788 2343 1916 2429 poderis
1941 2342 1979 2406 de
2002 2342 2188 2427 Medesauo,

374 2474 435 2537 que
464 2451 619 2516 medietas
653 2458 701 2516 est
732 2453 1098 2537 centumquiaquagiata
1129 2458 1386 2534 tornaturerum,
1410 2451 1487 2515 item
1517 2451 1550 2514 in
1581 2457 1648 2515 toto
1679 2450 1815 2536 podere,
1840 2450 1925 2536 qaod
1960 2457 2008 2514 est
2036 2452 2069 2514 ia
2100 2452 2189 2516 ouria

373 2559 552 2644 Argellate,
576 2559 643 2623 sive
667 2559 843 2641 Veaezaai,
868 2559 945 2622 item
972 2559 1005 2622 ia
1028 2559 1168 2644 quadam
1192 2559 1283 2644 peeia
1305 2566 1390 2622 terre
1414 2559 1552 2640 vineato,
1569 2559 1674 2644 posita
1694 2558 1727 2621 iu
1750 2559 1922 2622 contractis
1947 2558 2186 2644 Oeddalenghc,

373 2667 450 2731 item
474 2666 506 2729 in
530 2666 670 2751 quadam
694 2666 788 2730 domo
811 2667 917 2752 posita
940 2667 973 2729 in
997 2667 1105 2752 platea
1128 2667 1243 2730 maiori
1266 2667 1356 2728 iuxta
1380 2665 1510 2729 domum
1534 2664 1703 2730 Societatis
1727 2665 1943 2748 notariorum,
1968 2673 2000 2730 et
2027 2688 2066 2730 ea
2097 2675 2188 2753 parte

372 2774 464 2838 iussit
487 2793 561 2836 eum
584 2795 654 2837 esse
678 2780 874 2837 contentum.
899 2773 989 2848 Ques
1013 2794 1064 2837 res
1089 2795 1198 2837 omnes
1223 2773 1310 2836 dedit
1334 2772 1485 2858 predictis
1502 2773 1567 2837 suis
1584 2773 1658 2835 filiis
1683 2773 1715 2835 ia
1739 2772 1897 2858 premium
1912 2774 2187 2860 emancipationis,

371 2887 406 2946 ut
429 2887 555 2945 coastat
579 2902 621 2944 ex
644 2881 856 2944 instrumento
881 2881 999 2966 scripto
1020 2901 1117 2944 maan
1133 2879 1287 2944 Petrizoli
1302 2879 1444 2944 Hearice
1461 2879 1589 2963 notarij,
1607 2880 1719 2944 volcas
1736 2886 1767 2943 et
1783 2880 1940 2944 mandans
1957 2881 2042 2966 qaod
2058 2880 2187 2967 podere,

371 2987 456 3073 qued
480 2987 541 3050 fuit
563 2987 654 3050 Petri
676 2986 845 3070 Maraairij
871 2994 903 3050 et
926 2994 974 3050 est
998 2986 1089 3049 iuxta
1114 2985 1278 3071 Sapiaanr,
1295 2992 1462 3049 remaneat
1485 2986 1516 3049 ia
1542 2985 1703 3050 corrnauni
1719 3007 1776 3071 pro
1794 2985 2021 3050 satisfaciendo
2042 2986 2188 3052 doetibus

371 3095 481 3158 uxoris
505 3094 581 3158 dicti
605 3093 725 3158 domiai
748 3093 844 3157 Pauli
868 3103 900 3158 ct
924 3094 1034 3157 uxoris
1058 3093 1135 3156 dicti
1158 3092 1304 3174 Raurici,
1329 3093 1368 3155 de
1393 3113 1456 3178 quo
1479 3093 1598 3178 podere
1621 3093 1741 3156 habeat
1763 3099 1890 3156 tantum
1913 3093 2017 3158 dictus
2040 3095 2188 3158 dominus

370 3202 503 3282 Paulus,
521 3201 608 3287 quod
631 3201 739 3265 valeat
764 3201 1129 3286 centumquinquagiata
1153 3200 1253 3264 libras
1277 3201 1519 3265 bononenorum
1536 3200 1577 3263 ad
1593 3200 1769 3264 rectionem
1786 3206 1857 3264 octo
1874 3200 2031 3264 librarum
2048 3203 2188 3266 bonone·

372 3330 485 3373 uorum
510 3330 567 3394 pro
591 3315 769 3372 tornatura.
794 3307 837 3371 Et
860 3308 963 3372 dietus
987 3307 1150 3372 Hearious
1174 3308 1293 3372 habeat
1315 3314 1442 3370 tantum
1466 3307 1658 3392 quingentas
1683 3307 1822 3392 tregiuta
1853 3308 1933 3370 diras
1964 3308 2063 3372 libras
2089 3309 2187 3374 bono-

372 3437 527 3480 aeaorum
551 3416 592 3478 ad
609 3415 728 3479 dietam
744 3415 903 3479 rationem
918 3436 977 3500 pro
993 3414 1140 3478 doctibus
1157 3414 1359 3499 supradictis.
1377 3413 1572 3478 Rossiduura
1587 3435 1664 3478 vero
1681 3413 1757 3478 dicti
1774 3408 1901 3499 poderis
1918 3415 1959 3478 sit
1975 3422 2006 3478 et
2022 3425 2189 3482 remaneat

371 3523 404 3585 ia
429 3522 599 3586 communi.
617 3521 701 3586 Item
724 3521 826 3586 veluit
849 3528 882 3584 et
904 3521 1071 3585 mandavit
1094 3521 1180 3606 quod
1204 3522 1232 3586 si
1252 3542 1328 3606 pars
1352 3521 1487 3585 alicuius
1511 3521 1670 3585 dictorum
1693 3542 1824 3586 suorum
1847 3521 1986 3586 filiorum
2010 3524 2188 3589 eviceretur·

372 3630 413 3694 ab
437 3651 474 3694 eo
498 3630 530 3693 in
555 3637 658 3693 toturn
681 3629 732 3693 vel
758 3631 788 3693 ia
813 3635 948 3716 partem,
967 3629 1052 3715 quod
1076 3629 1255 3714 perieulum
1278 3629 1445 3694 evictionis
1466 3629 1507 3694 sit
1528 3651 1662 3694 comune
1687 3629 1829 3692 omnium
1853 3629 2010 3694 dictorum
2033 3631 2187 3718 fratrum3

371 3745 518 3823 preterea
541 3739 568 3801 si
592 3738 709 3824 aliquis
734 3759 845 3801 eorum
869 3737 1042 3802 decesserit
1065 3759 1102 3802 eo
1127 3739 1273 3820 vivente,
1298 3739 1332 3800 in
1355 3744 1480 3824 partem
1504 3738 1573 3801 eius
1601 3738 1743 3801 sustituit
1765 3738 1795 3801 ei
1819 3738 1901 3802 filios
1928 3739 1997 3802 eius
2028 3743 2188 3808 masculos

372 3853 465 3909 natos
488 3852 520 3909 et
543 3845 732 3910 nascituros.
756 3845 799 3908 Et
822 3845 905 3909 heae
929 3867 1021 3910 suam
1052 3845 1198 3908 ultimam
1230 3845 1430 3909 voluntatem
1454 3844 1592 3908 asseruit
1614 3865 1684 3908 esse
1708 3845 1809 3928 velle,
1834 3866 1929 3931 qaam
1954 3846 2062 3911 valere
2087 3850 2189 3915 voluit

371 3953 440 4016 iure
464 3952 664 4034 testamenti,
691 3951 775 4037 quod
799 3953 826 4015 si
847 3953 920 4036 jare
945 3952 1130 4015 testamenti
1152 3973 1225 4016 cam
1248 3973 1312 4016 noa
1335 3952 1444 4016 valere
1469 3952 1679 4037 contingeret,
1697 3953 1806 4016 valeat
1826 3953 1942 4016 saltem
1965 3953 2033 4018 iure
2051 3955 2188 4022 Codicil-

372 4060 486 4142 lorum,
508 4059 559 4122 vel
583 4059 651 4122 iure
676 4059 845 4124 cuiuslibet
869 4059 1005 4123 alicuius
1028 4059 1140 4123 ultime
1164 4059 1350 4141 voluntatis,
1368 4079 1431 4144 quo
1455 4059 1569 4122 melius
1593 4059 1702 4123 valere
1725 4060 1839 4146 potuit,
1857 4081 1930 4123 cum
1953 4062 2100 4126 omuibus
2117 4064 2189 4129 aliis

372 4167 403 4230 ia
421 4165 505 4230 dieto
523 4172 714 4230 testamento
730 4166 858 4230 insertis
875 4188 916 4230 ex
941 4167 1152 4230 instrumento
1172 4165 1327 4230 Petrizoli
1343 4165 1522 4230 Johaaaiai
1536 4166 1678 4231 Hearice
1696 4167 1812 4251 notarij
1829 4167 1924 4231 hodie
1941 4167 2027 4232 facto
2043 4168 2189 4237 Bononio

371 4275 403 4337 ia
427 4294 555 4337 camere
579 4273 656 4336 dicti
679 4273 851 4356 testatoris,
872 4273 1075 4359 presentibus
1099 4273 1278 4359 presbitero
1302 4273 1532 4338 Bartholomeo
1556 4280 1680 4338 rectore
1706 4274 1841 4338 ecclesie
1865 4275 1968 4340 sancti
1992 4275 2177 4364 Geminiaaj

373 4381 428 4466 qui
451 4381 588 4444 asseruit
611 4401 805 4465 cognoscere
828 4381 949 4445 dietum
971 4385 1169 4464 testatorem,
1187 4388 1219 4444 et
1242 4402 1316 4444 eum
1339 4402 1409 4446 esse
1434 4403 1510 4445 sane
1535 4381 1661 4464 mentis,
1678 4381 1778 4446 fratre
1794 4381 1929 4449 Nieolao
1946 4385 1985 4448 de
2001 4385 2188 4452 Priteaibus

372 4487 502 4552 Ordinis
524 4488 639 4552 Militis
664 4487 766 4551 Beate
790 4487 903 4570 Mario,
921 4487 1050 4552 domino
1074 4487 1191 4572 Egidio
1216 4488 1377 4574 quondam
1401 4489 1522 4553 domini
1545 4490 1696 4573 Jacobiuj
1717 4489 1756 4553 de
1773 4488 1913 4575 Ugiano,
1931 4491 2104 4558 Francisco
2119 4495 2188 4558 eins

370 4595 447 4677 filio,
472 4595 600 4658 domino
625 4593 788 4658 Thomaze
812 4596 958 4679 magistri
981 4595 1083 4680 Magn
1107 4595 1146 4658 de
1171 4595 1362 4678 Sillimanis,
1388 4595 1535 4660 Gnidoae
1560 4595 1681 4660 domini
1704 4596 1894 4680 Ardieoais,
1921 4598 2063 4666 Martiae
2088 4623 2188 4686 quon-

371 4703 446 4766 dam
470 4701 635 4785 Gaidoaij,
652 4702 810 4765 Michaele
835 4702 996 4788 quondam
1016 4703 1256 4784 Boaaveature,
1272 4703 1401 4790 Filippo
1419 4703 1581 4790 quondam
1598 4703 1719 4768 domiai
1734 4703 1933 4769 Laafrauehi
1949 4713 1981 4770 ct
1997 4707 2188 4774 Sillimaaao

372 4808 533 4896 quondam
554 4807 713 4872 dohanais
737 4809 776 4872 de
802 4809 979 4874 Sillirnauis
1002 4817 1210 4895 procuratore
1235 4810 1312 4874 dicti
1335 4810 1498 4875 testatoris
1522 4811 1563 4874 ad
1587 4809 1771 4875 faciendum
1794 4812 1871 4897 poni
1898 4813 2043 4898 predicta
2066 4815 2099 4879 ia
2122 4839 2188 4882 me·

371 4916 569 4996 morialibus,
586 4916 721 4980 testibus
741 4937 760 4980 a
785 4916 869 4980 dicto
894 4924 1046 4980 testatore
1070 4917 1208 5002 rogatis;
1224 4925 1257 4980 et
1273 4917 1318 4982 sie
1341 4917 1445 4982 dietus
1468 4917 1626 5003 presbiter
1649 4917 1897 4983 Bartholomeus
1920 4927 1952 4984 et
1976 4920 2185 4988 Sillimannus

371 5030 559 5112 procurator
583 5045 646 5087 una
671 5045 744 5088 cum
767 5024 852 5088 dieto
877 5026 1001 5089 notario
1021 5033 1189 5108 venerunt,
1206 5025 1358 5091 dixerunt
1381 5034 1413 5090 et
1435 5026 1533 5110 seribj
1558 5025 1713 5091 fecerunt.
1734 5026 1860 5091 Retulit
1882 5027 2068 5093 Michiliaus
2091 5031 2187 5097 Jaco-

370 5133 449 5217 biaj,
474 5131 604 5196 nuntius
628 5129 812 5196 Corruauais
835 5119 981 5197 Bononio
1006 5133 1121 5196 missus
1144 5153 1201 5219 per
1224 5155 1275 5197 me
1299 5133 1508 5218 Aymerieum
1532 5133 1655 5198 Orandi
1678 5134 1839 5198 notarium
1862 5133 1904 5199 sd
1924 5135 2136 5221 Memorialia,
2153 5161 2187 5204 se

371 5239 438 5304 alta
453 5246 485 5302 et
508 5238 660 5324 preconia
683 5259 761 5302 voce
785 5239 925 5303 eridasse
949 5239 982 5303 iu
1006 5245 1153 5305 contrata
1176 5247 1208 5303 et
1231 5245 1306 5304 ante
1330 5241 1460 5306 domum
1483 5240 1560 5306 dieti
1582 5241 1756 5324 testatoris,
1773 5242 1907 5306 diceudo
1929 5244 2016 5328 quod
2039 5244 2187 5310 domiuus

369 5345 528 5410 Martinus
553 5345 592 5408 de
618 5343 837 5425 Sullimaanis,
855 5353 989 5411 testator
1011 5346 1184 5432 predictus,
1202 5369 1294 5412 suma
1318 5347 1460 5412 condidit
1483 5347 1853 5412 ultimemvoluntatear
1875 5348 1909 5412 iu
1928 5351 2090 5435 presentia
2111 5352 2187 5417 dieti

370 5452 541 5540 presbiteri
568 5452 701 5516 rectoris
729 5452 812 5517 dicte
840 5453 984 5535 ecclesie,
1009 5454 1212 5539 presentibus
1245 5454 1394 5520 Gnidoae
1425 5456 1587 5541 quondam
1620 5455 1740 5520 demini
1771 5454 1954 5520 Ardiziouis
1984 5466 2016 5521 et
2045 5458 2187 5524 Martiae

370 5559 532 5646 quondam
556 5557 714 5622 Guidenis
737 5560 873 5623 testibus
897 5567 929 5624 et
951 5561 1065 5625 vicinis
1088 5560 1165 5625 dicti
1188 5563 1361 5644 testatoris,
1385 5563 1501 5628 etheo
1525 5563 1635 5626 retulit
1659 5584 1693 5626 se
1717 5562 1831 5627 fecisse
1855 5562 1941 5627 dieta
1965 5563 2027 5628 die.

457 5772 515 5856 (L.
532 5773 554 5854 †
572 5771 619 5854 S.)
643 5772 714 5858 Ego
738 5773 930 5860 Aymerieus
955 5775 1090 5858 Orandi,
1106 5775 1265 5862 imperiali
1290 5777 1481 5842 auctoritate
1505 5778 1649 5842 notarius
1673 5786 1705 5843 et
1728 5799 1812 5843 aune
1829 5781 1973 5844 notarius
1990 5780 2103 5845 Officio
2120 5803 2186 5846 ms·

369 5881 561 5962 morialium,
586 5886 743 5967 utsupra
768 5881 897 5966 legitur,
921 5883 1045 5969 scripsi,
1069 5883 1254 5969 subscripsi,
1279 5884 1416 5969 signavi.
