5544 7750
653 605 727 675 288

989 783 1195 848 Novanana.

712 888 879 954 Kalendis.
904 891 967 955 Hic
986 891 1104 977 incepit
1120 890 1236 954 annale
1259 889 1448 975 obsequium
1472 911 1530 976 pro

649 996 757 1060 aalma
780 997 947 1062 Matillidis
971 999 1081 1062 matris
1107 997 1242 1064 Seffredi
1268 998 1398 1082 anglici.

710 1103 806 1168 VIII.
832 1105 912 1169 idus.
949 1106 1040 1190 Objit
1075 1107 1224 1170 domiuus
1254 1104 1455 1170 Raimundus
1489 1103 1529 1168 de

647 1212 819 1296 Avinione,
844 1214 1067 1299 provincialis,
1092 1222 1206 1278 octavo
1230 1214 1281 1276 die
1306 1215 1446 1276 intrante
1472 1233 1526 1276 uo-

647 1321 782 1403 vembri,
807 1321 846 1385 de
871 1344 934 1407 quo
957 1323 1128 1386 habuimus
1151 1322 1226 1386 XX.
1251 1321 1357 1386 soldos
1382 1321 1455 1385 bon.

709 1428 786 1493 VII.
812 1429 893 1494 idus.
921 1431 1017 1494 Anno
1047 1431 1178 1495 Domini
1209 1429 1402 1494 hIOOLXX.
1437 1427 1528 1512 Objit

647 1535 795 1614 dominus
827 1537 993 1602 Galvanus
1021 1539 1060 1603 de
1084 1539 1323 1624 Allegraleore,
1348 1537 1459 1602 (lector
1482 1537 1527 1600 le-

647 1665 733 1728 gum,
744 1645 857 1728 judex,
873 1654 980 1710 noster
993 1647 1113 1710 amIcus
1127 1647 1307 1710 oetimustll
1321 1653 1352 1709 et
1366 1645 1526 1730 perfectus

647 1758 754 1814 nostre
779 1751 909 1834 domus,
934 1753 973 1816 de
998 1775 1060 1838 qno
1083 1753 1254 1817 habuimus
1285 1774 1385 1816 unum
1408 1752 1527 1816 bonum

646 1863 679 1920 et
703 1858 854 1922 cetimum
876 1860 1115 1925 baldachinum.
1140 1860 1277 1925 Oremus
1301 1882 1359 1946 pro
1383 1881 1432 1923 eo.

709 1964 800 2050 Objit
824 1966 999 2049 Gerardus,
1020 1968 1224 2032 bonomensis
1248 1968 1426 2054 episcopus.

707 2073 770 2138 III.
789 2073 869 2138 idus.
888 2075 978 2160 Ohjit
1001 2075 1196 2140 Guallrcdus
1220 2077 1380 2160 aquensis,
1406 2074 1444 2138 de
1462 2095 1525 2159 quo

645 2181 816 2245 habuimus
839 2182 914 2246 XX.
932 2183 1038 2246 soldos
1063 2184 1315 2264 bononenorurn,
1332 2183 1469 2247 cultram
1494 2189 1526 2246 et

645 2287 690 2352 II.
715 2289 913 2354 linteamina.

706 2397 816 2461 XVII.
840 2398 1006 2462 kalendas.
1025 2397 1116 2482 Objit
1138 2400 1292 2483 magister
1317 2397 1524 2461 quilielmus

644 2505 683 2570 de
702 2513 813 2570 sancto
828 2506 1000 2588 Oennauo,
1018 2507 1204 2593 capellanus
1221 2507 1341 2570 domini
1357 2528 1451 2592 pape,
1470 2507 1523 2592 qui

643 2613 733 2677 dedit
754 2614 888 2678 ecclesie
905 2615 1007 2678 sancti
1026 2614 1202 2678 Salvatoris
1220 2635 1319 2678 unum
1335 2614 1474 2694 missale,
1492 2615 1524 2676 in

644 2743 707 2807 quo
724 2721 819 2785 solvit
835 2721 926 2785 XIV.
940 2722 1040 2785 libras
1057 2729 1089 2786 et
1105 2721 1280 2803 dimidiam,
1294 2729 1326 2785 et
1343 2743 1400 2806 pro
1417 2722 1525 2784 anima

643 2849 702 2893 sua
718 2828 856 2914 reliquid
873 2829 964 2892 nobis
981 2829 1022 2892 X.
1039 2829 1138 2892 libras
1155 2829 1229 2893 bou.
1248 2829 1346 2894 Orate
1364 2851 1421 2914 pro
1439 2851 1488 2892 co.

705 2937 797 3001 XVI.
816 2938 981 3002 kalendae.
1000 2938 1090 3022 Objit
1107 2939 1261 3023 magister
1278 2938 1408 3003 Samuel
1425 2939 1524 3002 frater

644 3052 762 3126 noster,
773 3044 811 3108 de
829 3067 891 3130 quo
908 3045 1078 3108 habuimus
1095 3045 1137 3108 X.
1155 3046 1254 3108 libras
1270 3046 1522 3128 bononenorum,

643 3160 675 3216 ct
698 3151 738 3216 V.
763 3153 863 3216 libras
887 3153 1011 3239 capella
1036 3153 1139 3216 saneti
1163 3153 1296 3216 Tharne.

704 3258 781 3322 VII.
794 3258 962 3324 kalendas.
978 3259 1050 3324 Hoo
1068 3260 1180 3324 eodem
1197 3260 1247 3324 die
1263 3261 1420 3324 concessit
1437 3261 1524 3346 prior

642 3373 674 3430 et
698 3375 874 3432 conventus
898 3367 982 3452 quod
1004 3368 1139 3452 singulis
1156 3367 1249 3431 annis
1265 3368 1447 3432 dicerentur
1462 3368 1521 3432 IV.

642 3475 737 3539 misse
762 3497 819 3561 pro
844 3475 1020 3558 defunctis,
1045 3475 1106 3539 due
1140 3476 1224 3562 apud
1254 3475 1381 3540 Renum
1405 3483 1437 3540 ct
1460 3476 1521 3540 due

641 3583 727 3669 apud
751 3591 897 3648 sanctum
922 3583 1125 3649 Salvatorern
1149 3583 1188 3648 de
1211 3584 1359 3672 Bononia
1379 3606 1437 3670 pro
1454 3585 1522 3648 aui·

641 3692 754 3755 mabus
778 3691 936 3756 Willelrni
960 3692 999 3756 de
1023 3691 1197 3774 Wundam,
1215 3699 1247 3756 ct
1263 3693 1315 3756 avi
1332 3693 1467 3756 materni
1490 3701 1522 3756 et

640 3799 712 3864 avie
736 3808 879 3864 materne
903 3809 936 3864 et
967 3800 1103 3864 aliorum
1132 3806 1370 3864 antecessorum
1402 3800 1547 3889 domini.

639 3907 800 3972 Willelmi
823 3906 862 3972 de
886 3956 1026 3972 .....
1041 3909 1080 3972 (2)

703 4015 743 4080 V.
760 4015 927 4079 kalendas.
953 4015 1043 4100 Objit
1065 4015 1201 4080 Pontius
1225 4016 1264 4080 de
1281 4016 1406 4098 Cautio,
1431 4016 1520 4080 bevi-

639 4123 785 4189 terrentii
801 4122 1030 4210 episcopatuls]
1040 4123 1089 4205 (3),
1107 4123 1145 4186 de
1163 4145 1226 4209 quo
1241 4123 1417 4188 habuimus
1429 4125 1469 4188 V.
1483 4125 1520 4188 li-

639 4230 714 4295 bras
737 4231 991 4296 bononenorum.

701 4338 745 4402 II.
767 4338 959 4422 [kalendasl.
976 4339 1072 4404 Anno
1095 4340 1227 4404 Domini
1249 4339 1398 4405 MOOXI.
1425 4339 1516 4424 Objit

638 4447 793 4532 magister
805 4445 1018 4531 Raigeriusl4)
1031 4447 1203 4512 eanonicus
1216 4447 1349 4511 slllaric
1362 4447 1401 4512 de
1415 4447 1517 4512 Reno.

979 4592 1182 4656 Dacunrrma.

699 4716 745 4782 II.
766 4739 867 4781 nouas
880 4717 929 4782 (5).
952 4717 1042 4802 Objit
1058 4717 1205 4781 dominus
1220 4716 1398 4800 Raudium,
1416 4720 1518 4804 magi·
1550 4721 1552 4724 ’

636 4833 703 4891 ster
724 4826 844 4910 legum,
869 4847 953 4890 auno
977 4825 1108 4890 Domini
1131 4823 1367 4916 MOOXVIII.;
1389 4826 1428 4890 de
1453 4849 1516 4912 quo

635 4933 806 4998 habuimus
829 4934 893 4998 III.
919 4934 1017 4998 libras
1041 4934 1295 4998 bononenorum.

733 5077 873 5129 Baudinus
893 5076 997 5129 Tuscus
1016 5077 1120 5145 Legum
1139 5077 1284 5146 splendore
1304 5094 1443 5142 coruscus,

734 5169 766 5219 In
784 5167 848 5220 Pisa
867 5172 956 5231 natus,
972 5167 1049 5234 jacet
1068 5166 1119 5218 hoc
1138 5167 1243 5218 tumulo
1264 5166 1422 5218 tumulatus.

697 5296 746 5360 Id.
763 5295 926 5380 Rugerius
937 5294 1140 5381 provintialis
1157 5294 1303 5359 achensis
1320 5294 1407 5359 dedit
1423 5296 1515 5360 nobis

633 5403 705 5470 LX.
730 5404 849 5468 solidos
884 5402 1118 5466 bononiuorum
1149 5423 1207 5487 pro
1232 5401 1375 5465 fatienda
1403 5403 1516 5466 tabula

633 5513 728 5578 beate
754 5511 868 5594 Mario,
893 5532 989 5596 quem
1016 5509 1149 5574 fecimus
1177 5510 1366 5596 participem
1394 5519 1516 5574 nostra·

633 5643 705 5686 rum
728 5621 910 5685 orationum
933 5625 965 5682 et
989 5617 1130 5681 omnium
1161 5617 1318 5681 bonorum
1350 5638 1411 5703 que
1435 5617 1515 5682 fiunt

633 5727 718 5816 apud
742 5749 811 5792 nos.

692 5982 731 6046 (1)
750 5979 803 6031 Sic.

692 6073 730 6134 (2)
751 6070 783 6122 In
804 6070 951 6138 necrologii
971 6068 1143 6136 apographo:
1164 6064 1259 6118 mitari.

694 6162 732 6227 (8)
751 6161 825 6229 Lege
845 6161 936 6211 forsan
956 6158 1113 6210 Br'lereuar's.

693 6253 731 6318 (4)
751 6251 897 6302 Fortasse:
916 6250 1055 6315 Nipcrv'uo.

694 6344 732 6408 (5)
752 6341 822 6392 Vide
842 6340 892 6391 sub
912 6341 954 6391 die
974 6340 1014 6392 II.
1034 6356 1087 6391 non
1108 6339 1177 6391 febr.

691 6434 729 6497 (6)
749 6431 817 6483 Vel:
837 6431 869 6481 da
889 6430 1015 6482 Lieealro.

692 6524 730 6586 (7)
742 6520 898 6572 InterActa
909 6519 1107 6572 Oanouicorum
1121 6520 1209 6572 sancti
1220 6519 1353 6571 Johannis
1368 6520 1393 6570 in
1408 6519 1510 6586 Monte,

1403 629 1724 680 Monumauroaum

1659 782 1718 846 XI.
1744 784 1910 849 kalendas.
1944 785 2035 870 Objit
2065 785 2226 850 Robertus
2262 786 2301 848 de
2333 785 2470 849 Cicestro

1595 893 1799 978 episcopatus
1824 893 1940 958 Sancte
1966 895 2133 958 Trinitatis
2147 893 2195 958 (6).

1656 999 1698 1063 X.
1723 1000 1890 1066 kalendas.
1916 1001 2006 1085 Objit
2030 1003 2184 1087 magister
2207 1002 2356 1080 Ballitus,
2377 1021 2468 1064 canu·

1593 1106 1684 1170 nicus
1708 1118 1818 1172 sancte
1843 1108 1944 1172 Maria
1969 1110 2009 1172 de
2033 1109 2136 1174 Reno,

1654 1214 1700 1278 II.
1718 1215 1884 1279 kalendas.
1903 1215 1993 1300 Objit
2011 1217 2141 1302 quidam
2156 1215 2322 1280 Iohannes
2344 1215 2469 1278 nomine

1593 1321 1632 1385 de
1657 1321 1825 1405 Glemona,
1851 1324 2006 1388 scholaris
2031 1324 2248 1408 aquilejensis,
2265 1323 2304 1387 de
2328 1344 2391 1407 quo
2414 1322 2469 1385 ha·

1592 1427 1719 1492 buimus
1754 1451 1852 1494 unum
1883 1431 2016 1495 calicem
2041 1439 2230 1516 argenteum
2254 1439 2284 1494 et
2309 1431 2469 1516 planetam

1592 1557 1663 1600 curn
1687 1545 1754 1600 toto
1778 1546 1978 1623 paramento,
2003 1561 2061 1624 pro
2086 1560 2150 1624 quo
2173 1547 2319 1603 tenemur
2343 1559 2445 1600 orare.

1654 1643 1744 1728 Obijt
1767 1644 1915 1709 dominus
1938 1645 2098 1710 Radulfus
2122 1646 2342 1710 antiochenus.

2002 1859 2063 1925 XI.

1653 2072 1705 2135 Ea
1722 2071 1897 2160 Necrolopio
1912 2075 2137 2140 Cononicorurn
2156 2079 2252 2140 suncti
2268 2075 2422 2139 Jolmnnis
2439 2079 2470 2138 ia

1591 2179 1695 2244 Iloute
1718 2190 1743 2246 el
1766 2186 1864 2246 asineti
1890 2183 2029 2266 Victoris,
2054 2187 2116 2248 iam
2140 2187 2172 2247 in
2196 2184 2328 2248 Archiae
2351 2205 2468 2248 eorum-

1590 2289 1657 2352 deur
1684 2289 1907 2355 Cuuonieorurn
1921 2293 1970 2356 (7).

1926 2505 2123 2570 diurnales

1650 2612 1771 2676 Idibus.
1797 2612 1886 2677 Obiit
1919 2613 2065 2677 dominus
2091 2613 2258 2682 Johaunes
2290 2615 2468 2701 Episcopus

1587 2719 1793 2784 bononiensis
1818 2721 2085 2785 lllOLXXXVII.

1649 2827 1710 2891 XI.
1735 2827 1892 2891 kalendas
1916 2829 2080 2892 februarii.
2099 2827 2188 2892 Obiit
2204 2829 2351 2892 dominus
2370 2830 2469 2895 frater

1589 2934 1780 2998 Ouilielmus
1805 2935 1881 2998 elim
1905 2935 2025 2998 dommi
2052 2934 2263 3016 Lambertini,
2284 2937 2470 3002 benefactor

1588 3050 1620 3104 et
1635 3042 1756 3104 amicus
1775 3050 1892 3124 noster,
1911 3057 1994 3106 urrno
2015 3042 2144 3106 Domini
2162 3043 2401 3126 liccem,
2420 3046 2469 3110 dia
2495 3115 2498 3122 ,

1586 3147 1711 3212 XXIV.
1726 3148 1879 3232 januarii,
1897 3158 1929 3212 et
1953 3150 2098 3235 sepultus
2122 3157 2170 3214 est
2191 3151 2222 3212 in
2243 3151 2304 3214 ista
2321 3153 2468 3216 eeclesia.

1649 3255 1707 3318 IV.
1722 3255 1888 3320 kalendas.
1903 3257 1991 3320 Obiit
2009 3257 2039 3321 d.
2054 3257 2217 3322 Gerendus
2235 3259 2397 3343 quondum
2416 3261 2469 3324 bo·

1586 3365 1749 3428 noniensis
1773 3366 1952 3452 episeopus,
1974 3368 2146 3432 canonicus
2170 3375 2203 3432 et
2227 3367 2326 3430 frater
2351 3376 2469 3433 noster.

1911 3473 2144 3538 Festinamus,

1649 3578 1770 3644 Idibus.
1801 3579 1890 3644 Obiit
1914 3580 2092 3644 Walterius
2124 3581 2382 3668 archiepiscopus
2419 3604 2469 3646 ra·

1585 3707 1722 3768 vennam
1740 3687 1827 3750 vivat
1844 3689 1877 3750 in
1893 3687 2020 3752 Christo
2037 3709 2165 3772 gemma
2181 3689 2394 3770 sacerdotum,
2410 3711 2468 3775 pro

1586 3814 1649 3879 quo
1665 3793 1724 3857 IX.
1742 3794 1800 3857 lee.
1818 3794 1963 3876 facimus,
1982 3795 2035 3881 qni
2053 3796 2153 3859 multa
2171 3796 2254 3860 bona
2270 3797 2346 3860 feeit
2363 3797 2468 3862 nobis.

1647 3900 1720 3965 XV.
1739 3901 1895 3965 kalendas
1911 3902 2026 3965 martii.
2045 3901 2134 3968 Obiit
2154 3904 2307 3988 magister
2323 3903 2469 3969 «Iacobus

1585 4006 1624 4071 de
1648 4007 1839 4072 Christianis
1863 4009 2004 4072 medicus
2030 4017 2138 4073 noster
2158 4010 2405 4075 MOOOXXIX.

1646 4114 1705 4179 VI.
1722 4116 1889 4179 kalendas.
1910 4116 1999 4183 Obiit
2022 4117 2218 4202 Peregrinus
2242 4118 2332 4182 Petri
2354 4119 2468 4184 Hone-

1584 4222 1634 4304 sti,
1656 4222 1695 4286 de
1719 4245 1781 4308 quo
1810 4223 1981 4288 habuimus
2006 4225 2107 4288 multa
2130 4225 2233 4308 bona,
2250 4233 2385 4311 patruus
2412 4227 2468 4291 do·

1583 4330 1661 4394 mini
1684 4331 1850 4394 Altachini
1873 4332 1999 4416 prioris,
2016 4332 2138 4396 scilieet
2161 4354 2258 4396 unam
2283 4333 2415 4397 domurn
2437 4342 2469 4398 et

1581 4437 1739 4502 XXXVI.
1763 4439 1914 4524 pecudes,
1932 4446 1963 4503 et
1987 4447 2051 4503 tres
2072 4440 2170 4505 eletos
2180 4441 2217 4505 (8)
2232 4449 2416 4524 argenteos,
2435 4448 2467 4506 ct

1582 4565 1682 4608 unum
1706 4545 1932 4610 baldachinum
1957 4569 2041 4611 aurio
2066 4547 2160 4611 Dom.
2185 4547 2466 4613 hIOCLXXXVI.
2563 4529 2566 4536 Δ

1944 4654 2112 4720 Illaamos.

1644 4761 1707 4824 III.
1726 4783 1836 4825 nonas.
1861 4761 2030 4826 Dedicatio
2055 4764 2188 4828 ecclesie
2205 4766 2308 4828 sancti
2323 4765 2468 4830 Victoris

1582 4868 1614 4931 in
1632 4867 1786 4932 honorem
1806 4877 1914 4932 sancte
1928 4869 2030 4934 Mario
2043 4869 2245 4956 virginiae).
2260 4872 2468 4936 Venerabilis

1581 4976 1816 5040 concanonicus
1841 4985 1948 5040 noster
1971 4977 2009 5040 P.
2026 4976 2067 5040 D.
2086 4977 2227 5042 Thomas
2251 4980 2290 5042 de
2312 4979 2468 5044 Scarduis

1581 5083 1787 5147 bononiensis
1811 5084 1907 5168 hujus
1932 5086 2120 5148 monasterii
2143 5087 2316 5172 professus.
2334 5087 2401 5151 Hic
2418 5089 2468 5151 vir

1582 5191 1768 5254 admirande
1792 5191 1971 5255 sanctitatis
1993 5191 2063 5266 luit,
2081 5194 2214 5257 caritate
2236 5193 2391 5278 fulgidus,
2411 5216 2468 5258 no·

1581 5304 1719 5362 atrorum
1736 5319 1859 5362 morum
1881 5297 2193 5382 observantissimus,
2211 5301 2242 5362 in
2260 5302 2345 5364 victu
2364 5308 2465 5386 atque

1580 5405 1699 5469 vestitu
1715 5402 1968 5488 abjectissimus,
1987 5406 2153 5492 completis
2170 5407 2264 5471 etatis
2288 5429 2344 5471 sue
2370 5408 2467 5471 annis

1578 5510 1802 5576 LXXXVIII.
1821 5519 1853 5576 ct
1876 5513 1908 5575 iu
1930 5513 2085 5597 religione
2102 5513 2260 5594 LXVII,
2278 5515 2402 5599 absque
2420 5515 2468 5579 ie·

1580 5619 1689 5684 bribus
1714 5628 1745 5684 et
1769 5621 1997 5702 anxietatibus,
2015 5621 2071 5686 sed
2088 5622 2180 5707 quasi
2197 5621 2358 5686 dormiens
2385 5623 2468 5705 [Do-

1579 5728 1678 5812 mino]
1691 5728 1827 5792 feliciter
1840 5729 1971 5792 tradidit
1984 5729 2124 5793 animam
2136 5729 2244 5794 MDV.
2258 5731 2338 5794 hora
2351 5731 2467 5796 XVII.

1578 5995 1648 6047 quaa
1668 5984 1762 6031 extant
1776 5980 1803 6030 in
1823 5980 1942 6031 Archino
1959 5979 2077 6031 Maximo
2092 5981 2260 6047 bononiensi,
2274 5982 2469 6048 Nec-rolopimu

1577 6069 1627 6120 hoe
1647 6069 1825 6134 desideratur,
1846 6086 1895 6121 nee
1916 6069 1944 6120 in
1963 6069 2051 6138 Regia
2070 6071 2242 6123 Bibliotheca
2264 6077 2357 6124 nostra
2382 6075 2469 6126 docu-

1577 6163 1700 6212 mentum
1720 6162 1883 6210 asservatur.

1639 6249 1705 6300 Erat
1724 6250 1750 6299 in
1771 6250 1929 6301 membrana
1947 6253 1973 6302 et
1991 6250 2074 6302 nitide
2094 6251 2234 6319 scripturn,
2255 6253 2302 6304 ssd
2322 6253 2420 6305 multis
2439 6253 2468 6305 iu

1576 6340 1644 6392 loeis
1663 6340 1866 6407 interpolatum.

1639 6432 1678 6495 (8)
1697 6429 1785 6498 Lege:
1806 6429 1923 6494 cyathos.

1640 6523 1678 6586 (9)
1700 6520 1762 6572 Alio
1782 6520 1950 6572 oaracthere.
