5490 7750
776 669 1008 719 SPEOTANI'IA
1036 670 1087 719 AI)
1115 670 1369 721 Paooussoaus
1398 669 1504 722 JURIS
1532 668 1708 720 OANONIOI

1134 1089 1137 1096 “
1176 1089 1304 1153 XXXI.

1069 1321 1164 1406 1264,
1188 1321 1210 1385 8
1233 1321 1417 1407 septembris.

671 1553 723 1618 Ex
747 1553 860 1618 eodem
883 1560 969 1618 tomo
996 1551 1068 1618 doc.
1093 1553 1168 1637 dipl.
1193 1551 1275 1616 Eccl.
1299 1552 1385 1636 boa,
1409 1574 1495 1617 uum.
1521 1555 1603 1636 481,
1628 1553 1698 1618 doc.
1722 1553 1818 1618 VIII.

422 1786 576 1851 Urbanus
600 1785 708 1850 lvo)
731 1785 893 1873 Episcopo
917 1784 1102 1849 ferrariensi
1126 1791 1158 1848 et
1181 1785 1336 1868 magistro
1360 1783 1539 1867 Bernardo,
1564 1786 1718 1850 canonico
1742 1786 1942 1851 bononiensi.

422 1893 509 1957 Dum
533 1894 699 1979 angustias
723 1900 755 1957 et
779 1913 939 1975 erumnas,
957 1893 1072 1978 quibus
1096 1891 1231 1956 dilectus
1255 1891 1340 1955 filius
1363 1891 1562 1975 Maufredus,
1579 1893 1765 1957 veronensis
1788 1893 1931 1977 Electus,
1947 1895 1980 1958 iu
2002 1894 2150 1958 manibus

334 2001 536 2065 inimicorum
566 2001 711 2064 Ecclesia
743 2001 934 2064 constitutus
966 1999 1130 2084 affligitur,
1154 1999 1207 2085 pio
1236 1998 1343 2062 animo
1374 1999 1572 2084 cogitamus,
1596 1999 1673 2062 dum
1700 1999 1843 2064 insuetas
1874 2022 1974 2086 penas
2006 2023 2086 2087 quas
2116 2002 2149 2064 in

334 2109 496 2194 squallore
521 2108 659 2172 carceris
682 2107 818 2171 sustinet
844 2107 945 2170 flebili
967 2106 1175 2170 meditatione
1194 2106 1400 2188 revolvimus,
1417 2105 1529 2170 intimo
1546 2107 1631 2170 circa
1648 2127 1721 2170 oum
1737 2128 1903 2172 movemur
1919 2108 2150 2194 compassionis

334 2216 452 2281 affectu
483 2222 515 2280 et
537 2217 676 2280 libenter
699 2216 768 2280 vias
792 2216 971 2301 cogitamus
995 2221 1027 2279 et
1050 2214 1162 2279 modos
1193 2214 1308 2300 quibus
1332 2215 1441 2300 aliqua
1468 2215 1626 2302 impartiri
1657 2215 1719 2279 sibi
1750 2217 1977 2281 consolationis
2008 2218 2150 2282 remedia

333 2324 510 2388 valeamus.
536 2323 784 2388 Considerantes
808 2323 907 2408 igitur
930 2322 1017 2408 quod
1040 2343 1105 2386 nou
1127 2321 1227 2385 habet
1249 2321 1334 2385 unde
1358 2321 1420 2386 hoo
1443 2328 1587 2409 tempore
1611 2322 1719 2386 valeat
1742 2323 1775 2386 in
1792 2323 1904 2387 eodem
1920 2345 2048 2388 carcere
2065 2346 2149 2389 com·

333 2431 427 2495 ruodo
451 2432 635 2512 sustentari,
653 2452 690 2494 ac
711 2431 856 2495 volentes
881 2429 950 2493 sibi·
966 2429 1169 2492 liberalitatis
1193 2429 1368 2514 apostolice
1392 2429 1559 2492 dexteram
1584 2430 1719 2515 aperire,
1745 2431 1852 2494 omnia
1873 2431 1959 2514 jura,
1976 2452 2149 2517 omnesque

330 2538 581 2622 jurisdictiones,
607 2538 740 2620 fructus,
764 2536 908 2601 redditus
932 2543 965 2600 et
988 2543 1163 2622 proventus
1188 2541 1221 2599 ct
1244 2542 1362 2618 cetera,
1387 2557 1449 2620 que
1473 2557 1607 2600 romana
1629 2535 1776 2601 Ecclesia
1796 2538 1828 2600 in
1852 2544 1957 2603 castro
1981 2539 2021 2602 de
2045 2539 2150 2624 Calpo

333 2647 467 2731 ejusque
492 2645 653 2710 territorio
678 2665 736 2708 scu
759 2643 906 2707 districtu
929 2643 1119 2706 mutinensis
1144 2642 1277 2706 die-cesis
1302 2642 1439 2725 obtiuet,
1457 2650 1489 2707 et
1512 2665 1574 2729 que
1599 2643 1761 2728 quondam
1781 2644 1967 2709 Bertolinus
1987 2645 2150 2710 Taberna·

332 2754 410 2836 rius,
427 2753 506 2816 civis
527 2752 717 2838 parmensis,
735 2752 811 2814 dum
828 2750 962 2832 viveret,
979 2750 1020 2813 ab
1043 2749 1157 2813 eadem
1181 2749 1311 2814 tenebat
1333 2749 1491 2833 Ecclesia,
1513 2750 1691 2836 apostolica
1714 2751 1776 2814 sibi
1799 2752 1990 2816 auctoritate
2013 2752 2149 2817 conferi·

333 2881 422 2942 mus,
446 2860 654 2923 investientes
679 2858 831 2922 dilectum
854 2856 955 2921 filium
979 2857 1157 2922 Antonium
1181 2857 1334 2920 clericum
1357 2878 1451 2920 suum
1474 2878 1532 2943 per
1556 2865 1701 2922 nostrum
1724 2858 1858 2922 anulum
1881 2859 1921 2923 de
1945 2859 2081 2942 eisdem,
2105 2860 2151 2923 ita

334 2967 419 3053 quod
443 2967 499 3030 illa
523 2974 650 3048 teneat,
675 2965 839 3052 possideat
861 2970 893 3028 et
916 2963 1074 3050 percipiat
1096 2964 1163 3028 vita
1186 2985 1262 3047 sua,
1287 2970 1319 3028 et
1342 2970 1415 3050 post
1437 2985 1531 3028 suum
1555 2965 1678 3028 obitum
1701 2965 1742 3028 ad
1764 2965 1943 3051 predictam
1971 2965 2150 3030 Ecclesiam

333 3074 434 3138 libere
457 3080 671 3138 revertantur.
697 3073 856 3146 Quocirca
879 3071 1080 3154 mandamus,
1099 3079 1256 3157 quatenus
1280 3093 1337 3135 vos
1365 3072 1418 3135 vel
1441 3072 1523 3135 alter
1546 3079 1691 3135 vestrum
1707 3072 1851 3158 predicto
1867 3071 1991 3156 Electo,
2008 3074 2060 3138 vel
2076 3096 2149 3160 pro·

335 3183 474 3246 curatori
498 3203 555 3246 suo
584 3183 654 3266 ejus
671 3181 810 3262 nomine,
827 3180 866 3243 de
890 3179 1075 3263 hujusmodi
1096 3179 1234 3263 juribus,
1256 3178 1543 3263 jurisdictionibus,
1568 3180 1736 3262 fructibus,
1757 3180 1935 3244 redditibus
1959 3187 1991 3245 et
2013 3203 2150 3268 proven·

334 3291 419 3354 tibus
443 3290 570 3354 faciatis
594 3311 652 3375 per
675 3310 732 3352 vos
760 3289 813 3351 vel
835 3308 893 3374 per
916 3287 1017 3350 alium
1044 3308 1101 3350 seu
1125 3286 1205 3350 alios
1230 3286 1355 3372 integre
1379 3307 1417 3351 ac
1440 3287 1585 3373 plenarie
1609 3287 1807 3373 responderi,
1824 3288 2075 3353 contradictores
2091 3311 2149 3375 per

334 3419 503 3462 censuram
526 3396 787 3477 ecclesIasticam,
805 3395 1022 3481 appellatione
1039 3394 1228 3480 postposita,
1246 3394 1487 3478 compescendo.
1506 3394 1580 3459 Non
1597 3395 1745 3458 obstante
1769 3395 1797 3458 si
1819 3397 1964 3480 personis
1990 3396 2150 3481 aliquibus

334 3526 353 3567 a
382 3503 465 3569 Sede
497 3503 674 3590 apostolica
698 3503 739 3566 sit
762 3501 939 3584 indultum,
964 3501 1049 3586 quod
1082 3500 1246 3583 interdici,
1271 3501 1423 3588 suspendi
1453 3502 1505 3565 vel
1537 3502 1811 3566 excommunicari
1842 3523 1906 3567 nou
1938 3503 2062 3589 possint
2092 3525 2149 3589 per

333 3611 460 3674 Literas
492 3612 685 3697 apostolicas
716 3631 781 3674 non
809 3608 964 3673 iacientes
996 3608 1126 3694 plenam
1159 3615 1191 3672 et
1222 3629 1410 3693 expressam
1442 3629 1479 3672 ac
1510 3608 1550 3672 de
1581 3610 1680 3673 verbo
1711 3610 1750 3673 ad
1782 3611 1917 3674 verbum
1949 3611 1988 3674 de
2024 3611 2149 3674 indulto

332 3717 519 3802 hujusmodi
542 3718 747 3782 mentionem.

421 3824 544 3890 Datum
567 3825 654 3911 apud
677 3824 801 3889 Urbem
823 3823 976 3887 Veterem
1000 3829 1092 3887 sexto
1116 3822 1187 3886 idus
1211 3822 1412 3908 septembris,
1436 3822 1641 3909 pontificatus
1664 3825 1767 3888 nostri
1790 3844 1875 3888 anuo
1899 3831 2023 3910 quarto.

1169 4195 1314 4260 XXXII.

1116 4428 1213 4512 1265,
1239 4427 1258 4491 9
1281 4429 1372 4492 iconii.

437 4660 489 4725 Ex
513 4659 644 4724 archivo
668 4658 770 4722 sancti
794 4657 973 4740 Michaelis,
990 4657 1088 4743 vulgo
1111 4659 1146 4722 ia
1169 4657 1275 4743 Bosco,
1292 4679 1377 4723 nuuc
1401 4658 1434 4722 in
1457 4658 1633 4724 Tabulario
1657 4659 1746 4723 Max.
1767 4659 1900 4742 bonon,
1917 4665 1993 4723 tom.
2010 4657 2051 4723 V.

709 4767 984 4830 instrumentorum
1008 4766 1050 4829 ab
1073 4785 1126 4829 au.
1153 4767 1238 4830 1262
1263 4765 1304 4829 ad
1328 4785 1382 4829 an.
1409 4767 1505 4850 1269,
1530 4766 1589 4830 suh
1613 4788 1701 4831 num.
1728 4768 1779 4830 14.

424 5001 481 5083 (L.
498 5001 520 5083 †
537 5001 584 5082 S.)
608 5000 647 5064 ln
671 4998 800 5063 nomine
824 4997 955 5062 Domini
979 4998 1081 5062 nostri
1104 4997 1183 5064 Jesu
1208 4999 1341 5082 Christi,
1360 5021 1464 5064 amen.
1485 4999 1582 5064 Anno
1606 5001 1784 5064 nativitatis
1807 5001 1878 5085 ejus
1901 5000 2070 5066 millesimo
2095 5001 2152 5065 du·

335 5107 507 5173 centesimo
532 5106 735 5191 sexagesimo
753 5105 875 5191 quinto,
893 5104 1066 5170 indictione
1091 5112 1216 5188 octava,
1233 5106 1285 5170 dio
1309 5127 1395 5171 nona
1418 5107 1558 5171 intrante
1572 5107 1674 5192 junio.
1691 5110 1744 5182 (ἴ
1756 5107 1827 5193 Ego
1843 5107 1997 5193 magister
2012 5108 2153 5173 Bernar-

334 5217 393 5280 dus
416 5215 606 5302 parmensis,
631 5214 752 5278 domiui
774 5213 865 5299 Pape
890 5214 1088 5300 capellanus,
1105 5219 1334 5278 testamentum
1358 5235 1377 5278 a
1401 5236 1452 5279 me
1475 5215 1675 5301 dispositum,
1693 5216 1846 5302 scriptum
1866 5237 1924 5303 per
1938 5215 2153 5280 Bonvicinum

334 5322 496 5388 Leonardi
519 5322 680 5387 notarium
703 5320 944 5407 infrascriptum
973 5342 1057 5385 anno
1080 5321 1213 5385 Domini
1236 5321 1406 5385 millesImo
1429 5321 1648 5397 ducentesimo
1672 5323 1876 5408 sexagesimo
1899 5322 2050 5406 secundo,
2071 5322 2153 5386 indi·

334 5431 439 5496 ctione
456 5429 579 5516 quinta,
597 5430 647 5493 die
672 5429 797 5493 decima
821 5429 962 5492 intrante
983 5428 1087 5513 junio,
1111 5435 1143 5493 et
1167 5429 1274 5494 omnia
1299 5435 1330 5493 et
1354 5429 1484 5515 singula
1508 5451 1570 5515 que
1594 5429 1625 5494 iu
1650 5451 1688 5496 eo
1713 5419 1927 5512 continentur,
1950 5428 2154 5516 presentibus

334 5537 489 5602 codicillis
514 5537 657 5623 approbo
682 5543 714 5600 et
738 5535 890 5600 confirmo
914 5545 947 5599 et
969 5537 1078 5600 valere
1102 5537 1187 5619 volo,
1205 5536 1326 5600 addens
1350 5537 1413 5622 ipsi
1435 5543 1628 5602 testamento
1649 5538 1853 5624 presentibus
1874 5537 2028 5602 codicillis
2044 5537 2154 5622 legata

334 5644 539 5731 infrascripta
562 5651 595 5708 et
616 5665 655 5708 ea
680 5665 741 5729 que
766 5642 899 5708 inferius
923 5635 1136 5709 continentur.

422 5751 462 5816 Iu
486 5752 598 5844 primis
621 5751 707 5836 eligo
731 5750 931 5836 sepulturam
954 5771 1060 5815 meam
1084 5758 1162 5836 aput
1184 5750 1354 5815 ecclesiam
1378 5751 1466 5816 beati
1488 5751 1579 5815 Petri
1594 5751 1751 5835 Bononia,
1768 5751 1796 5814 si
1811 5751 1845 5815 in
1860 5750 1990 5816 civitate
2006 5750 2153 5815 Bononia

335 5859 387 5922 vel
410 5859 443 5921 in
466 5857 586 5923 diocesi
615 5856 801 5939 decessero,
825 5856 975 5922 videlicet
998 5858 1031 5920 in
1056 5879 1095 5922 ea
1117 5857 1284 5944 sepultura
1315 5879 1412 5945 quam
1435 5859 1497 5923 feci
1517 5859 1587 5944 jam
1614 5858 1684 5922 fieri
1708 5864 1740 5922 et
1762 5860 1871 5944 parari
1894 5866 1973 5946 aput
1995 5859 2152 5922 tumulum

335 5966 411 6030 olim
434 5967 517 6030 bone
541 5965 693 6029 memorie
718 5963 865 6049 magistri
889 5964 1049 6030 Taucredi
1072 5965 1290 6030 archidiaconi
1313 5965 1519 6031 bononiensis
1541 5966 1574 6030 in
1596 5966 1668 6051 ipsa
1691 5966 1836 6030 ecclesia.
1853 5966 1897 6030 Et
1912 5988 1970 6052 pro
1987 5966 2153 6052 sepultura

334 6093 407 6136 mea
430 6073 576 6158 relinquo
601 6071 640 6135 de
663 6070 756 6135 bonis
780 6070 860 6133 meis
883 6093 942 6158 pro
970 6072 1078 6135 anima
1100 6093 1174 6136 mea
1197 6079 1230 6136 et
1253 6072 1392 6158 expendi
1415 6073 1490 6137 volo
1513 6093 1571 6158 per
1594 6072 1796 6137 comissarios
1820 6093 1908 6137 meos
1931 6072 2152 6158 infrascriptos

336 6179 701 6264 centumquinquaginta
725 6177 825 6240 libras
849 6177 1093 6244 bononeuorum
1116 6179 1178 6244 hoo
1201 6179 1306 6263 modo,
1323 6177 1483 6262 videlicet,
1501 6180 1577 6265 quia
1599 6180 1674 6244 volo
1701 6185 1738 6243 ut
1761 6179 1802 6243 ad
1826 6179 2026 6266 sepulturam
2048 6199 2154 6242 meam

415 6517 454 6584 (1)
474 6515 516 6568 Ex
534 6517 627 6585 regist.
647 6515 700 6568 III.
721 6516 826 6568 Urbani
846 6515 895 6568 IV.
915 6516 966 6568 sub
986 6515 1066 6585 epist.
1085 6515 1137 6583 11,
1157 6515 1205 6568 iol.
1226 6519 1285 6583 137,
1305 6533 1349 6568 an.
1368 6514 1557 6582 uocum„
1576 6516 1655 6569 VIII.
1674 6517 1845 6587 septembris.
