5492 7750
960 654 1010 702 nn
1038 652 1170 702 raons
1198 652 1497 703 nrrnovsrncoro
2114 637 2135 702 t)

325 808 398 872 Nan
422 807 516 873 modo
544 808 646 873 Vitam
670 809 791 874 Bartoli
814 809 941 894 scripsit
964 809 1237 895 Diplovatacoius,
1256 808 1312 872 sed
1335 809 1433 872 etiam
1454 809 1524 892 ejus
1541 810 1690 895 operibus
1709 811 1798 873 varia
1815 810 2034 874 additamenta
2050 811 2137 894 fecit,

476 915 591 1002 quibus
614 917 721 981 varios
745 916 870 980 Bartoli
894 937 1018 980 errores
1041 915 1234 980 emendavit,
1263 916 1302 980 ln
1327 916 1468 980 Laetaris
1495 916 1620 980 Bartoli
1644 917 1748 1002 (quae
1773 917 1963 1002 prodierunt
1984 917 2137 1003 Lugduni

476 1044 560 1088 anno
584 1022 883 1103 MDXXXXVH.)
907 1023 939 1087 in
963 1023 1163 1108 praefatione
1188 1023 1229 1086 ad
1254 1022 1406 1087 lectorem
1429 1023 1474 1086 ita
1498 1023 1600 1087 editor
1625 1024 1782 1110 loquitur:
1805 1050 1820 1080 «
1839 1023 1911 1088 Soio
1937 1025 2137 1089 doctissimos

475 1130 598 1217 aliquot
620 1131 706 1195 viros
731 1151 794 1194 non
818 1131 864 1194 ita
886 1130 1010 1217 pridem
1035 1130 1095 1195 hoc
1118 1130 1223 1215 ipsum
1247 1131 1381 1215 (nempe
1398 1131 1655 1194 emendationem
1672 1132 1975 1195 commentariorum
1990 1131 2137 1212 Bartoli)

474 1245 634 1321 tentasse,
659 1239 691 1302 in
716 1238 831 1324 quibus
856 1237 1044 1302 Alexander
1066 1238 1227 1320 Lofaeus,
1251 1237 1405 1301 Nicolaus
1429 1237 1631 1302 Arelatensis
1655 1260 1692 1302 ac
1717 1239 1889 1302 novissime
1914 1240 2055 1304 Thomas
2079 1239 2137 1304 Di-

476 1345 694 1431 plovataccius
719 1370 750 1410 ».

326 1450 389 1514 Sed
414 1452 528 1516 melius
551 1474 592 1516 ex
616 1453 685 1539 ipso
707 1452 952 1539 Diplovatacoio
980 1453 1161 1538 intelligere
1194 1474 1382 1539 possumus,
1408 1453 1483 1537 qnid
1516 1453 1635 1517 laboris
1666 1455 1843 1540 susceperit
1871 1453 1903 1517 in
1937 1455 2137 1520 ernendando

477 1559 620 1624 Bartolo.
644 1560 759 1646 Itaque
783 1559 907 1625 Jacobo
929 1560 1077 1643 Pisauro,
1101 1560 1206 1647 Paphi
1231 1561 1390 1647 episcopo,
1415 1561 1461 1624 ita
1485 1560 1659 1626 scribitlll:
1683 1560 1855 1625 «Thomas
1878 1560 2130 1647 Diplovatatins,

473 1667 556 1750 juris
578 1667 744 1752 utriusque
767 1666 889 1748 doctor,
910 1667 1175 1732 reverendissimo
1199 1667 1328 1731 domino
1344 1666 1469 1732 Jacobo
1485 1667 1622 1731 Pisauro
1637 1667 1743 1753 Paphi
1759 1669 1909 1755 episcopo
1928 1669 1960 1733 S.
1977 1669 2014 1733 P.
2033 1668 2074 1732 D.
2095 1706 2139 1714 -

475 1773 555 1838 Cum
579 1775 797 1861 superioribus
820 1775 923 1857 annis,
947 1775 1212 1839 reverendissime
1235 1782 1338 1860 pater,
1355 1775 1491 1857 Bartoli,
1510 1776 1650 1840 onmium
1672 1775 1755 1859 juris
1779 1775 1945 1861 utriusque
1969 1776 2138 1840 consultis-

475 1881 563 1965 simi,
587 1881 729 1946 lecturas
753 1882 1022 1968 imprimerentur,
1047 1882 1300 1968 quamplurimas
1333 1883 1421 1966 leges
1452 1891 1484 1946 et
1511 1883 1622 1946 titulos
1654 1889 1750 1946 autea
1774 1903 1838 1946 non
1862 1883 2033 1968 impressos
2057 1884 2136 1948 meis

476 2009 549 2052 cum
571 1989 729 2075 apostillis
752 1989 980 2075 imprimendos
1006 1988 1209 2071 tradiderim,
1227 1997 1258 2053 et
1275 1989 1351 2074 quia
1374 1990 1529 2054 nonnulla
1553 1990 1697 2074 ejusdem
1718 1990 1858 2054 auctoris
1875 1991 2019 2073 consilia,
2037 1991 2135 2054 etiam

476 2115 575 2159 manu
597 2096 697 2182 ipsius
720 2096 856 2183 scripta,
882 2119 1005 2162 necnon
1030 2096 1122 2160 multi
1145 2102 1302 2160 tractatus
1326 2102 1357 2159 et
1381 2096 1585 2182 quaestiones
1617 2118 1715 2183 penes
1743 2118 1794 2161 me
1818 2103 1910 2161 erant
1934 2120 1952 2160 a
1977 2097 2138 2183 plerisque

473 2203 710 2286 jurisconsultis
734 2211 766 2268 et
789 2204 1034 2290 professoribus,
1058 2225 1130 2268 eum
1153 2202 1299 2267 Venetiis
1328 2203 1529 2288 degentibus,
1551 2211 1619 2268 tum
1642 2204 1771 2268 Patauii
1792 2205 1868 2288 jura
1891 2205 2137 2291 profitentibus,

476 2318 508 2374 et
530 2311 776 2397 impressoribus
798 2333 857 2398 pro
882 2312 1043 2376 communi
1066 2311 1207 2375 omnium
1231 2311 1370 2375 utilitate
1394 2311 1606 2396 imprimenda
1630 2311 1848 2388 concederem,
1866 2320 1998 2397 rogatus
2023 2312 2139 2376 extite-

477 2418 547 2501 rim,
573 2440 636 2504 qna
660 2420 692 2482 in
716 2441 749 2482 ro
775 2425 937 2483 tantorum
960 2421 1102 2483 virorum
1125 2418 1273 2505 precibus
1298 2426 1412 2501 motus,
1437 2419 1579 2482 maxima
1599 2439 1672 2482 cum
1696 2418 1874 2504 diligentia,
1890 2419 2024 2482 consilia
2044 2441 2137 2506 prae-

478 2525 564 2589 dicta
588 2547 660 2590 cum
684 2527 839 2611 impressa
863 2534 931 2590 tum
954 2526 1181 2612 imprimenda,
1205 2532 1361 2590 tractatus
1385 2533 1418 2589 et
1440 2527 1644 2611 quaestiones
1668 2526 1767 2612 ipsius
1791 2525 1932 2608 Bartoli,
1957 2527 2036 2589 meis
2061 2548 2134 2590 cum

478 2631 705 2716 additionibus,
729 2641 764 2697 ut
787 2633 1056 2720 imprimerentur,
1081 2632 1212 2697 incubui
1236 2658 1266 2697 ».

323 2738 559 2824 Diplovataccii
582 2741 679 2804 etiam
703 2749 778 2804 suut
803 2739 1029 2805 Commentario
1052 2743 1085 2804 ia
1107 2741 1254 2804 laturam
1276 2741 1448 2804 Alexandri
1469 2739 1642 2824 Tartapaae
1657 2761 1749 2824 sapa
1767 2739 1905 2804 Calicem
1921 2749 1947 2804 et
1963 2740 2137 2826 Dipcstum.

474 2846 640 2932 Lugduni,
666 2848 826 2914 MDLIII.
929 2861 935 2868 ’
2106 2890 2112 2900 ·

329 2950 489 3017 Tractatas
512 2975 638 3040 qnoque
660 2956 697 3020 dc
718 2954 853 3020 Teatibas
873 2955 1041 3036 (Coloniae
1058 2954 1242 3038 thLVI.),
1259 2978 1312 3018 serr
1322 2957 1426 3039 petias
1442 2956 1622 3027 additiones
1638 2958 1670 3018 iu
1686 2955 1768 3018 berria
1789 2955 1965 3018 Trratalaur
1981 2977 2001 3018 a
2017 2954 2140 3020 Joararc

479 3061 628 3146 Gyruaico
651 3070 822 3126 castratam.

327 3165 501 3232 Clarouicoa
525 3169 659 3234 Hsaari.
685 3171 736 3234 Ita
760 3170 820 3236 hoe
840 3170 931 3234 'alind
955 3192 1034 3256 opus
1058 3170 1295 3257 Diplovatacoii
1319 3171 1496 3234 nominavit
1520 3171 1648 3234 Marcus
1672 3168 1833 3233 Antonius
1858 3167 1995 3252 Gozins,
2020 3169 2137 3252 senior,

476 3276 532 3362 qui
554 3276 634 3341 illud
657 3277 747 3360 vidit,
764 3299 866 3363 eoque
890 3300 966 3343 usus
990 3285 1048 3342 est.
1066 3278 1087 3343 J
1089 3300 1209 3342 oannes
1232 3277 1416 3342 Matthaeus
1433 3277 1539 3362 Pigna
1555 3285 1649 3342 vocat
1665 3276 1839 3340 Historiam
1855 3278 1982 3340 civitatis
2001 3276 2137 3340 I'isaari.

478 3383 592 3448 Clarus
615 3385 777 3449 Oliverius
801 3385 861 3452 hoc
884 3408 976 3472 opus,
993 3386 1092 3471 ipsius
1115 3385 1351 3472 Diplovataccii
1375 3406 1473 3448 mauu
1497 3390 1676 3466 exaratum,
1695 3383 1813 3448 vidisse
1837 3404 1871 3447 se
1895 3390 1928 3447 et
1950 3383 2068 3468 legisse
2093 3391 2139 3447 te·

478 3497 591 3574 statur,
614 3499 646 3556 st
670 3493 809 3556 auctoris
833 3493 1046 3558 eruditionem
1069 3493 1146 3556 satis
1171 3491 1388 3557 commendari
1412 3513 1475 3556 non
1498 3513 1593 3578 posse
1618 3491 1766 3555 affirmat.

325 3599 373 3663 Dc
396 3598 527 3663 Vicariis
549 3600 764 3685 terrqroralidas
788 3599 917 3665 Sanctae
941 3599 1027 3664 Sedis
1050 3607 1077 3664 et
1099 3599 1238 3684 Imperii.
1262 3599 1371 3683 Hujus
1396 3601 1591 3664 mentionem
1614 3599 1691 3663 facit
1715 3598 1867 3662 laudatus
1891 3599 2007 3684 Pigna.

325 3705 373 3770 De
395 3705 530 3771 laeuae
553 3708 768 3793 apriaileqiis
798 3707 991 3772 Varctorum.
1017 3706 1126 3791 Hujus
1150 3706 1247 3770 etiam
1271 3706 1416 3770 meminit
1440 3707 1525 3769 idem
1547 3705 1665 3791 Pigna.

432 3975 534 4048 Haec
561 3976 681 4072 habui,
702 4002 792 4074 quac
821 3977 865 4050 de
888 3976 1156 4074 Diplovataccio
1174 3975 1243 4048 huc
1263 3976 1439 4049 afferrem.
1460 3975 1570 4048 Plura
1589 3975 1632 4048 de
1650 3974 1727 4073 ipso
1746 3975 1900 4047 scribere
1919 3975 2137 4072 aggreditur,

326 4101 624 4197 quemadmodum
651 4111 686 4174 et
714 4103 757 4175 de
785 4102 863 4175 aliis
891 4101 1140 4175 illustrioribus
1168 4101 1309 4174 Pisauri
1337 4101 1484 4196 civibuS,
1508 4125 1701 4197 numquam
1730 4100 1817 4173 satis
1844 4099 2009 4174 laudatus
2038 4099 2139 4172 Han·

326 4225 424 4299 nibal
450 4225 638 4324 Oliverius,
668 4253 689 4300 a
717 4253 787 4324 quo
815 4252 953 4301 summa
981 4228 1099 4301 omnia
1122 4228 1203 4324 jure
1233 4227 1457 4324 expectanda
1485 4235 1579 4299 sunt.

410 6472 446 6535 (l)
467 6471 654 6524 Praemittitur
673 6471 741 6524 hace
761 6471 877 6538 epistola
896 6471 1022 6540 operibus
1043 6472 1156 6538 Bartoli,
1176 6471 1314 6540 impressis
1334 6469 1457 6522 Venetiis
1477 6483 1548 6520 antro
1567 6465 1726 6519 thXXXI.

482 6613 550 6652 ΤΟΗ.
570 6613 602 6652 11.
