5484 7746
655 689 883 740 seueraurm
904 691 955 740 nn
976 689 1142 740 canosum
1160 688 1526 739 ancnrnmoorvoauru
1545 688 1647 738 scon.
1669 687 1805 738 sonos.
2061 667 2135 737 261

1185 1073 1279 1137 XIX.

1079 1290 1175 1372 1221,
1201 1288 1243 1371 16
1265 1289 1383 1372 aprelis

967 1502 1021 1566 Ex
1044 1503 1156 1567 eodem
1180 1509 1277 1586 tomo,
1301 1525 1388 1566 num.
1412 1501 1505 1566 LIII.

412 1717 577 1782 Honorius
601 1709 714 1781 llud)
730 1716 886 1801 magistro
921 1716 1034 1780 Gratie
1059 1715 1228 1802 capellano
1251 1723 1379 1799 nostro,
1403 1716 1683 1802 Archipresbitero
1708 1722 1740 1778 et
1763 1714 1913 1801 Capitulo
1941 1715 2140 1779 bononiensi.

413 1825 473 1908 Ea,
491 1847 552 1911 que
576 1823 710 1911 provide
733 1845 792 1910 per
813 1823 1023 1888 ecclesiarum
1039 1823 1182 1910 prelatos
1200 1829 1351 1908 aguntur,
1369 1845 1408 1888 ne
1426 1824 1607 1908 aliquorum
1623 1823 1747 1887 malitia
1763 1829 1883 1886 temere
1899 1823 2139 1908 impugnentur,

324 1933 456 2019 expedit
479 1931 654 2019 apostolico
678 1932 854 1996 munimine
878 1931 1036 1996 roborari.
1059 1930 1109 1994 Ea
1133 1937 1275 2017 propter,
1293 1930 1402 1995 dilecti
1418 1932 1450 1995 in
1468 1931 1607 1994 Domino
1630 1929 1700 2014 filij,
1720 1930 1836 1994 vestris
1853 1930 2140 2016 supplicationibus

323 2040 469 2105 inclinati
500 2039 707 2103 donationem
738 2039 778 2102 de
809 2039 958 2120 decimis,
983 2037 1077 2102 etde
1102 2039 1239 2102 ecclesia
1263 2045 1373 2102 sancte
1397 2037 1500 2102 Mario
1531 2044 1563 2101 et
1595 2037 1634 2100 de
1657 2045 1762 2101 castro
1794 2038 1897 2101 sancti
1924 2037 2014 2101 Petri
2045 2037 2140 2102 etde

323 2168 421 2212 censu
446 2147 486 2210 ab
511 2147 647 2211 ecelesia
671 2146 774 2210 sancti
794 2145 930 2230 Antonij
955 2145 1073 2228 debito,
1091 2167 1150 2210 nec
1173 2166 1238 2209 non
1259 2144 1298 2209 de
1315 2144 1415 2209 fundo
1432 2145 1570 2231 quodam
1595 2145 1657 2230 qui*
1671 2144 1787 2208 dicitur
1804 2143 2004 2229 Sanguineta
2021 2166 2040 2207 a
2056 2145 2140 2209 bone

323 2254 476 2318 memorie
501 2251 672 2337 G[erardo]
696 2253 886 2317 bononiensi
916 2253 1077 2339 Episcopo
1109 2253 1201 2317 vobis
1228 2253 1367 2335 factam,
1392 2253 1474 2316 sicut
1497 2258 1546 2316 est
1568 2252 1702 2339 provide
1726 2252 1889 2316 celebrata
1918 2258 1951 2316 et
1981 2252 2014 2315 in
2044 2253 2139 2316 istru-

322 2369 430 2426 mento
453 2361 583 2448 publico
607 2361 681 2424 inde
706 2360 851 2425 confecto
875 2361 1003 2446 plenius
1026 2360 1217 2442 continetur,
1235 2360 1327 2424 vobis
1348 2360 1539 2424 auctoritate
1563 2359 1740 2446 apostolica
1764 2360 1989 2424 confirmamus
2013 2367 2045 2424 et
2066 2381 2139 2446 pre·

323 2469 423 2533 sentis
447 2468 557 2554 scripti
581 2467 761 2553 patrocinio
786 2468 1040 2550 commuuimus,
1064 2466 1273 2531 ecelesiarum
1305 2466 1573 2552 parroechialium
1603 2467 1676 2550 jure
1707 2467 1797 2531 salvo
1829 2466 1914 2530 circa
1937 2467 2077 2531 decimas
2100 2467 2140 2530 de

322 2576 534 2662 possessionis
558 2574 771 2660 acquirendis.
796 2573 849 2638 Ad
873 2575 1030 2658 majorem
1054 2583 1162 2638 autem
1186 2574 1233 2637 rei
1257 2573 1463 2655 evidentiam,
1481 2580 1625 2637 tenorem
1649 2574 1748 2660 ipsius
1765 2575 1968 2637 instrumenti
1985 2573 2024 2637 de
2041 2574 2140 2638 verbo

322 2683 364 2747 ad
386 2683 520 2747 verbum
545 2680 750 2768 presentibus
774 2681 925 2745 duximus
949 2681 1166 2763 inserendum,
1191 2681 1246 2766 qui
1269 2687 1318 2744 est
1340 2681 1431 2744 talis:

417 2815 432 2846 ‹
457 2787 648 2872 Glerardus]
671 2787 734 2851 Dei
754 2789 861 2872 gratia
877 2787 1092 2852 Bononiensis
1108 2787 1299 2874 Episcopus,
1316 2788 1440 2852 dilectis
1458 2787 1490 2850 in
1508 2786 1635 2851 Christo
1651 2787 1806 2851 fratribus
1821 2787 1964 2852 Henrico
1982 2789 2139 2853 archidia-

322 2917 413 2979 cono,
431 2902 463 2958 et
479 2895 523 2960 Ju
540 2944 547 2958 .
566 2944 573 2959 .
592 2943 599 2959 .
617 2944 624 2958 .
643 2895 923 2981 archipresbitero,
941 2901 973 2958 et
995 2894 1155 2959 universis
1172 2895 1341 2959 Fratribus
1365 2895 1573 2958 bononiensis
1597 2894 1737 2980 Capituli
1757 2895 1960 2980 presentibus
1977 2903 2009 2959 et
2024 2897 2140 2961 futuris

321 3003 355 3066 in
371 3009 573 3089 perpetuum.
591 3001 672 3066 Cum
689 3003 822 3088 speciali
838 3003 1046 3088 prerogativa
1069 3002 1266 3066 bononiense
1288 3002 1472 3089 Capitulum
1497 3009 1664 3065 teneamur
1688 3002 1833 3088 diligere,
1851 3003 2047 3088 profectibus
2070 3006 2141 3088 ejus

321 3110 487 3174 intendere
511 3110 659 3174 volumus
684 3116 716 3173 ct
739 3109 871 3192 honori,
896 3131 934 3172 ea
963 3117 1095 3196 propter
1127 3109 1236 3174 dilecti
1268 3110 1300 3172 in
1333 3109 1461 3174 Christo
1491 3109 1608 3173 fratres
1639 3109 1801 3173 Henricus
1835 3110 2079 3174 archidiaconus
2109 3121 2141 3175 et

322 3216 366 3281 Ju
381 3265 388 3279 .
403 3265 410 3279 .
424 3265 454 3279 ..
480 3215 730 3304 archipresbiter
753 3223 785 3280 et
808 3215 951 3279 universi
975 3216 1121 3300 ejusdem
1146 3215 1287 3301 Capituli
1311 3215 1445 3298 fratres,
1469 3216 1619 3302 precibus
1649 3217 1765 3279 vestris
1798 3221 1891 3300 grato
1915 3225 2141 3281 concurrentes

324 3343 468 3404 assensu,
485 3322 598 3385 damus
623 3330 655 3385 et
679 3322 883 3386 concedimus
907 3329 938 3385 et
961 3323 1120 3408 presentis
1144 3323 1255 3408 scripti
1272 3323 1392 3408 pagina
1409 3323 1645 3405 confirmamus,
1661 3322 1890 3409 recipientibus
1906 3323 1998 3387 vobis
2015 3325 2143 3388 nornine

323 3431 424 3518 ipsius
456 3431 615 3517 Capituli,
637 3431 691 3515 jus
715 3430 846 3516 petendi
869 3437 901 3494 et
924 3431 1100 3517 recipiendi
1134 3431 1293 3515 decimas,
1319 3437 1350 3494 et
1374 3432 1460 3518 ipsas
1485 3431 1625 3496 decimas
1650 3430 1791 3496 omnium
1814 3432 2052 3517 possessIonum
2076 3438 2143 3495 tam

322 3538 505 3620 novalium,
529 3559 626 3624 quam
649 3537 804 3620 aliarum,
830 3559 891 3623 que
912 3539 985 3623 jure
1009 3539 1216 3625 proprietatis
1240 3539 1293 3601 vel
1317 3538 1561 3624 emphiteotico,
1586 3537 1639 3602 vel
1663 3538 1727 3601 alia
1751 3537 1956 3602 concessione
1980 3537 2021 3602 ad
2046 3538 2140 3625 Capi-

322 3645 424 3710 tulum
457 3645 655 3709 bononiense
688 3645 868 3730 pertinent,
893 3646 944 3709 vel
969 3646 1000 3708 iu
1033 3645 1142 3709 futuro
1174 3645 1382 3731 pertinebunt
1404 3645 1436 3708 in
1461 3651 1529 3709 toto
1552 3645 1743 3710 bononiensi
1765 3644 1979 3731 Episcopatu,
2005 3652 2141 3732 excepta

323 3753 420 3817 Curio
446 3751 539 3816 Centi
563 3759 595 3816 et
617 3751 819 3816 Maximatici
843 3757 874 3815 et
898 3751 1008 3835 Podij,
1034 3774 1095 3837 que
1127 3753 1345 3838 possessiones
1369 3773 1427 3838 per
1451 3753 1532 3817 alios
1555 3752 1689 3817 elericos
1713 3750 1765 3815 vel
1787 3752 1887 3815 laicos
1915 3752 2099 3817 detinentur
2123 3774 2142 3816 a

321 3860 521 3925 Bononiensi
545 3858 695 3945 Capitulo
719 3859 752 3922 in
777 3858 1001 3944 emphiteosim
1024 3859 1076 3922 vel
1101 3859 1164 3923 alio
1188 3859 1301 3941 modo,
1326 3866 1361 3923 ut
1385 3860 1545 3924 dictarum
1575 3859 1814 3946 possessionum
1844 3858 1985 3922 decimas
2012 3860 2141 3946 possitis

321 3968 488 4054 percipere
513 3973 545 4029 et
568 3988 588 4029 a
612 3965 756 4051 quolibet
779 3966 998 4051 possessiones
1022 3965 1197 4030 vindicare.
1222 3965 1305 4030 Item
1338 3966 1450 4030 damus
1479 3972 1511 4030 et
1534 3966 1739 4030 concedimus
1762 3965 1853 4030 vobis
1877 3966 1973 4052 pleno
1995 3967 2067 4052 jure
2092 3989 2142 4032 ec·

323 4075 456 4140 clesiam
480 4081 591 4137 sancte
615 4073 718 4138 Maris
743 4073 782 4137 de
807 4079 912 4138 castro
936 4075 1040 4138 sancti
1062 4073 1163 4156 Petri,
1181 4073 1266 4159 quod
1290 4080 1339 4137 est
1359 4075 1455 4158 juxta
1481 4073 1652 4158 Sellarum,
1673 4081 1704 4138 ct
1728 4095 1859 4137 censum
1882 4073 1975 4138 nobis
1998 4074 2143 4139 debitum

324 4183 365 4246 ab
389 4181 526 4245 ecclesia
549 4181 652 4244 sancti
675 4180 823 4264 Antonij,
840 4181 903 4244 sita
920 4182 1017 4264 juxta
1043 4181 1196 4245 Savinam
1220 4181 1252 4245 in
1275 4181 1472 4245 Bononiensi
1496 4180 1639 4267 plebatu,
1664 4188 1696 4245 et
1717 4182 1770 4264 jus
1793 4181 2013 4264 institutionis,
2038 4203 2142 4246 corre-

324 4290 456 4370 ctionis,
482 4287 739 4370 reformationis,
763 4287 848 4373 quod
872 4288 905 4351 in
930 4288 1007 4373 ipsis
1031 4288 1174 4352 ecclesiis
1199 4295 1231 4352 et
1255 4288 1427 4374 hospitali,
1452 4297 1548 4374 atque
1572 4295 1669 4374 ponte
1702 4288 1846 4372 ejusdem
1878 4289 2012 4352 ecclesie
2042 4289 2145 4352 sancti

323 4396 470 4481 Antonij,
495 4403 528 4459 et
552 4416 645 4459 omne
675 4394 763 4458 aliud
793 4396 847 4478 jus
879 4395 964 4480 quod
996 4395 1029 4458 in
1053 4396 1099 4458 eis
1122 4395 1290 4459 habemus.
1316 4395 1358 4459 Et
1381 4397 1512 4481 insuper
1537 4395 1651 4459 damus
1675 4395 1766 4459 vobis
1791 4401 1823 4458 et
1847 4395 2051 4459 concedimus
2071 4397 2144 4480 jure

322 4503 531 4590 proprietatis
555 4501 727 4588 quemdam
751 4500 887 4565 fundum
911 4509 996 4566 terre
1020 4503 1053 4565 in
1077 4503 1240 4587 integrum
1267 4503 1408 4588 positum
1440 4503 1472 4565 in
1503 4503 1706 4588 pertinentiis
1737 4502 1894 4587 Argelate
1925 4503 1957 4565 in
1988 4502 2059 4567 loco
2090 4505 2144 4590 qui

324 4609 442 4673 dicitur
466 4609 667 4694 Sanguineta
688 4611 785 4692 juxta
810 4608 999 4691 Galeolum,
1025 4609 1080 4695 qui
1103 4615 1151 4672 est
1175 4609 1213 4672 de
1236 4611 1309 4693 jure
1334 4609 1410 4673 dicti
1436 4609 1593 4695 Capituli,
1619 4609 1710 4672 salva
1742 4615 1850 4673 tamen
1881 4610 2086 4674 concessione
2113 4617 2145 4675 et

325 4715 464 4798 datione,
490 4737 587 4802 quam
611 4716 745 4779 fecimus
770 4716 886 4780 dilecto
911 4715 1005 4780 fratri
1029 4723 1138 4781 nostro
1162 4717 1353 4781 bononiensi
1376 4716 1657 4803 Archipresbitero
1682 4717 1713 4781 iu
1738 4717 1805 4780 vita
1828 4738 1896 4799 sua,
1921 4723 1956 4780 ut
1978 4725 2052 4803 post
2075 4719 2145 4802 ejus

325 4823 447 4887 obitum
472 4824 569 4887 liceat
592 4823 683 4887 vobis
705 4824 778 4907 jure
803 4824 1010 4909 proprietatis
1034 4846 1072 4888 ac
1097 4824 1229 4908 dominij
1256 4824 1376 4889 dictam
1399 4831 1519 4888 terram
1543 4824 1748 4910 emphiteotis
1775 4823 2032 4909 possessionibus
2055 4846 2145 4889 revo-

325 4950 398 4994 care
423 4931 511 4996 etin
536 4929 759 5015 emphiteosim
785 4930 876 5012 dare,
900 4931 1071 5017 pensiones
1095 4939 1127 4994 et
1151 4930 1292 4995 decimas
1316 4931 1492 5018 percipere,
1518 4939 1550 4994 et
1573 4931 1780 5017 proprietatis
1803 4930 1890 4993 illius
1913 4930 2004 4994 fundi
2028 4932 2145 4996 consti·

324 5037 444 5100 tuimus
468 5058 526 5100 vos
549 5037 724 5123 possidere.
741 5037 784 5100 Et
809 5038 884 5123 quia
908 5039 1055 5101 volumus
1079 5040 1162 5103 hanc
1187 5047 1330 5104 nostram
1354 5039 1519 5103 dationem
1543 5048 1575 5102 et
1599 5039 1837 5103 concessionem
1861 5059 1880 5101 a
1904 5039 1996 5102 nobis
2019 5047 2051 5102 et
2074 5061 2144 5102 suc-

325 5143 506 5208 cessoribus
531 5144 649 5207 nostris
672 5144 903 5208 inviolabiliter
927 5145 1109 5229 observari,
1133 5147 1349 5232 promittimus
1374 5147 1465 5211 vobis
1488 5146 1717 5232 recipientibus
1741 5145 1869 5210 nomine
1893 5145 1970 5209 dicti
1993 5145 2144 5231 Capituli,

325 5258 357 5315 et
379 5251 621 5337 stipulationem
646 5250 771 5314 solvere
796 5252 925 5315 nomine
948 5274 1031 5338 pene
1063 5261 1190 5316 centum
1222 5254 1370 5317 marchas
1403 5254 1515 5340 optimi
1546 5254 1689 5338 argenti,
1714 5253 1741 5316 si
1772 5274 1831 5316 uos
1861 5253 1914 5316 vel
1945 5274 2145 5317 successores

324 5359 426 5423 nostri
449 5358 533 5421 hanc
557 5357 798 5421 concessionem
823 5365 854 5421 et
878 5357 1041 5422 dationem
1065 5359 1241 5444 infringere
1266 5361 1508 5442 tentaverimus,
1533 5366 1566 5424 et
1589 5361 1694 5424 soluta
1718 5381 1812 5446 pena,
1833 5360 1892 5424 hee
1914 5360 2002 5424 datio
2023 5367 2054 5424 et
2070 5381 2144 5424 cou-

324 5466 425 5530 cessio
449 5466 482 5528 in
506 5486 566 5528 sua
589 5473 802 5552 permaneant
825 5466 994 5549 firmitate,
1013 5473 1044 5531 et
1067 5467 1200 5553 insuper
1223 5468 1425 5532 decernimus
1449 5474 1484 5532 ut
1504 5469 1585 5532 uulli
1602 5469 1731 5532 omniuo
1747 5468 1830 5532 laico
1847 5468 1900 5531 vel
1916 5468 2032 5532 elerico
2047 5467 2144 5532 liceat

324 5574 398 5638 huic
423 5579 531 5636 nostre
556 5572 771 5637 concessionis
795 5573 914 5658 pagine
938 5575 1109 5657 contraire,
1127 5582 1158 5638 et
1182 5575 1208 5638 si
1234 5576 1304 5661 quis
1328 5576 1500 5640 temerario
1524 5597 1604 5639 ausu
1628 5577 1688 5639 hoc
1709 5575 1816 5640 facere
1832 5575 1969 5639 scienter
1985 5576 2037 5639 vel
2053 5576 2144 5660 igno·

325 5687 435 5744 rantes·
459 5680 712 5766 attemptaverit,
731 5679 757 5743 si
780 5681 875 5745 tertio
900 5681 1082 5746 admonitus
1106 5704 1141 5745 se
1164 5703 1228 5745 non
1249 5683 1435 5766 correxerit,
1453 5683 1818 5747 excommunicationem
1834 5690 1987 5766 nostram,
2005 5683 2064 5746 sub
2081 5705 2145 5769 qua

325 5809 365 5852 ne
390 5787 421 5850 id
446 5787 503 5850 fiat
526 5787 739 5872 precipimus,
765 5794 797 5851 et
821 5787 1079 5852 maledictionem
1102 5789 1165 5853 Dei
1190 5790 1418 5875 omnipotentis
1446 5812 1480 5854 se
1512 5791 1637 5855 noverit
1668 5791 1882 5854 incursurum.
1909 5789 2005 5854 Hanc
2037 5797 2145 5854 autem

324 5895 497 5981 paginam,
522 5895 598 5959 licet
621 5894 663 5958 sit
687 5915 783 5959 manu
807 5894 938 5982 publica
961 5879 1099 5982 scripta,
1124 5918 1164 5961 ne
1190 5897 1228 5960 de
1252 5898 1313 5961 hac
1337 5899 1542 5962 concessione
1567 5905 1598 5962 et
1623 5898 1751 5961 datione
1776 5898 1847 5984 quis
1878 5898 2020 5981 dubitet,
2044 5898 2146 5961 nostri

325 6001 425 6086 sigilli
447 6000 583 6065 fecimus
607 6001 783 6065 munimine
807 6002 964 6067 roborari.

414 6108 534 6172 Actum
557 6108 590 6171 in
613 6109 736 6194 palatio
759 6107 913 6195 Episcopi
937 6109 1107 6175 millesimo
1124 6111 1343 6176 ducentesimo
1360 6111 1590 6194 decimotertio,
1608 6111 1659 6176 die
1676 6119 1792 6198 quarto
1807 6113 1946 6176 intrante
1966 6111 2143 6193 novembri,

324 6214 499 6278 indictione
523 6215 638 6301 prima,
659 6216 864 6302 presentibus
887 6218 1067 6303 presbitero
1092 6218 1233 6304 Georgio
1258 6219 1438 6305 Baynucio,
1456 6219 1562 6282 scriba
1586 6219 1685 6304 ipsius
1708 6219 1871 6305 Episcopi,
1888 6219 2057 6300 Jacobino,
2074 6239 2145 6304 pre·

325 6323 482 6388 nominati
504 6321 660 6409 Episcopi
684 6325 872 6406 camerario,
898 6332 930 6388 et
953 6325 1170 6410 MarIIgnone,
1194 6327 1346 6412 prelibati
1368 6325 1520 6412 Episcopi
1544 6327 1703 6391 serviente
1728 6351 1758 6391 ».

385 6552 443 6618 .(l)
463 6551 505 6602 Ex
523 6567 579 6621 reg.
599 6551 653 6604 III.
673 6553 787 6605 Houorii
805 6553 872 6620 III.,
893 6571 937 6623 ep.
957 6558 1018 6621 631,
1038 6555 1086 6607 fol.
1107 6559 1166 6622 124,
1186 6555 1354 6623 nouom„
1374 6556 1449 6608 XVI.
1470 6557 1573 6626 caprilla.
