5490 7750
686 594 758 664 176
1469 612 1709 663 nonnnnnra

681 769 869 833 Nonantula
893 768 1092 833 concorditer
1115 769 1329 854 postularunt.
1354 767 1421 833 Nos
1445 769 1553 854 itaque
1570 773 1789 854 presentatum
1805 767 1897 832 nobis
1913 767 2164 854 postulationem
2180 766 2364 851 hujusmodi
2381 765 2488 831 admit·

681 884 805 960 tentes,
829 877 1018 940 mandamus
1043 883 1201 960 quatenus
1224 877 1330 963 ipsum
1352 875 1575 940 Bonacursum
1604 874 1755 939 abbatem
1777 876 1810 938 in
1835 876 2034 962 corporalem
2058 874 2136 938 dicti
2159 873 2344 938 monasterii
2368 873 2407 937 de
2428 873 2488 938 No·

681 985 815 1049 nantula
839 985 1073 1070 possessionem
1097 984 1288 1048 auctoritate
1312 991 1422 1049 nostra
1445 983 1580 1048 inducas
1603 991 1635 1047 et
1658 983 1813 1048 defendas
1829 983 2006 1066 inductum,
2023 983 2146 1048 iaciens
2163 982 2224 1046 sibi
2241 1003 2260 1046 a
2276 981 2412 1045 subditis
2427 984 2488 1046 suis

681 1092 896 1156 obedientiam
920 1099 952 1156 et
974 1093 1189 1156 reverentiam
1213 1090 1337 1156 debitas
1361 1091 1518 1174 exhiberI,
1535 1099 1722 1178 recepturos
1747 1091 1788 1154 ab
1813 1111 1851 1154 eo
1875 1090 2078 1177 postmodum
2101 1111 2160 1176 pro
2185 1089 2276 1154 nobis
2299 1095 2331 1153 et
2346 1088 2489 1154 Romana

679 1198 826 1264 Ecclesia
849 1199 1013 1263 fidelitatis
1037 1199 1129 1263 solite
1151 1201 1381 1284 juramentum.
1405 1198 1525 1263 Forma
1549 1206 1658 1263 autem
1679 1198 1855 1283 juramenti
1879 1205 1939 1263 etc.
1954 1197 1994 1262 (r)

697 1349 699 1353 ,
768 1307 889 1371 Datum
913 1307 1073 1392 Anagnia,
1099 1314 1213 1393 quarto
1238 1307 1309 1371 idus
1329 1307 1414 1392 julii,
1438 1306 1643 1394 pontificatus
1668 1305 1769 1370 nostri
1792 1326 1876 1370 anno
1900 1305 2013 1392 primo.

1525 1626 1651 1692 XXIV.

1453 1842 1550 1927 1255,
1576 1842 1618 1905 13
1642 1843 1720 1906 tutti.

1332 2055 1520 2120 Excedam
1544 2063 1640 2138 tomo,
1666 2055 1735 2120 doc.
1760 2055 1838 2119 Vll.

765 2271 954 2335 Alexander
976 2269 1035 2334 IV.
1049 2270 1088 2335 (2)
1113 2269 1261 2335 Oirsacco
1286 2270 1448 2356 quondam
1470 2270 1593 2335 Abbati
1625 2270 1812 2334 monasterii
1843 2269 1883 2334 de
1914 2269 2118 2353 Nonantula,
2144 2269 2274 2334 Ordinis
2303 2269 2407 2333 sancti
2430 2269 2487 2334 Be·

676 2377 806 2442 nedicti.

764 2485 933 2549 intellecto
957 2484 1088 2567 dudum,
1113 2484 1198 2570 quod
1221 2492 1266 2567 tu,
1291 2491 1454 2549 senectute
1483 2507 1521 2549 ac
1544 2485 1729 2549 infirmitate
1753 2483 1924 2549 incurabili
1948 2491 2173 2570 pregravatus,
2196 2483 2394 2548 insufficiens
2418 2505 2487 2548 eras

674 2593 824 2678 regimini
847 2593 1033 2656 monasterii
1055 2592 1094 2656 de
1118 2592 1323 2674 Nonantula,
1348 2592 1434 2678 quod
1457 2592 1499 2656 ad
1522 2615 1688 2657 romanam
1712 2591 1891 2657 Ecclesiam
1916 2591 2005 2656 nullo
2029 2591 2169 2678 pertinet
2191 2591 2369 2674 mediante,
2394 2612 2486 2655 vene·

675 2700 769 2763 rabili
793 2700 886 2763 fratri
909 2707 1017 2764 nostro
1034 2699 1194 2786 Episcopo
1211 2700 1358 2764 imolensi
1373 2706 1406 2763 et
1421 2699 1537 2764 dilecto
1554 2700 1620 2764 filio
1636 2701 1791 2785 magistro
1809 2698 1976 2763 Bernardo
1994 2698 2148 2763 canonico
2164 2698 2365 2781 bononiensi,
2385 2699 2488 2784 capel-

673 2806 749 2870 lano
774 2815 882 2872 nostro
911 2807 1056 2872 dedimus
1081 2807 1197 2870 nostris
1221 2808 1322 2871 literis
1345 2808 1379 2871 in
1401 2807 1572 2888 mandatis,
1590 2814 1625 2871 ut
1648 2809 1675 2871 si
1699 2815 1744 2891 tu,
1762 2807 1919 2871 senectuti
1942 2828 1980 2871 ac
1997 2807 2102 2871 anime
2122 2814 2176 2871 tue
2193 2808 2374 2890 consulens,
2391 2808 2488 2871 velles

674 2913 788 2978 cedere
812 2914 961 2999 regimini
984 2915 1170 2978 monasterii
1197 2915 1375 2998 memorati,
1400 2915 1477 2979 dicti
1501 2913 1680 3000 Episcopus
1704 2923 1736 2979 et
1759 2915 1965 3001 Oapellanus,
1982 2915 2052 2978 vioe
2076 2921 2196 2996 nostra,
2213 2913 2400 2998 hujusmodi
2422 2935 2486 2978 ces·

674 3023 796 3086 sionem
821 3022 1027 3086 admitterent
1050 3029 1081 3086 at
1105 3022 1249 3086 facerent
1272 3023 1333 3108 ipsi
1360 3023 1554 3087 monasterio
1579 3023 1618 3086 de
1642 3044 1781 3109 persona
1806 3022 1939 3104 idonea,
1965 3043 2061 3107 quam
2092 3022 2161 3085 sine
2191 3022 2333 3107 ipsorum
2357 3043 2489 3085 assensu

673 3131 861 3194 nolebamus
886 3130 973 3215 eligi,
990 3129 1198 3194 decernentes
1215 3130 1242 3193 si
1265 3152 1357 3195 aecus
1379 3131 1481 3213 fieret,
1505 3131 1631 3194 irritum
1656 3137 1688 3194 et
1708 3131 1814 3212 inane,
1833 3151 1890 3216 per
1906 3129 2096 3193 electionem
2112 3129 2299 3193 canonicam
2316 3129 2487 3216 provideri,

673 3237 862 3301 electionem
885 3237 1070 3320 hujusmodi
1093 3259 1152 3322 pro
1176 3237 1394 3302 obfirmatione
1417 3239 1517 3325 ipsius
1542 3238 1721 3325 presentari
1745 3245 1854 3302 nostro
1879 3237 2064 3324 conspectui
2095 3237 2268 3318 facientes,
2293 3237 2488 3322 assignaturi

673 3344 732 3408 tibi
755 3344 795 3408 de
818 3345 911 3408 bonis
935 3345 1035 3431 ipsius
1059 3345 1245 3409 monasterii
1267 3367 1325 3430 pro
1350 3346 1582 3409 sustentatione
1606 3351 1662 3409 tua
1681 3345 1898 3432 provisionem
1915 3365 2092 3430 congruam
2107 3351 2140 3408 et
2159 3344 2345 3426 honestam,
2363 3351 2487 3408 contra·

670 3451 807 3516 dictores
831 3474 889 3537 per
913 3473 1081 3516 censuram
1105 3451 1366 3534 ecclesiasticam,
1391 3452 1608 3540 appellatione
1631 3453 1806 3539 posposita,
1827 3451 2068 3538 compescendo.
2087 3451 2168 3516 Cum
2184 3459 2292 3515 autem
2313 3452 2346 3516 in
2363 3473 2487 3516 eorum-

665 3558 738 3623 dem
760 3559 912 3645 Episcopi
929 3566 961 3623 et
977 3558 1146 3644 Oapollani
1163 3560 1310 3623 manibus
1327 3567 1441 3646 sponte
1458 3561 1591 3624 cessoris
1609 3560 1759 3645 regimini
1780 3559 1967 3624 monasterii
1983 3559 2152 3642 antedicti,
2169 3559 2288 3645 prelati
2304 3558 2484 3645 Episcopus

666 3673 698 3730 et
722 3666 918 3753 Capellanus
942 3666 1126 3752 hujusmodi
1151 3667 1318 3730 literarum
1341 3667 1532 3731 auctoritate
1557 3667 1589 3730 ln
1614 3667 1765 3732 trecentis
1790 3667 1880 3732 libris
1905 3665 2149 3731 bononenorum
2172 3688 2230 3753 pro
2253 3667 2485 3730 sustentatione

666 3779 722 3838 tua
745 3775 947 3857 exhibendis,
972 3775 1030 3839 tibi
1055 3775 1222 3839 annuatim
1245 3775 1284 3838 de
1309 3775 1401 3839 bonis
1425 3775 1502 3839 dicti
1526 3775 1713 3838 monasterii
1736 3781 1768 3839 et
1793 3774 1832 3838 de
1856 3775 2056 3838 habitatione
2081 3773 2294 3860 quarumdam
2318 3773 2486 3838 domorum

666 3888 698 3945 et
720 3904 782 3945 usu
805 3903 957 3947 vasorum
973 3882 1185 3968 quorumdam
1202 3883 1301 3968 ipsius
1318 3883 1504 3947 monasterii
1525 3882 1594 3966 tibi,
1612 3881 1718 3968 quoad
1734 3883 1867 3966 vixeris,
1884 3882 2094 3968 providerint,
2111 3889 2208 3968 prout
2224 3882 2258 3945 ln
2273 3881 2486 3946 instrumento

664 3989 794 4074 publico
819 3989 964 4054 confecto
990 3990 1106 4054 exinde
1131 3989 1247 4054 dicitur
1270 3990 1396 4076 plenius
1420 3990 1586 4054 contineri.
1609 3990 1676 4054 Nos
1701 3989 1810 4075 itaque
1834 3991 1898 4054 tuis
1924 3989 2213 4076 supplicationibus
2237 3989 2396 4072 inclinati,
2412 4011 2485 4076 pro·

665 4096 822 4160 visionem
844 4097 1029 4182 hujusmodi
1053 4103 1157 4160 ratam
1181 4096 1337 4161 habentes
1361 4103 1393 4161 et
1416 4105 1553 4182 gratam,
1571 4097 1660 4161 illam
1685 4097 1877 4161 auctoritate
1901 4097 2078 4183 apostolica
2103 4096 2340 4178 confirmamus,
2362 4103 2395 4161 et
2416 4119 2485 4183 pre·

664 4204 764 4267 sentis
788 4205 899 4290 scripti
922 4205 1102 4291 patrocinio
1130 4205 1373 4269 communimus.

755 4311 845 4375 Nulli
868 4333 946 4396 ergo
970 4312 1099 4377 omnino
1124 4312 1289 4376 hominurn
1313 4313 1409 4376 liceat
1441 4312 1525 4376 hanc
1556 4312 1709 4398 paginam
1740 4317 1848 4376 nostre
1879 4310 2129 4376 confirmationis
2161 4317 2194 4375 et
2223 4311 2483 4376 communitionis

663 4418 851 4504 infringere,
875 4419 928 4483 vel
951 4419 981 4482 ei
1004 4441 1085 4484 ausu
1108 4420 1279 4484 temerarIo
1303 4420 1473 4484 contraire.
1499 4419 1533 4484 si
1558 4420 1629 4505 quis
1654 4427 1762 4483 autem
1792 4419 1854 4484 hoc
1877 4425 2036 4483 attentare
2060 4419 2309 4506 presumpserit,
2334 4417 2485 4504 indigna·

662 4526 784 4590 tionem
806 4526 1033 4611 omnipotentis
1056 4527 1120 4591 Dei
1143 4548 1181 4590 ac
1204 4527 1372 4591 beatorum
1399 4525 1490 4591 Petri
1513 4533 1546 4590 et
1568 4527 1681 4610 Pauli,
1706 4526 1926 4612 apostolorum
1949 4527 2034 4610 ejus,
2059 4547 2093 4590 se
2118 4526 2244 4590 noverit
2267 4525 2481 4589 iucursnrum.

753 4633 875 4698 Datum
898 4633 1060 4719 Anagnia,
1085 4634 1180 4698 tertio
1204 4633 1275 4698 idus
1299 4634 1379 4716 iulii,
1405 4634 1610 4720 pontificatus
1635 4634 1735 4699 nostri
1759 4655 1844 4698 anno
1867 4634 1981 4720 primo,

1517 4954 1624 5019 XXV.

1441 5172 1538 5256 1255,
1564 5172 1605 5234 13
1628 5171 1710 5236 iulii.

1306 5385 1359 5449 Ex
1382 5386 1495 5450 eodem
1519 5393 1623 5471 tomo,
1648 5386 1717 5450 doc.
1742 5386 1838 5450 VIII.

751 5597 939 5662 Alexander
962 5598 1020 5662 IV.
1035 5599 1073 5663 (³)
1098 5599 1269 5663 conventui
1294 5599 1480 5663 monasterii
1503 5600 1606 5664 sancti
1628 5600 1759 5665 Proculi
1781 5601 1999 5665 bononiensis.

751 5704 832 5769 Cum
855 5705 894 5770 de
917 5727 1056 5793 persona
1080 5705 1189 5770 dilecti
1212 5707 1269 5770 filii
1293 5707 1482 5789 Bonacursi,
1507 5708 1668 5792 quondam
1692 5708 1830 5772 Abbatis
1854 5709 1969 5790 vestri,
1995 5708 2027 5771 in
2051 5708 2203 5771 abbatem
2227 5708 2418 5772 monasterii
2442 5707 2481 5771 da

663 5811 861 5897 Nonantnla,
887 5813 972 5899 quod
995 5813 1036 5877 ad
1060 5835 1227 5878 romanam
1250 5814 1430 5879 Ecclesiam
1453 5814 1541 5878 nullo
1566 5814 1670 5880 medio
1695 5816 1844 5902 pertinet,
1864 5816 2009 5880 vacantis
2025 5837 2084 5902 per
2100 5815 2276 5879 cessionem
2293 5815 2407 5880 dilecti
2423 5815 2479 5879 filii

662 5918 803 5984 Oirsacei
827 5921 989 6006 quondam
1014 5921 1141 5985 abbatis
1165 5921 1309 6006 ejusdem
1333 5923 1485 5986 canonice
1510 5922 1551 5985 sit
1574 5923 1755 6008 provisum,
1780 5945 1855 6006 nos,
1888 5923 2091 5987 attendentes
2123 5923 2194 6007 ejus
2224 5922 2420 5986 iudustriam
2448 5929 2480 5986 et

660 6025 848 6112 diligentem
873 6029 1131 6111 sollicitudinem,
1157 6051 1193 6093 ac
1222 6029 1392 6093 sollicitam
1416 6029 1617 6114 diligentiam
1633 6052 1730 6116 quam
1754 6031 1854 6116 gessit
1877 6031 1962 6096 circa
1986 6032 2130 6116 regimen
2154 6030 2341 6095 monasterii
2365 6030 2478 6110 vestri,

740 6299 779 6363 (1)
799 6297 950 6351 luramenti
970 6299 1088 6351 formula
1107 6300 1193 6351 deest.

739 6390 778 6454 (2)
797 6389 839 6441 Ex
859 6407 915 6459 reg.
928 6390 950 6442 I.
965 6391 1116 6442 Alexandri
1135 6391 1198 6456 IV.,
1213 6408 1255 6460 ep.
1275 6395 1336 6456 493,
1349 6391 1396 6442 sol.
1410 6393 1443 6442 72
1460 6397 1540 6456 tergo,
1560 6407 1603 6442 an.
1623 6387 1769 6454 MCCLV.,
1787 6389 1866 6441 XIII.
1884 6390 1951 6442 iulii.

737 6483 777 6546 (3)
798 6479 838 6530 Ex
858 6498 914 6549 reg.
932 6480 954 6531 Ι.
975 6481 1126 6538 Alexandri
1146 6481 1208 6548 IV„
1228 6481 1278 6533 sub
1301 6499 1344 6549 ep.
1358 6483 1419 6546 497,
1439 6481 1486 6532 fol.
1506 6483 1538 6531 72
1557 6487 1638 6546 terge,
1657 6496 1700 6531 an.
1721 6478 1868 6546 MCOLV.,
1887 6479 1967 6532 XIII.
1987 6480 2055 6532 iulii.
