5492 7750
592 625 639 695 72
1378 641 1618 692 nouunnura

587 809 641 880 (ιζ
653 803 746 868 fratri
768 803 904 888 Pagano
926 800 1149 886 Pergameusi,
1173 805 1226 876 ρξ’
1239 799 1332 863 fratri
1355 799 1524 865 Bonifacio
1541 801 1654 864 lectori
1670 801 1709 864 de
1725 801 1884 884 Bononia,
1908 807 1961 878 (Π
1975 801 2068 866 fratri
2084 800 2283 887 Prindiparti
2299 801 2398 866 bono-

586 912 699 995 niensi,
716 911 809 974 fratri
824 910 922 974 Petro
947 907 986 972 de
1009 908 1141 990 Trento,
1158 907 1250 971 fratri
1275 906 1443 971 Ghabrieli
1467 908 1590 994 regino,
1606 908 1700 972 fratri
1728 908 1871 974 Johanni
1895 909 2071 993 ferentino,
2089 917 2121 974 et
2144 908 2239 973 fratri
2254 909 2399 974 dohanni

584 1019 697 1084 Rocho
721 1018 853 1083 cuilibet
876 1037 988 1082 eorum
1010 1037 1108 1080 unam
1131 1035 1247 1102 capam
1269 1015 1481 1080 estimationis
1505 1023 1536 1079 et
1559 1015 1654 1102 pretii
1678 1017 1821 1102 quelibet
1846 1017 1943 1081 trium
1966 1017 2123 1082 librarum
2145 1017 2400 1084 bononenorum.

586 1135 639 1206 (ιζ
652 1129 736 1192 Item
759 1126 851 1209 dixit,
875 1125 1004 1210 rogavit
1019 1130 1052 1187 et
1067 1122 1169 1188 voluit
1190 1122 1275 1208 quod
1299 1121 1416 1186 fratres
1430 1122 1656 1188 Predicatores
1676 1131 1709 1188 et
1731 1131 1908 1188 conventus
1924 1124 2066 1211 ipsorum
2089 1125 2249 1190 honorent
2271 1146 2345 1188 eum
2368 1125 2402 1188 in

584 1236 635 1300 die
658 1235 824 1321 sepulture
848 1232 959 1319 ipsius,
983 1231 1168 1316 relinquens
1192 1229 1314 1293 eisdem
1337 1229 1492 1294 fratribus
1515 1239 1548 1295 ct
1575 1233 1747 1296 conventui
1763 1253 1821 1318 pro
1838 1231 1944 1296 missis
1967 1232 2121 1296 canendis
2137 1253 2196 1319 pro
2213 1232 2322 1296 anima
2341 1253 2401 1296 sua

582 1343 841 1430 vigintiquinque
865 1341 964 1404 libras
987 1339 1240 1404 bononenorum.
1255 1343 1308 1415 (ιζ
1321 1338 1403 1402 Item
1427 1338 1581 1403 fratribus
1605 1345 1637 1404 et
1661 1339 1833 1404 conventui
1857 1339 1992 1403 fratrum
2015 1339 2178 1404 Minorum
2200 1340 2240 1404 de
2263 1339 2400 1404 Richar-

584 1451 661 1516 dina
684 1457 813 1515 centum
834 1449 934 1512 libras
956 1446 1032 1511 bon.
1056 1465 1114 1531 pro
1139 1445 1241 1509 tribus
1265 1447 1368 1510 trunis
1392 1445 1549 1512 faciendis
1573 1447 1604 1510 in
1636 1447 1722 1511 dicta
1753 1445 1901 1511 Ecclesia
1924 1447 2063 1510 fratrum
2093 1446 2256 1512 hlinorum
2279 1447 2319 1512 de
2342 1446 2401 1511 Ri-

583 1559 759 1642 chardina,
790 1557 914 1621 scilicet
943 1576 1038 1619 unam
1069 1556 1111 1619 ad
1142 1554 1299 1619 honorem
1332 1554 1435 1618 Beate
1469 1553 1572 1618 Marie
1608 1560 1640 1618 et
1673 1555 1771 1618 aliam
1795 1554 1836 1618 ad
1858 1555 2015 1620 honorem
2037 1555 2126 1619 beati
2149 1553 2339 1619 Francischi
2364 1563 2397 1619 et

583 1667 682 1731 aliam
705 1668 747 1731 ad
770 1667 924 1731 honorem
948 1665 1037 1729 beati
1059 1664 1185 1746 Iacchi,
1210 1671 1242 1728 et
1265 1685 1323 1749 pro
1358 1683 1422 1726 uno
1457 1661 1552 1726 altari
1582 1663 1730 1747 superius
1764 1661 1912 1726 faciendo
1936 1663 1970 1726 in
1994 1663 2141 1727 ascribus
2164 1663 2197 1726 in
2220 1662 2307 1726 dicta
2338 1661 2400 1728 Eo·

583 1776 693 1858 clesia,
715 1774 773 1838 ubi
794 1779 966 1839 cantentur
988 1772 1067 1836 mire
1090 1779 1122 1836 et
1138 1772 1319 1836 celebretur
1342 1769 1487 1833 divinum
1510 1767 1659 1834 Officium
1682 1767 1724 1832 ad
1746 1768 1902 1834 honorem
1926 1771 2012 1834 beati
2036 1769 2216 1852 Dominici3
2233 1769 2398 1834 residuum

582 1883 686 1948 voluit
707 1881 864 1968 exspendi
887 1881 919 1944 in
943 1901 1008 1944 uno
1031 1880 1165 1962 chalice,
1190 1879 1244 1965 qui
1268 1878 1390 1941 servire
1414 1876 1532 1941 debeat
1555 1876 1651 1940 altari
1673 1876 1776 1941 Beate
1807 1877 1910 1942 Maria
1945 1877 1984 1942 de
2020 1876 2240 1960 Richardina,
2270 1876 2399 1962 quando

582 1990 669 2056 dicta
691 1996 788 2054 truua
810 1989 871 2052 erit
894 1987 1064 2074 completa,
1089 2007 1151 2072 que
1174 1986 1244 2049 fieri
1267 1984 1373 2049 debet.
1398 1989 1451 2062 αἴ
1464 1982 1548 2047 Item
1571 1984 1715 2068 legatum
1738 1990 1956 2048 trecentarum
1970 1985 2128 2050 librarum
2143 1985 2397 2066 bononenorum,

582 2119 663 2185 quas
701 2097 900 2182 relinquerat
938 2094 1021 2159 solvi
1051 2093 1091 2158 de
1121 2114 1218 2157 avere
1241 2115 1299 2156 suo
1322 2113 1381 2178 pro
1413 2092 1499 2155 male
1523 2091 1667 2177 quesitis,
1692 2092 1832 2173 incertis,
1857 2091 2087 2178 expendendas
2111 2091 2287 2156 secundum
2312 2092 2398 2177 quod

583 2205 817 2286 continebatur,
840 2202 894 2267 vel
916 2201 1056 2267 debebat
1079 2201 1235 2266 contineri
1259 2201 1292 2264 in
1315 2199 1430 2265 cedula
1452 2199 1529 2263 deta
1557 2219 1614 2263 seu
1644 2199 1751 2262 danda
1774 2198 1867 2263 dictis
1890 2199 1983 2262 fratri
2007 2199 2105 2264 Petro
2130 2205 2162 2263 et
2186 2199 2315 2264 domino
2339 2199 2398 2264 Ju-

580 2314 679 2395 liano,
696 2319 728 2376 et
744 2311 874 2396 uigilata
898 2309 993 2394 sigilo
1008 2308 1120 2395 ipsine,
1137 2308 1256 2372 dictam
1272 2306 1420 2371 cedulam
1436 2313 1468 2370 et
1483 2307 1621 2371 formam
1637 2306 1826 2371 restituendi
1843 2305 2019 2371 secundum
2044 2307 2129 2392 quod
2146 2307 2178 2370 in
2195 2307 2266 2393 ipsa
2283 2305 2398 2371 cedula

581 2421 763 2486 continetur
785 2418 990 2505 presentibus
1012 2415 1178 2498 codicillis,
1203 2414 1288 2500 quod
1311 2415 1440 2479 dixerat
1463 2414 1611 2478 dedicta
1641 2413 1756 2478 cedula
1794 2421 1826 2477 et
1856 2413 1961 2478 forma
1991 2414 2184 2478 restituendi
2220 2413 2396 2478 secundum

580 2528 666 2615 quod
685 2529 718 2593 in
742 2526 813 2614 ipsa
836 2525 951 2590 cedula
975 2524 1167 2607 continetur,
1191 2523 1356 2588 revocavit
1379 2529 1411 2587 et
1434 2521 1554 2586 ademit
1577 2529 1609 2586 et
1632 2522 1810 2586 declaravit
1832 2521 1970 2586 formum
1995 2522 2185 2586 restituendi
2208 2522 2311 2586 dictae
2334 2528 2396 2586 tre·

581 2643 692 2703 centas
715 2635 816 2699 libras
839 2634 1093 2716 bononenorum,
1117 2632 1149 2695 in
1178 2631 1294 2717 quibus
1318 2630 1458 2695 debeant
1481 2630 1563 2695 solvi
1586 2637 1618 2695 et
1642 2651 1699 2715 per
1723 2651 1803 2716 quas
1825 2637 1935 2716 partes
1959 2629 2043 2694 dicte
2067 2636 2210 2694 trecente
2233 2629 2315 2694 libre
2339 2629 2396 2694 bo·

583 2765 782 2810 nonenorum
804 2764 864 2829 per
886 2741 988 2806 dictos
1010 2761 1085 2805 suos
1109 2739 1295 2804 comiserios
1318 2761 1376 2825 pro
1400 2739 1569 2802 animabus
1592 2739 1721 2802 illorum
1744 2759 1880 2824 quorum
1904 2737 2037 2802 interest
2061 2738 2112 2802 rel
2143 2738 2331 2820 interesset,
2356 2759 2397 2802 ex

580 2851 711 2918 licentia
735 2857 767 2915 et
790 2849 981 2914 auctoritate
1005 2847 1066 2911 sibi
1089 2867 1242 2911 concessa
1271 2867 1291 2909 a
1313 2846 1492 2910 venerabili
1514 2852 1606 2932 patre
1630 2845 1758 2910 domino
1783 2845 1973 2927 Octaviano,
1994 2845 2140 2910 Bononio
2164 2845 2337 2931 Episcopo,
2364 2845 2396 2910 in

579 2960 665 3024 hunc
689 2958 839 3022 modum:

670 3071 723 3144 (Γ
734 3064 775 3129 In
796 3063 908 3150 primis
932 3062 1085 3148 hospitali
1108 3061 1147 3125 de
1170 3061 1299 3125 Batutis
1322 3060 1362 3124 de
1385 3060 1534 3126 Bononia
1550 3082 1608 3146 pro
1625 3061 1716 3124 lectis
1733 3069 1765 3125 et
1781 3061 1978 3147 paramentis
1993 3061 2151 3125 laicorum
2167 3060 2279 3124 decem
2296 3059 2395 3124 libras

578 3174 832 3239 bononenorum.
857 3176 910 3248 (ιζ
920 3168 1004 3233 Item
1033 3169 1186 3254 hospitali
1220 3167 1260 3232 dc
1290 3167 1451 3232 Barbarie
1474 3167 1514 3232 de
1537 3168 1686 3232 Bononia
1711 3168 1822 3232 decem
1845 3167 1946 3231 libras
1970 3167 2224 3232 bononenorum.
2248 3173 2303 3244 (s
2312 3167 2396 3231 Item

580 3279 734 3367 hospitali
765 3278 868 3342 sancti
897 3277 1055 3364 Stephani
1085 3282 1214 3340 centum
1245 3275 1352 3340 soldos
1386 3275 1640 3340 bononenorum.
1665 3283 1718 3352 qs
1731 3275 1815 3340 Item
1837 3276 1990 3362 hospitali
2014 3276 2116 3340 sancti
2142 3275 2295 3340 Procholi
2327 3281 2393 3340 tres

580 3386 680 3450 libras
714 3385 967 3449 bononenorum.
992 3388 1046 3460 (ιζ’
1077 3381 1161 3446 Item
1194 3382 1348 3468 hospitali
1381 3382 1484 3446 sancti
1519 3382 1636 3446 Felicis
1668 3383 1809 3468 quinque
1840 3383 1939 3446 libras
1971 3382 2223 3447 bononenorum.
2245 3389 2298 3458 (ιζ
2311 3382 2394 3445 Item

579 3493 732 3580 hospitali
755 3491 859 3556 sancti
891 3490 981 3554 Petri
1013 3490 1124 3555 decem
1158 3489 1258 3553 libras
1292 3490 1545 3554 bononenorum.
1570 3495 1624 3566 (ιζ
1633 3489 1717 3553 Item
1746 3489 1900 3576 hospitali
1924 3491 2027 3554 sancti
2051 3489 2176 3554 Juliani
2198 3497 2264 3554 tres
2293 3490 2393 3554 libras

577 3601 832 3665 bononenorum.
857 3605 910 3674 (ἵ
923 3597 1006 3662 Item
1021 3598 1175 3684 hospitali
1190 3597 1293 3661 sancti
1308 3597 1427 3660 Lazari
1442 3596 1481 3660 de
1497 3597 1656 3680 Bononia,
1673 3619 1731 3683 pro
1748 3597 1865 3683 pannis
1880 3596 1974 3661 lineis
1990 3597 2144 3678 emendis,
2160 3597 2277 3683 uiginti
2293 3597 2393 3661 libras

580 3708 833 3773 bononenorum.
862 3713 917 3784 (Π
929 3705 1012 3770 Item
1041 3705 1195 3792 hospitali
1225 3704 1465 3770 Oruciferorum
1488 3705 1630 3790 quinque
1653 3705 1753 3769 libras
1780 3705 2034 3769 bononenorum.
2059 3713 2112 3783 (ἵ
2125 3705 2209 3770 Item
2239 3705 2394 3792 hospitali

579 3814 683 3879 sancti
706 3813 872 3878 Guilielmi
894 3819 961 3877 tres
983 3813 1084 3877 librae
1106 3812 1359 3877 bononenorum.
1384 3817 1438 3888 (ιζ’
1450 3811 1534 3875 Item
1557 3811 1689 3876 cuilibet
1703 3812 1909 3876 heremitorio
1930 3811 2070 3876 civitatis
2093 3811 2239 3877 Bononia
2263 3819 2295 3877 et
2318 3813 2393 3877 bur·

579 3943 695 4008 gor-um
716 3921 832 4006 viginti
856 3920 964 3985 soldos
993 3921 1246 3985 bononenorum.
1271 3925 1324 3997 (ιζ
1349 3919 1433 3983 Item
1456 3919 1620 3984 sororibus
1647 3926 1680 3983 et
1702 3921 1874 3984 conventui
1898 3941 2044 3984 sororum
2068 3928 2178 3985 sancte
2204 3921 2306 3986 hiarie
2322 3920 2392 3984 Ma-

580 4030 696 4094 dalene
718 4051 776 4093 rex
799 4029 899 4093 librae
921 4029 1174 4094 bononenorum.
1199 4033 1252 4105 (Π
1264 4028 1348 4093 Item
1370 4027 1533 4093 sororibus
1557 4035 1589 4092 et
1612 4029 1784 4093 conventui
1808 4035 1918 4093 sancte
1941 4028 2064 4094 Mathia
2087 4030 2200 4094 decem
2220 4028 2321 4094 libras
2337 4029 2393 4094 bo·

579 4159 790 4202 nonenorum.
815 4141 868 4214 αἴ
881 4135 965 4201 Item
996 4135 1160 4200 sororibus
1183 4141 1215 4198 et
1244 4135 1417 4200 conventui
1440 4135 1480 4199 de
1503 4143 1615 4200 sancto
1638 4135 1815 4200 Laurentio
1839 4137 1981 4222 quinque
2009 4137 2109 4200 libras
2135 4137 2389 4202 bononenorum.

579 4251 633 4322 (ιζ
645 4245 730 4309 Item
753 4245 917 4310 sororibus
951 4251 984 4308 et
1015 4242 1188 4307 conventui
1215 4249 1326 4306 sancte
1350 4241 1461 4307 Crucis
1489 4243 1630 4328 quinque
1653 4243 1753 4308 libras
1775 4243 2029 4308 bononenorum.
2054 4250 2108 4321 (ιζ
2121 4244 2205 4309 Item
2229 4245 2393 4309 sororibus

579 4360 612 4417 et
634 4352 807 4417 conventui
830 4358 940 4416 sancte
970 4349 1066 4414 Anne
1098 4349 1210 4414 decem
1233 4349 1333 4413 librar
1363 4350 1618 4414 bononenorum.
1643 4357 1697 4428 C
1707 4350 1790 4414 Item
1814 4351 1977 4416 sororibus
2012 4358 2044 4416 et
2075 4353 2250 4417 conventui
2280 4360 2391 4418 sancte

577 4459 682 4524 Marie
706 4460 745 4523 de
768 4458 958 4544 Virginibus
989 4457 1100 4522 decem
1123 4457 1223 4521 libras
1252 4457 1505 4521 bononenorum.
1531 4467 1581 4536 (Π
1597 4457 1681 4522 Item
1704 4458 1868 4522 sororibus
1891 4465 1923 4522 et
1950 4460 2124 4524 conventui
2150 4461 2254 4524 sancti
2278 4459 2392 4546 Augu·

579 4569 655 4632 stini
683 4568 825 4654 quinque
858 4566 958 4631 libras
985 4565 1239 4630 bononenorum.
1263 4571 1317 4643 (ἵ
1329 4565 1413 4629 Item
1443 4567 1607 4631 sororibus
1637 4573 1670 4630 et
1700 4566 1873 4631 couventui
1904 4567 2008 4631 sancti
2040 4567 2132 4632 Petri
2160 4567 2304 4632 Martiris
2338 4567 2392 4632 de-

576 4697 646 4740 cem
669 4676 769 4739 libras
791 4674 1045 4739 bononenorum.
1069 4680 1123 4752 (ζ
1134 4673 1218 4736 Item
1234 4673 1398 4738 sororibus
1422 4679 1454 4736 et
1477 4673 1649 4738 conventui
1665 4675 1768 4738 sancti
1792 4673 1951 4738 Johannis
1974 4675 2100 4739 Batiste
2123 4675 2265 4761 quinque
2290 4675 2390 4740 libras

572 4783 828 4847 bononenorum.
841 4789 894 4859 (Π
907 4780 990 4845 Item
1006 4781 1170 4845 sororibus
1185 4787 1218 4844 et
1234 4781 1407 4845 conventui
1421 4788 1530 4845 sancte
1544 4780 1716 4845 Chaterine
1732 4782 1843 4846 decem
1858 4781 1959 4846 libras
1974 4782 2227 4846 bononenorum.
2242 4790 2294 4860 (ιζ
2309 4782 2392 4848 Item

576 4889 741 4956 sororibus
765 4895 797 4953 et
820 4889 993 4954 conventui
1014 4894 1125 4952 sancte
1149 4886 1310 4952 christine
1335 4889 1475 4974 quinque
1498 4888 1598 4952 libras
1621 4888 1874 4954 bononenorum.
1899 4897 1952 4966 οἵ
1965 4890 2048 4955 Item
2072 4890 2235 4955 sororibus
2261 4899 2293 4956 et
2317 4913 2392 4955 con·

576 4997 688 5063 ventui
710 5019 857 5062 sororum
880 4995 919 5060 de
943 4995 1139 5061 Convertitis
1162 4994 1274 5059 decem
1296 4995 1397 5059 libras
1419 4995 1673 5060 bononenorum.
1697 5002 1750 5074 (ιζ
1762 4997 1847 5062 Item
1870 4997 2034 5062 sororibus
2050 5005 2083 5062 et
2098 4999 2271 5063 conventui
2288 4999 2391 5063 saneti

577 5105 757 5171 Salvatoris
773 5103 884 5169 decem
898 5104 999 5169 libras
1022 5103 1276 5168 bononenorum.
1301 5109 1353 5180 (ιζ
1366 5103 1450 5168 Item
1474 5103 1637 5168 sororibus
1660 5112 1692 5168 et
1715 5105 1887 5170 conventui
1909 5105 2123 5170 Dominarum
2139 5105 2178 5170 de
2194 5105 2298 5170 Ponte
2322 5105 2391 5170 Ma·

573 5213 638 5299 jori
661 5213 802 5299 quinque
825 5212 926 5276 libras
948 5211 1202 5276 bononenorum.
1227 5217 1281 5289 (Π
1292 5211 1376 5275 Item
1399 5212 1562 5275 sororibus
1578 5218 1611 5276 et
1626 5212 1799 5276 conventui
1815 5212 1854 5276 de
1870 5212 2033 5278 Volverde
2050 5235 2108 5277 sex
2125 5213 2225 5278 libras
2249 5213 2391 5278 bonone·

576 5342 701 5386 norum.
719 5325 772 5396 (ἵ
784 5319 868 5383 Item
879 5318 1043 5383 sororibus
1059 5323 1092 5382 et
1107 5319 1280 5382 conventui
1295 5318 1398 5382 sancti
1415 5318 1593 5382 Guillielmi
1609 5326 1674 5382 tres
1690 5319 1790 5383 libras
1805 5320 2058 5384 bononenorum.
2077 5327 2129 5397 (ιζ
2140 5320 2223 5385 Item
2235 5321 2391 5385 fratribus

575 5437 607 5493 et
629 5428 803 5493 conventui
824 5427 864 5490 de
889 5425 1003 5491 Castro
1025 5425 1198 5490 Britonum
1221 5425 1362 5511 quinque
1385 5425 1486 5489 libras
1516 5426 1770 5490 bononenorum.
1796 5433 1849 5504 (Γ
1858 5427 1942 5491 Item
1970 5428 2134 5492 sororibus
2158 5437 2190 5493 et
2218 5431 2392 5494 conventui

572 5536 613 5600 de
636 5533 859 5600 Misericordia
892 5539 958 5598 tres
988 5532 1089 5597 libras
1119 5532 1373 5597 bononenorum.
1398 5540 1451 5611 (ιζ
1464 5534 1547 5598 Item
1571 5534 1734 5598 sororibus
1758 5541 1791 5598 et
1814 5535 1986 5598 conventui
2011 5534 2050 5598 de
2075 5535 2257 5622 Oarpeneta
2274 5537 2389 5623 viginti

574 5642 682 5708 soldos
705 5643 958 5707 bononenorum.
976 5646 1030 5718 (Π
1056 5639 1139 5704 Item
1170 5639 1324 5704 fratribus
1348 5649 1381 5705 et
1403 5641 1576 5706 conventui
1599 5641 1737 5706 fratrum
1758 5641 2004 5706 Prcrlicatorum
2031 5643 2071 5706 dc
2095 5643 2391 5730 Bononiaviginti·

574 5751 716 5837 quinque
739 5749 840 5812 libras
863 5749 1116 5812 bononenorum.
1140 5753 1194 5824 (ἴ
1203 5746 1285 5811 Item
1303 5748 1457 5813 fratribus
1474 5755 1506 5812 et
1522 5750 1693 5813 conventui
1709 5749 1845 5813 fratrum
1862 5750 2023 5814 lllinorum
2039 5751 2079 5814 de
2095 5750 2244 5816 Bononia
2259 5753 2390 5838 viginti·

573 5858 715 5944 quinque
731 5856 831 5920 libras
846 5856 1101 5921 bononenorum.
1126 5865 1178 5935 (ιζ
1187 5857 1272 5921 Item
1295 5856 1448 5922 fratribus
1473 5865 1505 5921 et
1529 5857 1701 5921 conventui
1723 5857 1861 5922 fratrum
1884 5857 1923 5921 de
1948 5858 2109 5924 Carmelio
2126 5860 2267 5946 quinque
2290 5861 2390 5926 libras

571 5967 825 6031 bononenorum.
851 5969 904 6041 (ιζ
914 5963 997 6028 Item
1011 5963 1157 6030 Gerardo
1174 5965 1348 6030 Pecorario
1364 5986 1423 6050 pro
1438 5964 1505 6028 filia
1522 5987 1590 6046 sua,
1605 5987 1676 6029 cum
1693 5964 1847 6050 nubserit,
1862 5966 2002 6051 quinque
2018 5966 2118 6030 libras
2134 5967 2388 6032 bononenorum.

574 6080 627 6150 (ἵ
637 6072 721 6137 Item
744 6071 888 6137 Iohanni
912 6071 1018 6136 Sacho
1042 6071 1081 6136 de
1104 6071 1220 6137 Butrio
1243 6079 1308 6136 tres
1330 6072 1431 6136 librar
1453 6072 1707 6137 bononenorum.
1732 6079 1785 6150 (ιζ
1795 6073 1878 6138 Item
1901 6074 2051 6138 Rolando
2076 6075 2217 6162 Speeiali
2249 6076 2387 6162 quadra·

574 6181 666 6266 ginta
688 6178 796 6244 soldos
819 6179 1073 6263 bononenorum,
1098 6180 1126 6244 si
1149 6179 1268 6244 dixerit
1283 6180 1317 6243 in
1340 6180 1448 6244 anima
1471 6201 1530 6244 sua
1553 6180 1637 6267 quod
1660 6181 1781 6245 habere
1805 6181 1931 6246 debeat.
1957 6189 2010 6260 (Π
2020 6181 2103 6246 Item
2127 6184 2231 6248 sorori
2248 6185 2388 6249 Zulitine

573 6289 662 6374 nepti
685 6308 753 6370 sue,
778 6308 840 6373 que
864 6294 913 6351 est
935 6288 969 6352 in
992 6287 1187 6352 monasterio
1211 6295 1321 6353 sancte
1344 6286 1493 6373 Agnetis,
1517 6310 1575 6374 pro
1606 6309 1671 6352 una
1699 6289 1808 6354 tunica
1832 6297 1898 6354 tres
1921 6289 2021 6354 libras
2045 6290 2298 6355 bononenorum.
2323 6291 2388 6356 Re-

572 6396 701 6460 siduum
724 6416 801 6459 vero
826 6394 912 6480 quod
935 6401 1081 6481 superest
1104 6395 1260 6481 exspendi
1283 6401 1316 6459 et
1339 6394 1488 6458 distribui
1510 6395 1612 6459 voluit
1635 6402 1668 6460 et
1690 6396 1857 6460 mandarit
1879 6397 1913 6461 in
1936 6397 2133 6484 pauperibus
2150 6399 2388 6464 verecundiosis

572 6505 706 6569 arbitrio
738 6503 897 6568 dictorum
928 6525 1059 6568 suorum
1093 6503 1363 6568 comissariorum.
1388 6508 1441 6581 αἴ
1451 6502 1534 6566 Item
1561 6505 1765 6590 presentibus
1789 6505 1931 6571 codicilir
1956 6506 2085 6572 domino
2112 6507 2245 6572 Iuliano
2269 6508 2389 6572 domini
