5492 7750
798 623 1029 674 senosanam
1056 624 1108 674 AD
1136 623 1391 674 Pacuussoaus
1419 625 1526 676 JUBIS
1556 625 1692 676 clvluls
2102 603 2149 674 73

337 778 463 842 Oambii
487 777 674 863 Gratiadey,
700 799 793 864 quern
819 777 850 842 in
875 777 960 842 dicto
983 799 1041 842 suo
1064 785 1257 842 testamento
1282 778 1366 844 dicto
1382 778 1612 844 Bartholomeo
1629 801 1687 843 suo
1704 779 1815 865 nepoti
1830 786 1862 843 ct
1878 779 1990 844 heredi
2013 786 2152 844 tutorem

337 894 369 950 et
403 887 696 951 administratorem
729 886 870 950 omnium
900 886 1059 950 bonorum
1093 907 1225 950 suorum
1256 885 1415 970 reliquid,
1446 907 1599 972 expresse
1636 887 1758 950 remisit
1791 893 2028 951 sacramentum
2051 887 2152 952 tutele

336 1003 369 1060 et
392 995 563 1064 inventarii
587 993 816 1076 confeciouem,
834 1001 866 1057 et
889 993 1028 1057 absolvit
1052 999 1084 1057 et
1106 993 1257 1058 liberavit
1279 1015 1353 1056 eum
1376 993 1417 1057 ab
1442 994 1528 1058 omni
1552 994 1676 1058 ratione
1700 993 1986 1058 administrationis
2008 994 2150 1059 redenda

335 1109 368 1166 et
389 1102 627 1188 henologistam
637 1102 676 1166 (1)
693 1122 766 1166 eum
790 1122 860 1165 esse
884 1100 996 1184 voluit,
1020 1100 1200 1186 dampnans
1224 1099 1377 1164 heredem
1400 1121 1494 1164 suum
1517 1099 1698 1186 predictum
1722 1122 1762 1164 ne
1785 1101 1908 1186 aliquid
1932 1101 1973 1165 ab
1991 1123 2028 1166 eo
2050 1109 2150 1188 petat,

337 1210 389 1274 vel
414 1211 526 1296 exigat
549 1199 581 1274 et
604 1231 644 1274 ne
668 1210 824 1273 adversus
856 1230 1012 1294 cumpro
1040 1208 1134 1272 dictis
1164 1207 1344 1272 actionibus
1372 1229 1448 1272 suas
1471 1215 1622 1272 exerceat
1646 1209 1806 1291 actiones;
1831 1215 1863 1272 et
1885 1209 1913 1273 si
1943 1208 2047 1273 dictus
2069 1210 2151 1273 Bar·

337 1317 518 1382 tholomeus
550 1318 621 1401 ejus
653 1337 752 1403 nepos
784 1323 816 1380 et
844 1316 937 1380 heres
970 1321 1025 1380 aut
1060 1315 1129 1380 eius
1165 1309 1508 1398 heredes,'0ccusione
1533 1315 1751 1401 predictorum
1777 1316 1829 1378 vel
1853 1315 1989 1380 alicuius
2022 1338 2151 1400 corum,

337 1424 404 1488 sive
428 1425 526 1488 etiam
550 1423 717 1488 occasione
741 1423 824 1487 dicte
849 1422 948 1486 tutele
972 1422 1054 1485 bene
1077 1422 1131 1485 uel
1164 1421 1248 1485 male
1279 1426 1390 1507 geste,
1414 1421 1536 1486 obmise
1564 1421 1616 1485 vel
1651 1421 1798 1507 neglete,
1830 1422 1897 1486 sive
1933 1422 2015 1505 doli,
2039 1424 2150 1509 culpe,

336 1532 389 1596 rel
412 1531 609 1616 negligentia
633 1531 666 1594 in
690 1531 799 1616 aliquo
822 1535 967 1610 vexaret,
992 1528 1044 1593 vel
1068 1529 1254 1593 conveniret
1277 1528 1383 1615 ipsum
1405 1535 1555 1610 tutorem,
1572 1528 1624 1592 vel
1648 1530 1719 1612 ejus
1742 1528 1877 1592 heredes
1894 1531 2018 1594 ratione
2043 1530 2152 1615 aliqua

336 1639 375 1703 de
395 1638 557 1725 predictis,
575 1646 607 1702 et
623 1638 653 1700 in
679 1637 788 1723 aliquo
805 1637 873 1724 ipse
890 1643 977 1701 tutor
993 1636 1156 1700 videretur
1172 1635 1277 1700 eidem
1292 1635 1521 1700 Bartholomeo
1539 1636 1642 1700 teneri
1657 1636 1782 1700 ratione
1806 1637 1915 1721 aliqua
1932 1635 1971 1700 de
1988 1637 2151 1722 predictis,

335 1747 416 1811 illud
446 1753 548 1811 totum
579 1746 632 1810 vel
663 1745 862 1810 tantumdem
893 1745 933 1808 dc
957 1765 1014 1808 suo
1038 1743 1143 1807 cidem
1165 1743 1294 1808 domino
1318 1742 1450 1807 Iuliano
1475 1743 1573 1807 tutori
1599 1743 1669 1807 iure
1700 1743 1799 1827 legati
1830 1744 1977 1829 reliquid.
1995 1751 2048 1822 (Π
2069 1746 2152 1810 Itern

337 1855 457 1918 dictum
473 1853 638 1919 dominum
661 1853 830 1917 Julianum
854 1850 991 1937 reliquid
1016 1852 1048 1914 in
1073 1857 1212 1915 tutorem
1236 1850 1386 1936 neptibus
1409 1850 1475 1914 suis
1491 1849 1618 1914 Helene
1642 1857 1674 1914 et
1691 1849 1862 1934 Ohechole,
1878 1852 2030 1917 remitens
2047 1853 2152 1917 eidem

336 1967 574 2026 sacramentum
597 1960 697 2024 tutele
721 1965 753 2024 et
769 1959 942 2023 inventarii
958 1958 1187 2040 confecionem,
1205 1964 1236 2022 et
1252 1957 1423 2022 absolvens
1443 1979 1517 2021 eum
1540 1957 1582 2022 ab
1606 1956 1692 2022 omni
1715 1957 1840 2022 ratione
1865 1957 2151 2025 administrationis

337 2068 511 2151 reddenda,
529 2069 560 2131 in
582 2067 730 2132 omnibus
754 2073 786 2130 et
809 2087 867 2152 per
889 2066 997 2130 omnia
1020 2071 1055 2130 ut
1071 2086 1169 2152 supra
1185 2064 1317 2148 remisit,
1335 2064 1475 2128 absolvit
1491 2071 1523 2127 et
1538 2064 1688 2129 liberavit
1704 2085 1724 2128 a
1739 2065 1841 2129 tutela
1857 2065 1933 2130 dicti
1949 2067 1999 2130 sui
2015 2069 2151 2154 nepotis.

338 2183 391 2254 QJ
404 2176 487 2240 Item
512 2174 659 2260 reliquid,
677 2174 780 2238 voluit
799 2180 832 2237 et
854 2173 1030 2255 mandavit,
1056 2171 1141 2257 quod
1165 2171 1204 2235 dc
1228 2171 1360 2256 vigint-is
1383 2171 1474 2235 libris
1497 2171 1750 2254 bononenorum,
1772 2194 1852 2257 quas
1875 2173 2019 2238 lucratus
2035 2173 2097 2239 fuit
2113 2175 2153 2239 de

338 2283 479 2348 consiliis
503 2281 650 2364 fratrum,
674 2281 745 2346 fieri
768 2280 885 2345 debeat
908 2281 1085 2366 capitulum
1101 2278 1238 2342 fratrum
1253 2277 1416 2342 Minorum
1438 2278 1478 2342 de
1494 2277 1694 2342 Richardiua
1711 2286 1743 2342 et
1759 2279 1845 2365 ipsas
1861 2280 2001 2366 expendi
2018 2281 2050 2345 in
2067 2281 2152 2347 dieto

337 2390 478 2476 capitulo
502 2397 571 2454 tum
593 2389 627 2452 in
651 2388 800 2452 fenestris
824 2387 936 2451 ferreis
962 2386 1056 2450 etde
1080 2386 1179 2471 ligno,
1196 2393 1265 2448 tum
1288 2385 1322 2449 in
1345 2385 1485 2467 sedibus,
1510 2393 1576 2448 tum
1601 2407 1659 2471 pro
1683 2385 1755 2449 aliis
1778 2386 1937 2471 fenestris,
1954 2410 2012 2474 pro
2037 2389 2152 2474 quibus

338 2505 423 2562 emet
438 2517 608 2579 marmora,
633 2517 695 2581 que
719 2501 793 2558 sunt
816 2494 946 2577 ibidem,
969 2500 1039 2557 turn
1062 2515 1120 2579 pro
1145 2492 1278 2577 picturis
1302 2492 1458 2556 faciendis
1482 2493 1612 2558 ibidem.
1637 2499 1690 2569 (ιζ
1703 2494 1785 2559 Item
1809 2495 1947 2581 reliquid
1974 2497 2152 2582 presbitero

337 2605 439 2669 sancti
464 2603 564 2668 Mami
588 2602 804 2688 quadraginta
827 2601 935 2666 soldos
958 2601 1052 2683 bon,
1078 2622 1119 2664 ex
1143 2601 1259 2685 quibus
1283 2601 1346 2662 emi
1369 2599 1508 2664 debeant
1531 2601 1594 2666 duo
1619 2603 1758 2689 duplerij
1775 2603 1952 2689 deputandi
1968 2603 2009 2666 ad
2026 2603 2150 2690 Corpus

336 2712 466 2776 Christi.
491 2717 544 2787 (Π
557 2709 641 2774 Item
664 2707 843 2795 presbitero
866 2707 1011 2772 Ecclesia
1035 2705 1139 2770 sancti
1162 2705 1278 2770 Jacobi
1302 2705 1341 2769 de
1366 2705 1626 2772 Oarbonensibus
1643 2709 1758 2793 viginti
1779 2708 1886 2772 soldos
1911 2709 2152 2774 bononenorum

340 2840 399 2904 pro
415 2840 479 2882 uno
493 2817 639 2904 duplerio
656 2815 801 2898 emendo,
816 2814 1000 2900 deputando
1013 2812 1054 2876 ad
1067 2813 1191 2899 Corpus
1205 2812 1333 2877 Christi.
1347 2821 1400 2892 (ἵ
1412 2813 1496 2877 Item
1512 2814 1659 2900 reliquid,
1673 2816 1774 2880 voluit
1790 2823 1822 2879 et
1838 2817 2003 2880 mandavit
2019 2817 2154 2900 restitui,

338 2926 419 3008 dari,
438 2933 471 2989 et
493 2925 575 2989 solvi
599 2923 639 2987 de
661 2923 754 2988 bouis
779 2923 844 2986 suis
861 2944 919 3009 per
935 2921 1037 2986 dictos
1052 2941 1126 2985 suos
1143 2921 1378 2984 commissarios
1395 2921 1502 2985 omnia
1519 2929 1551 2986 et
1567 2923 1705 3007 singula,
1723 2945 1785 3008 que
1801 2923 1843 2986 ad
1860 2945 1932 2986 eum
1949 2925 2155 3009 pervenerint

336 3057 378 3098 cx
401 3034 510 3118 aliqua
532 3032 654 3095 iniusta
678 3032 731 3095 rel
755 3030 899 3095 indebita
922 3029 1115 3115 requisitione
1140 3028 1190 3092 vel
1216 3029 1384 3093 exactione
1409 3029 1557 3094 omuibus
1585 3039 1617 3094 et
1645 3030 1780 3115 singulis
1804 3032 1949 3116 personis
1966 3039 1999 3095 et
2015 3031 2152 3096 Univer-

339 3141 507 3222 sitatibus,
533 3139 691 3224 aquibus
715 3137 880 3224 aparuerit
903 3137 1018 3222 ipsum,
1043 3137 1094 3200 vel
1119 3135 1256 3199 alterum
1280 3137 1350 3219 ejus
1374 3137 1512 3217 nomine,
1534 3137 1685 3201 habuisse
1709 3139 1761 3201 vel
1784 3139 1976 3225 percepisse.
2001 3145 2054 3216 (Π
2071 3138 2154 3203 Item

338 3247 477 3333 reliquid
501 3252 532 3310 et
556 3245 658 3310 voluit
685 3244 771 3330 quod
794 3241 833 3308 de
857 3243 950 3307 bonis
974 3243 1041 3306 suis
1064 3249 1190 3306 ematur
1213 3249 1246 3306 et
1269 3241 1373 3324 detur,
1395 3243 1436 3307 ad
1460 3244 1661 3308 voluntatem
1685 3251 1716 3308 et
1740 3245 1909 3309 arbitrium
1933 3245 2009 3310 dieti
2033 3245 2155 3309 domini

339 3354 473 3437 Iuliani,
497 3353 665 3418 Alienorie
689 3373 746 3415 sue
770 3351 846 3434 filie,
870 3372 986 3437 sponse
1010 3357 1042 3413 et
1066 3349 1173 3414 future
1204 3349 1298 3413 uxori
1328 3349 1517 3414 Franciachi
1543 3351 1601 3414 filii
1625 3351 1786 3436 quondam
1810 3352 1931 3416 domini
1955 3352 2086 3417 Galeoti
2116 3354 2155 3417 de

338 3461 566 3543 Lambertinis,
580 3480 680 3523 unum
696 3459 815 3523 lectum
831 3458 1027 3540 ecredatum,
1045 3456 1280 3521 exstimationis
1297 3458 1484 3542 octuaginta
1499 3457 1655 3522 librarum
1672 3458 1923 3524 bononenorum.
1941 3467 1994 3538 (ἴ
2006 3460 2089 3524 Item
2106 3482 2154 3524 re-

338 3569 439 3655 liquid
457 3570 540 3634 diete
560 3591 616 3634 sue
633 3569 698 3633 filie
720 3569 759 3632 de
776 3568 868 3632 bonis
891 3567 957 3630 suis
981 3574 1087 3630 vestes
1111 3565 1251 3629 intextas
1268 3563 1307 3628 de
1324 3566 1461 3630 scarleto
1478 3587 1551 3630 cum
1565 3567 1675 3650 variis,
1688 3567 1811 3632 dandas
1834 3567 1938 3632 eidem
1954 3577 1986 3632 et
2002 3569 2154 3634 emendas

339 3699 397 3763 per
420 3677 540 3741 dictum
564 3676 728 3741 dominum
752 3675 920 3740 Julianum
943 3695 1015 3737 eum
1041 3672 1142 3736 dietus
1165 3672 1357 3737 Franciscus
1392 3673 1462 3756 ejus
1494 3695 1630 3759 sponsus
1661 3675 1722 3738 erit
1754 3675 1888 3757 nubilis,
1914 3675 2035 3739 scilicet
2058 3677 2153 3740 etatis

338 3783 581 3869 quatuordecim
604 3804 762 3848 annorum
786 3788 819 3846 et
842 3781 1011 3846 contrahet
1033 3779 1274 3844 matrimonium
1299 3801 1372 3844 cum
1395 3779 1481 3844 dieta
1505 3801 1564 3844 sua
1598 3781 1674 3864 lilia,
1699 3780 1775 3845 dum
1799 3789 1906 3846 tamen
1934 3791 2097 3868 ponantur
2120 3784 2153 3847 in

339 3891 447 3956 dotem
470 3891 554 3956 dicte
579 3911 635 3954 sue
655 3890 731 3972 filie,
749 3889 904 3953 extimate
928 3887 960 3951 id
984 3886 1070 3972 quod
1093 3887 1265 3951 constitere
1289 3887 1372 3952 dicte
1396 3893 1512 3952 vestes.
1538 3893 1591 3964 (ἵ
1604 3888 1687 3952 Item
1710 3889 1813 3953 voluit
1828 3888 1914 3975 quod
1930 3891 2152 3976 compleantur

339 3998 443 4062 eidem
467 4005 584 4080 vestes,
602 4019 663 4084 que
681 4004 756 4061 suut
771 3996 920 4061 inchoate
937 4017 995 4081 pro
1012 4016 1061 4058 ea.
1079 4000 1132 4072 (ἵ
1141 3994 1223 4058 Item
1242 3993 1378 4080 reliquid
1396 3993 1523 4059 domine
1540 3994 1713 4080 Agnexine
1729 3996 1823 4060 uxori
1847 3997 1924 4084 olim
1940 3995 2016 4061 dicti
2032 3996 2155 4062 domini

340 4105 471 4170 Galeoti
494 4125 593 4170 uuam
627 4104 740 4169 robam
775 4103 814 4168 de
848 4103 963 4184 bruna,
999 4123 1061 4187 que
1092 4102 1155 4166 emi
1186 4109 1218 4166 et
1252 4102 1324 4166 dari
1347 4101 1464 4166 debeat
1486 4101 1590 4166 eidem
1615 4103 1741 4167 domine
1770 4103 1904 4168 arbitrio
1928 4104 2005 4168 dicti
2034 4105 2155 4170 domini

338 4213 462 4278 Iuliani
485 4212 719 4278 exstimationia
743 4217 775 4276 et
798 4210 898 4298 precii
921 4210 1062 4296 treginta
1082 4231 1141 4273 sex
1156 4209 1312 4274 librarum
1327 4209 1580 4274 bononenorum.
1598 4216 1651 4286 q?
1662 4211 1744 4274 Item
1761 4211 1900 4296 reliquid
1915 4211 2000 4276 dicto
2025 4212 2154 4279 domino

339 4321 470 4385 Iuliano
494 4341 552 4406 pro
576 4319 687 4383 labore
710 4318 822 4383 tutello
847 4324 975 4382 centum
998 4316 1097 4380 libras
1113 4316 1367 4381 bononenorum.
1384 4322 1438 4393 οἵ
1451 4317 1534 4380 Item
1550 4317 1686 4403 reliquid
1707 4317 1864 4400 etvoluit,
1882 4319 1966 4404 quod
1991 4321 2016 4383 si
2042 4321 2155 4385 relicta

337 4449 396 4514 per
412 4449 485 4491 eum
508 4448 566 4514 pro
583 4425 667 4491 male
692 4425 834 4512 quesitis,
852 4424 981 4488 incertis
1001 4431 1034 4488 et
1056 4445 1115 4510 pro
1138 4423 1307 4488 animabus
1331 4444 1442 4488 eorum
1466 4445 1485 4487 a
1508 4425 1623 4510 quibus
1647 4425 1785 4510 quesivit
1809 4425 1936 4508 iniuste,
1960 4448 2024 4491 nou
2048 4436 2155 4493 esseut

338 4535 420 4599 bene
437 4534 549 4599 relicta
573 4533 615 4598 ad
638 4533 811 4597 utilitatem
834 4533 1015 4596 animarum
1039 4553 1160 4614 corum,
1178 4531 1264 4617 quod
1283 4530 1323 4594 de
1347 4531 1411 4594 illis
1435 4552 1515 4617 quas
1539 4553 1597 4618 pro
1621 4533 1728 4595 anima
1748 4553 1807 4598 sua
1829 4534 1967 4619 reliquid
1983 4535 2087 4621 magis
2104 4537 2154 4623 pic

340 4647 588 4727 compensentur
611 4641 681 4704 loeo
705 4639 931 4725 predictorum.
957 4645 1011 4716 (Π
1020 4637 1104 4703 Item
1128 4637 1263 4724 reliquid
1289 4637 1374 4723 quod
1398 4659 1456 4724 pro
1480 4638 1648 4703 animabus
1665 4639 1847 4722 scolarium,
1865 4661 1884 4704 a
1900 4641 2016 4726 quibus
2033 4642 2155 4728 aliquid

341 4749 457 4812 iniuste
474 4748 618 4834 percepit
635 4753 701 4811 tam
723 4747 879 4810 laieorum
904 4767 1001 4832 quam
1017 4745 1206 4810 clericorum
1223 4745 1368 4809 dantium
1384 4745 1423 4809 de
1440 4745 1533 4810 bonis
1550 4767 1661 4810 eorum
1676 4747 1814 4832 propriis
1837 4747 1942 4811 eidem
1962 4769 2025 4812 non
2042 4770 2155 4814 seeun-

342 4855 418 4920 dum
435 4855 589 4938 debitum,
607 4861 755 4919 emantur
771 4853 835 4918 duo
856 4854 972 4918 calices
988 4853 1108 4918 valoris
1125 4852 1361 4939 quinquaginta
1377 4852 1532 4916 librarum
1548 4853 1801 4937 bononenorum,
1819 4861 1852 4918 ct
1871 4854 1986 4918 deutur
2002 4855 2156 4920 fratribus

341 4969 374 5027 et
397 4963 570 5027 conventui
592 4961 729 5026 fratrum
752 4961 915 5025 Minorum
939 4961 978 5024 de
1001 4960 1216 5042 Richardina3
1240 4980 1323 5023 unus
1340 4981 1477 5045 quorum
1492 4961 1613 5025 serviet
1629 4967 1661 5024 et
1676 4960 1797 5024 servire
1820 4961 1937 5026 debeat
1958 4962 2053 5027 altari
2068 4964 2156 5028 beati

340 5071 361 5136 J
363 5071 456 5136 acobi
479 5078 511 5134 et
535 5070 617 5133 alius
642 5069 737 5133 altari
752 5069 839 5134 beati
856 5068 1018 5134 Dominici
1033 5067 1178 5133 facendis
1195 5068 1227 5130 in
1242 5067 1390 5132 Ecclesia
1405 5067 1549 5154 predicta
1566 5069 1669 5132 sancti
1684 5068 1872 5133 Francischi
1891 5069 1930 5134 de
1946 5069 2155 5137 Richardina.

341 5184 394 5256 (Π
408 5177 492 5241 Item
509 5175 647 5262 reliquid
670 5176 733 5240 emi
757 5176 797 5238 de
820 5176 913 5239 bonis
939 5175 1004 5239 suis
1027 5196 1127 5239 unam
1149 5173 1270 5261 petiam
1293 5182 1378 5239 terre
1402 5175 1530 5239 vineata
1545 5175 1642 5261 pretii
1658 5175 1868 5241 ducentarum
1884 5177 2041 5242 librarum
2057 5179 2156 5244 bono-

341 5307 507 5367 nenorum,
521 5284 577 5348 ubi
592 5283 753 5348 videbitur
765 5282 850 5347 dicto
864 5282 993 5348 domino
1010 5283 1030 5348 J
1033 5283 1152 5364 uliano,
1166 5303 1227 5367 quc
1245 5281 1416 5368 deputetur
1432 5281 1464 5346 in
1481 5289 1671 5368 perpetuum
1688 5282 1728 5346 ad
1741 5305 1835 5347 usum
1847 5284 1984 5349 fratrum
1995 5285 2156 5351 Minorum

341 5393 380 5458 de
404 5391 614 5472 Richardiua,
638 5397 735 5477 prout
758 5390 872 5455 melius
896 5389 1058 5454 videbitur
1081 5389 1166 5454 dioto
1190 5388 1319 5453 dominc
1343 5389 1486 5473 Iuliano,
1511 5411 1573 5475 que
1597 5390 1694 5454 vendi
1716 5391 1769 5455 vel
1792 5392 1928 5456 alienari
1952 5414 2015 5457 nou
2039 5395 2155 5480 possit,

341 5508 373 5565 et
400 5500 461 5564 hoc
485 5521 543 5584 pro
568 5497 737 5562 animabus
755 5496 912 5562 dictorum
928 5495 1133 5561 scholarium.
1159 5503 1212 5574 (Π
1225 5495 1308 5559 Item
1324 5496 1427 5560 voluit
1443 5503 1475 5560 et
1490 5496 1657 5561 mandavit
1673 5498 1759 5583 quod
1776 5521 1849 5564 cum
1865 5500 1933 5585 ipse
1949 5500 2099 5566 habuerit
2122 5502 2156 5565 in

340 5607 439 5672 (luris
461 5606 611 5670 Romana
634 5626 654 5668 a
677 5604 818 5690 quodam
842 5603 970 5686 clerico,
994 5624 1110 5667 nomen
1134 5605 1227 5687 cujus
1250 5603 1389 5688 ignorat,
1414 5604 1602 5689 octuaginta
1625 5605 1755 5670 florines
1779 5627 1894 5671 aureos
1925 5628 1983 5693 pro
2015 5608 2154 5693 quodam

340 5713 482 5796 servitio,
508 5712 593 5798 quod
617 5712 802 5798 impetravit
826 5733 845 5776 a
869 5711 997 5776 domino
1021 5710 1114 5797 Papa
1137 5732 1195 5797 pro
1219 5731 1268 5794 eo,
1293 5717 1325 5775 et
1348 5711 1494 5798 predicta
1516 5713 1655 5798 pecunia
1678 5713 1825 5799 deposita
1848 5714 1945 5779 fuerit
1976 5715 2009 5778 in
2037 5737 2156 5801 magna

340 5822 452 5886 tabula
475 5820 605 5885 illorum
629 5819 668 5883 de
693 5819 786 5883 Senis
810 5827 842 5882 ct
865 5826 977 5905 postea
1001 5818 1107 5882 soluta
1131 5817 1228 5882 fuerit
1249 5817 1363 5882 Laudo
1386 5819 1427 5883 de
1452 5818 1613 5884 Societate
1636 5819 1882 5904 Amauatorum,
1903 5823 2070 5908 recipienti
2097 5845 2156 5909 pro

340 5950 378 5992 ec
403 5929 502 5992 stanti
526 5927 558 5991 in
583 5927 681 5992 Curia
703 5925 870 6009 Romana,
895 5933 927 5990 et
950 5925 1082 6010 quidam
1105 5924 1240 5990 clericus
1265 5924 1396 6012 Capelle
1420 5926 1507 6011 regis
1530 5926 1650 6012 Anglie
1681 5949 1755 5991 eum
1785 5936 1969 6013 cognoscet,
1997 5931 2051 6014 qui
2079 5937 2156 5994 tuuc

342 6043 411 6100 erat
435 6036 466 6098 in
491 6034 577 6098 dicta
601 6033 710 6116 Curia,
735 6033 819 6119 quod
844 6033 960 6118 inquiri
985 6032 1102 6096 debeat
1126 6031 1165 6095 dc
1190 6032 1318 6097 nomine
1342 6033 1429 6097 illius
1453 6033 1571 6116 clerici,
1596 6035 1651 6120 qui
1674 6034 1762 6099 dedit
1786 6037 1956 6121 pecuniam
1978 6037 2157 6122 predictam

342 6143 375 6207 in
399 6142 519 6207 tabulis
544 6147 769 6223 mercatorum,
793 6147 826 6204 et
848 6140 889 6203 de
912 6139 1040 6204 nomine
1064 6138 1182 6222 cleriei,
1209 6139 1263 6225 qui
1287 6161 1361 6204 eum
1384 6141 1550 6226 cognoscit
1572 6141 1605 6204 in
1629 6141 1756 6228 capella
1779 6143 1881 6227 regis,
1906 6151 1938 6207 et
1961 6143 2047 6229 quod
2070 6143 2157 6210 dicta

341 6250 479 6337 pecunia
502 6249 595 6313 detur
619 6249 705 6313 dicto
730 6248 846 6312 clerieo
870 6247 994 6333 capelle
1016 6245 1114 6332 regis,
1138 6252 1174 6310 ut
1197 6245 1251 6311 det
1274 6267 1345 6311 eam
1380 6247 1465 6313 dicto
1489 6248 1623 6331 clerico,
1656 6249 1711 6335 qui
1733 6249 1821 6313 dedit
1844 6250 1947 6336 ipsam
1974 6252 2155 6336 pecuniam,

423 6482 461 6547 (1)
481 6479 569 6549 Lege:
589 6478 800 6546 homoloyr'etom,
819 6479 853 6531 sb
872 6479 1048 6544 horreoloporc.

566 6709 634 6747 TOM.
653 6709 684 6746 11.
