5490 7750
789 670 1021 720 secernerem
1049 669 1101 718 an
1131 668 1388 719 Pnornssonns
1416 668 1521 719 ocare
1550 668 1683 718 ervrrns
2067 645 2140 715 115

323 844 527 889 encaemorum
543 833 711 888 'crearornm
727 832 754 889 et
771 846 895 890 cornone
911 823 1053 908 Ecclesia,
1069 831 1131 888 toni
1149 827 1181 888 in
1199 826 1264 909 noso
1279 826 1396 888 eistete
1411 823 1595 906 bononiensi,
1611 826 1765 906 comitata,
1781 826 1934 889 territorio
1951 832 1977 889 et
1992 825 2143 908 districta,

324 953 418 1016 qnam
440 931 515 996 olibi
535 931 715 1017 altioremque
730 934 932 1015 consistentia,
948 931 1104 1016 adjutores
1119 939 1211 996 erant
1227 930 1305 996 cobis
1320 937 1348 996 et
1362 931 1579 995 successoribus
1594 933 1699 996 cedris
1714 939 1741 996 et
1757 932 1853 996 eidem
1868 929 2000 996 Ecclesic
2014 932 2057 996 od
2071 935 2143 996 reti-

323 1037 471 1122 nendum,
487 1038 715 1121 tucianensem
731 1046 758 1104 et
774 1039 1030 1124 recuperandum,
1048 1046 1074 1102 et
1090 1045 1269 1122 recuperato
1285 1038 1545 1102 manutenendum
1562 1044 1669 1102 ceretro
1684 1058 1802 1103 ornnem
1817 1039 1986 1124 bominem,
2000 1040 2042 1103 sic
2058 1037 2145 1104 Dens

325 1146 544 1230 medicinaque
566 1149 776 1210 constituentes
798 1146 938 1229 adjacet,
962 1152 989 1210 ct
1011 1145 1064 1210 lece
1086 1152 1191 1210 sonno
1214 1143 1275 1209 Dei
1297 1145 1452 1230 connectio
1476 1167 1505 1207 ι.
1529 1143 1683 1208 Promisit
1711 1145 1808 1209 etiam
1832 1151 1865 1209 et
1885 1147 2009 1231 juravit
2039 1146 2143 1210 dictus

324 1251 464 1316 sindicus
488 1252 627 1334 nomine,
645 1259 676 1316 et
700 1254 732 1316 in
757 1253 880 1316 animas
904 1253 1166 1317 constituentium
1190 1250 1386 1334 eorumdem,
1404 1250 1489 1336 quod
1513 1251 1590 1315 dicti
1614 1273 1792 1334 commune,
1815 1252 2009 1317 universitas
2033 1259 2065 1317 et
2087 1275 2144 1339 po-

323 1359 419 1444 pulus
449 1359 655 1424 bononiensis
689 1361 792 1424 simile
823 1361 1044 1444 juramentum
1074 1381 1132 1446 per
1159 1381 1270 1424 eorum
1294 1359 1474 1444 legitimum
1497 1359 1655 1424 sindicum
1679 1360 1811 1424 cuilibet
1833 1362 2011 1425 successori
2035 1368 2144 1426 nostro

324 1466 477 1530 canonice
502 1467 636 1530 intranti
658 1488 775 1531 nomen
798 1467 924 1531 romani
950 1467 1121 1552 pontificis,
1146 1467 1202 1552 qui
1225 1473 1302 1531 tunc
1326 1467 1397 1548 erit,
1422 1473 1570 1530 etenum
1594 1465 1691 1530 etiam
1715 1468 1937 1553 exprimendO,
1961 1475 2145 1554 prestarent

324 1574 440 1656 semel,
465 1580 497 1637 et
521 1575 606 1638 infra
629 1575 767 1661 primum
792 1595 912 1638 annum
935 1574 1140 1660 pontificatus
1165 1574 1338 1658 cujuslibet
1360 1573 1546 1658 hujusmodi
1578 1574 1788 1656 successoris,
1812 1580 1845 1638 et
1868 1574 1953 1659 quod
1977 1596 2087 1640 omnes
2111 1585 2144 1641 et

324 1680 444 1766 singuli
468 1702 573 1744 mares
602 1681 759 1763 civitatis,
784 1681 954 1746 comitatus
978 1688 1011 1745 et
1042 1681 1205 1745 districtus
1233 1681 1451 1766 predictorum
1482 1681 1621 1764 majores
1652 1680 1895 1764 quatuordecim
1928 1682 2020 1746 annis
2051 1683 2143 1747 nobis

324 1795 356 1852 et
380 1788 511 1852 cuilibet
534 1789 711 1853 successori
734 1795 843 1852 nostro
868 1789 1021 1852 canonice
1051 1788 1186 1852 intranti
1209 1789 1309 1852 semel
1332 1788 1417 1852 infra
1441 1809 1584 1851 mensem
1614 1795 1785 1873 postquam
1817 1809 1914 1874 super
1940 1789 2000 1854 hoc
2025 1789 2145 1854 luerint

324 1895 479 1980 requisiti,
502 1881 654 1959 videlicet
677 1895 724 1959 illi
749 1896 800 1960 vel
824 1895 887 1959 illis
910 1896 1074 1981 personis,
1099 1895 1215 1980 quibus
1239 1917 1297 1960 nos
1321 1895 1374 1959 vel
1396 1895 1474 1958 dieti
1496 1916 1697 1958 successores
1720 1895 1753 1958 id
1777 1897 2065 1980 committeremus,
2090 1898 2143 1962 vel

324 2003 579 2086 committerent,
595 2003 649 2088 qui
667 2003 796 2088 quidem
819 2003 1057 2068 commissarius
1081 2003 1134 2067 vel
1158 2003 1369 2086 commissarij
1393 2003 1426 2065 in
1450 2002 1646 2066 moderando
1670 2023 1804 2067 numero
1821 2024 1942 2086 eorum,
1960 2005 2014 2090 qui
2031 2005 2143 2089 hujus·

322 2110 409 2174 modi
430 2111 650 2193 juramentum
675 2116 784 2174 essent
806 2111 985 2197 prestituri,
1010 2118 1042 2175 et
1065 2110 1258 2195 requirendo
1290 2109 1331 2172 ad
1360 2111 1421 2174 hoc
1452 2131 1508 2174 εει]
1532 2110 1653 2194 requiri
1676 2110 1823 2174 faciendo
1848 2111 1937 2193 illos,
1963 2112 2143 2198 dequibus

323 2217 509 2281 discretioni
531 2217 642 2302 ipsius,
667 2219 718 2282 vel
743 2219 886 2304 ipsorum
909 2217 1083 2299 videretur,
1108 2228 1140 2282 et
1164 2239 1228 2282 non
1252 2217 1343 2299 alios,
1368 2217 1497 2303 plenam
1521 2222 1714 2302 potestatem
1738 2217 1905 2300 heberent,
1923 2213 2143 2302 juramentum

322 2323 486 2388 fidelitatis
509 2332 692 2410 prestarent
715 2331 840 2411 sponte,
859 2324 970 2408 libere,
995 2325 1054 2388 sub
1079 2325 1139 2388 hac
1163 2325 1283 2390 forma:
1314 2351 1329 2382 ‹
1353 2325 1420 2409 Eoo
1438 2373 1734 2390 ............
1758 2327 1829 2389 cinis
1851 2325 2050 2412 bononiensis,
2065 2330 2144 2412 juro

323 2433 405 2516 qnod
426 2431 464 2496 ob
486 2432 543 2496 boc
566 2453 621 2496 oro
646 2435 678 2496 in
700 2440 791 2497 anteo
811 2433 912 2517 fidelis
936 2441 962 2496 et
984 2431 1123 2496 obediens
1145 2454 1196 2498 ero
1219 2433 1302 2496 beato
1325 2432 1416 2497 Petro
1430 2434 1570 2516 principi
1584 2433 1787 2516 apostotorum
1809 2441 1835 2497 et
1858 2437 2046 2500 secretissimo
2055 2439 2144 2520 patri

322 2540 445 2604 doctrino
467 2561 531 2604 orreo
554 2540 675 2602 doctrino
699 2539 862 2604 Benedicto
879 2561 961 2624 popo
984 2540 1173 2622 duodecimo,
1197 2541 1321 2624 eiusque
1342 2539 1559 2603 succcessoribus
1588 2541 1730 2603 cononice
1755 2540 1961 2625 intrantibus,
1984 2551 2144 2628 sancteque

322 2648 480 2730 apostolice
503 2667 628 2710 romanie
651 2645 801 2729 Ecclesia,
820 2667 882 2710 non
905 2667 956 2711 ero
979 2649 1011 2710 in
1034 2648 1157 2710 consilio
1180 2654 1234 2710 ont
1256 2667 1401 2710 consensu
1425 2647 1470 2710 cel
1490 2646 1581 2729 fecto,
1599 2647 1679 2730 qnod
1701 2649 1794 2710 uitam
1813 2648 1957 2732 perdant,
1973 2657 2028 2713 ont
2051 2671 2143 2715 mern·

322 2753 423 2835 brnen,
439 2760 494 2817 nect
517 2756 682 2838 copiontnr
705 2754 787 2817 rnolo
803 2756 954 2838 captione,-
969 2755 1140 2837 consilinm,
1158 2754 1238 2838 qnod
1260 2753 1336 2817 arilei
1358 2754 1507 2817 credituri
1530 2761 1621 2817 crnnt
1641 2775 1698 2838 per
1720 2774 1750 2818 ae
1776 2756 1821 2818 cel
1837 2775 1899 2838 per
1920 2759 2048 2822 nuncios
2062 2778 2142 2841 snos,

321 2861 382 2924 sice
400 2883 460 2944 per
481 2862 587 2924 literas
609 2860 652 2924 od
674 2881 779 2924 eornm
801 2860 962 2943 domnum,
985 2881 1032 2925 rne
1055 2862 1172 2944 sciente,
1196 2863 1314 2949 nemini
1330 2859 1482 2944 pandam
1503 2867 1529 2924 et
1551 2862 1579 2924 si
1600 2862 1712 2924 scivero
1732 2861 1813 2944 fieri,
1833 2863 1878 2924 cel
1894 2867 2064 2946 procurari
2090 2886 2143 2929 sen

323 2971 451 3031 tractari
473 2968 603 3052 aliquid,
628 2968 710 3052 qnod
731 2970 771 3032 sit
793 2970 826 3030 in
851 2989 955 3032 eornm
988 2968 1030 3032 cel
1053 2965 1184 3032 Ecclesia
1200 2969 1337 3053 predicte
1360 2967 1529 3050 domnum,
1553 2967 1634 3030 illud
1656 2989 1712 3052 pro
1741 2988 1826 3051 posse
1856 2970 2039 3054 impediam,
2063 2978 2090 3036 et
2116 2974 2144 3035 si

322 3076 470 3160 inmedire
493 3097 554 3139 eron
572 3083 689 3160 potero,
713 3076 794 3140 illud
816 3079 858 3140 eis
881 3085 908 3141 et
931 3077 1025 3140 eidem
1049 3075 1180 3141 Ecclesia
1202 3076 1374 3162 significare
1399 3075 1581 3160 procurabo.
1607 3076 1761 3160 Popctnrn
1791 3098 1954 3141 romonum
1977 3087 2004 3142 et
2027 3081 2144 3164 regalia

322 3185 419 3246 sorrcti
444 3182 539 3265 Petri,
551 3184 643 3266 juro,
652 3183 884 3266 jrcrisciictioncs
907 3186 1004 3267 ipsine
1027 3192 1053 3248 et
1076 3204 1280 3248 successorem
1303 3204 1431 3247 suornm
1453 3205 1488 3247 nc
1512 3203 1637 3247 rornone
1659 3183 1792 3248 Ecclesia
1814 3191 1878 3248 torn
1895 3187 1927 3248 in
1942 3185 1999 3250 leuc
2014 3188 2143 3270 ciuitate,

322 3289 446 3374 ejusque
468 3291 622 3354 territorio
646 3298 673 3354 et
696 3291 847 3373 districtu,
864 3312 957 3375 quarn
979 3291 1054 3354 olibi
1077 3291 1257 3376 ueteremque
1281 3292 1448 3373 existentia,
1464 3291 1590 3372 adjutor
1612 3312 1664 3354 ero
1687 3291 1716 3373 ej
1737 3298 1764 3354 et
1788 3293 1861 3375 ipsis
1876 3293 2093 3357 suecessoribus
2109 3316 2145 3358 oc

322 3395 452 3461 Ecclesia
475 3397 517 3460 od
539 3399 734 3462 retinendam
758 3406 785 3462 et
807 3397 1034 3480 descendendum
1062 3406 1088 3462 et
1112 3399 1357 3482 recuperandum
1381 3404 1408 3461 et
1431 3405 1611 3482 recuperato
1627 3397 1888 3462 morintencndnrn
1904 3406 2010 3463 contro
2025 3422 2144 3465 ornnem

321 3503 483 3568 bominem.
502 3503 552 3568 Sic
576 3526 622 3568 rne
648 3502 735 3568 Dens
756 3505 880 3588 adjacet
905 3513 931 3569 et
953 3505 1005 3568 lrec
1027 3512 1132 3568 sancto
1154 3504 1216 3569 Dci
1239 3506 1440 3589 consepelio».

410 3611 548 3696 Insuper
572 3612 717 3696 prefatus
745 3612 886 3675 sindicus
918 3611 1065 3696 promisit
1088 3620 1120 3676 et
1148 3612 1271 3695 juravit
1299 3612 1427 3676 nomine
1460 3619 1492 3674 et
1523 3612 1556 3675 in
1588 3612 1712 3675 animas
1745 3614 2007 3678 constituentium
2039 3615 2144 3700 predi-

322 3726 465 3800 ctorum,
490 3719 575 3804 quod
604 3719 736 3800 civitas,
762 3740 945 3800 commune,
970 3719 1163 3782 universitas
1194 3727 1227 3782 et
1258 3719 1396 3805 populus
1427 3718 1641 3782 bononienses
1665 3718 1819 3804 predicti,
1845 3742 1882 3784 ao
1907 3724 2088 3786 communia
2112 3731 2144 3786 et

322 3826 568 3908 universitates,
605 3826 774 3890 comitatus
808 3833 840 3890 et
874 3827 1036 3890 districtus
1072 3825 1289 3912 predictorum
1327 3847 1492 3911 nunquam
1528 3827 1767 3910 conjurationes
1799 3849 1857 3891 seu
1891 3829 2144 3914 conspirationes

321 3942 377 3997 aut
400 3933 696 4016 confederationes,
721 3935 789 3998 sire
814 3934 1054 4018 colligationes,
1078 3935 1131 3998 vel
1154 3934 1237 4018 ligas
1262 3939 1318 3997 aut
1340 3934 1525 4014 societates,
1550 3955 1607 3997 seu
1631 3935 1877 4017 conventiones,
1902 3937 1954 3999 vel
1977 3937 2143 4022 pactiones

324 4062 544 4126 quascumque
568 4040 723 4124 lacerent,
740 4063 799 4105 nec
822 4041 916 4105 factis
940 4046 1107 4105 uterentur
1131 4047 1243 4105 eontra
1263 4062 1321 4105 nos
1345 4041 1397 4104 vel
1421 4062 1621 4105 successores
1646 4047 1771 4106 nostros
1792 4041 1843 4104 vel
1868 4051 1980 4106 eontra
1997 4044 2143 4109 eamdem

321 4155 468 4212 sanctam
498 4169 666 4212 romanam
696 4148 876 4213 Ecclesiam
909 4155 941 4212 et
961 4142 1036 4232 jura
1061 4155 1093 4212 et
1120 4150 1258 4213 honores
1290 4155 1400 4213 nostra
1431 4170 1488 4212 seu
1520 4170 1649 4229 eorum3
1674 4156 1706 4212 et
1735 4149 1820 4233 quod
1848 4150 1985 4214 inimicis
2013 4173 2070 4215 seu
2094 4174 2143 4216 re-

325 4256 463 4321 bellibus
496 4257 613 4321 nostris
645 4279 702 4320 seu
726 4277 947 4322 suceessorum
975 4263 1157 4320 nostrorum
1185 4265 1217 4320 et
1248 4257 1348 4343 ipsius
1377 4265 1487 4321 sancte
1519 4277 1652 4320 romane
1676 4255 1821 4320 Ecclesia
1846 4279 1909 4321 non
1934 4258 2143 4342 adhererent3

322 4365 374 4428 vel
398 4365 530 4446 darent,
555 4371 612 4426 aut
641 4370 824 4449 prestarent
847 4364 967 4428 eisdem
999 4365 1112 4449 quovis
1145 4364 1239 4428 modo
1272 4365 1324 4427 vel
1360 4364 1466 4428 colore
1495 4364 1638 4448 quesite,
1664 4385 1719 4427 seu
1745 4385 1946 4450 quacumque
1976 4366 2143 4430 occasione

323 4471 377 4536 vel
401 4491 510 4553 causa,
536 4470 722 4553 consilium,
747 4471 904 4534 auxilium
935 4471 988 4536 vel
1012 4472 1175 4554 favorem,
1199 4492 1259 4534 uec
1287 4493 1351 4534 non
1382 4493 1420 4535 eo
1454 4471 1541 4556 ipso,
1567 4471 1652 4555 quod
1684 4470 1802 4535 seirent
1833 4471 1958 4556 aliquos
1987 4470 2055 4536 lore
2087 4473 2145 4536 ini-

321 4579 422 4642 micos
453 4578 505 4641 vel
536 4577 674 4642 rebelles
705 4585 830 4642 nostros
859 4577 910 4641 vel
939 4600 1160 4642 successorum
1191 4585 1373 4642 nostrorum
1405 4600 1460 4641 εει]
1495 4578 1640 4662 ejusdem
1677 4586 1786 4642 sarrete
1816 4600 1947 4642 romane
1978 4579 2143 4662 Ecclesia,

321 4685 445 4767 civitas,
463 4706 642 4767 commune,
659 4684 854 4748 universitas
877 4692 909 4749 et
933 4685 1071 4772 populus
1093 4685 1317 4768 bononienses,
1335 4694 1367 4749 et
1391 4707 1502 4750 eorum
1526 4685 1695 4749 comitatus
1720 4693 1752 4749 et
1775 4684 1938 4749 districtus
1955 4687 2142 4772 supradicti,

320 4797 353 4854 et
378 4812 489 4854 eorum
513 4791 695 4855 communia
720 4799 751 4854 et
775 4793 1002 4856 universitates
1026 4799 1214 4878 reputarent
1238 4799 1270 4856 et
1292 4799 1439 4856 tenerent
1462 4801 1494 4856 et
1518 4793 1675 4857 haberent
1699 4792 1780 4856 tales
1809 4813 1919 4856 omnes
1944 4801 1976 4856 et
1999 4793 2143 4878 singulos

320 4905 486 4983 tamquam
509 4899 655 4962 inimicos
679 4921 791 4963 eorum
814 4900 961 4986 proprios
986 4901 1094 4964 hostes
1118 4905 1150 4964 et
1174 4900 1311 4964 rebelles
1336 4899 1532 4964 manifestos.
1558 4900 1650 4963 Idem
1674 4921 1800 4985 quoque
1823 4899 1963 4964 sindicus
1981 4907 2013 4964 et
2029 4922 2143 4986 procu·

320 5013 408 5068 rotor
432 5005 524 5069 nobis
549 5006 777 5092 recipientibus
802 5006 931 5071 nomine
955 5014 1064 5071 nostro
1088 5015 1120 5072 et
1143 5029 1364 5072 suceessorum
1395 5014 1577 5071 nostrorum
1602 5017 1634 5070 et
1657 5007 1803 5090 ejusdem
1833 5029 1965 5072 romane
1997 5007 2142 5071 Ecclesia

322 5113 470 5198 promisit
500 5121 533 5176 et
561 5115 684 5197 juravit
716 5115 843 5178 nominc
875 5121 907 5178 et
936 5115 968 5179 in
993 5115 1117 5179 animas
1142 5115 1404 5180 constituentium
1427 5114 1659 5201 predictorum,
1685 5115 1770 5200 quod
1794 5114 2061 5200 quandocumque
2085 5137 2143 5179 nos

321 5220 373 5283 val
397 5241 599 5285 successores
623 5223 735 5304 nostri,
752 5244 809 5286 seu
833 5222 950 5307 aliquis
974 5223 1161 5287 eorumdem
1180 5244 1399 5286 successorum
1418 5223 1572 5286 canonice
1590 5222 1789 5304 intrantium,
1806 5222 1858 5286 vel
1875 5221 2047 5306 collegium
2065 5222 2143 5287 Car-

321 5326 477 5391 dinalium
501 5350 633 5392 romane
657 5328 813 5411 Ecclesia,
838 5331 1017 5414 apostoliea
1042 5329 1124 5394 Sede
1149 5337 1295 5413 vacante,
1314 5330 1541 5394 mandaremus
1558 5351 1615 5393 εει]
1630 5329 1835 5411 emendarent,
1853 5350 2070 5393 assereremus
2087 5351 2144 5394 seu

323 5444 514 5518 assererent,
540 5435 718 5500 diceremus
745 5457 803 5500 seu
827 5437 970 5501 dicerent
994 5437 1138 5522 indigere
1162 5459 1220 5523 pro
1244 5437 1338 5501 terris
1362 5437 1507 5522 ejusdem
1531 5458 1662 5501 romane
1687 5435 1831 5500 Ecclesia
1855 5438 2026 5522 temporali
2047 5437 2143 5520 juris·

321 5541 453 5606 dictioni
480 5543 644 5626 subjectis,
671 5566 767 5629 super
791 5566 855 5629 qua
879 5545 1058 5630 indigentia
1081 5553 1189 5610 nostre
1213 5552 1245 5608 et
1269 5545 1455 5609 eorumdem
1479 5565 1700 5608 successorum
1723 5543 1896 5628 cujuslibet
1928 5565 1966 5608 ac
1997 5544 2142 5628 ejusdem

321 5650 460 5734 collegii,
479 5649 562 5714 Sede
586 5658 733 5733 vacante,
751 5651 920 5715 assertioni
941 5652 993 5715 vel
1016 5652 1154 5737 simplici
1177 5652 1275 5716 verbo
1300 5659 1450 5734 staretur,
1475 5651 1552 5714 dicti
1575 5651 1797 5732 communitas,
1816 5651 2008 5714 universitas
2032 5657 2065 5714 et
2088 5673 2143 5736 po·

321 5758 416 5843 pulus
440 5756 654 5821 bononienses
678 5780 775 5844 super
799 5759 859 5823 hoe
883 5780 940 5844 per
965 5766 1109 5823 nostrum
1127 5760 1177 5823 vel
1202 5759 1359 5823 dictorum
1383 5780 1603 5822 successorum
1627 5764 1820 5840 nostrorum,
1837 5758 1889 5821 vel
1910 5757 1987 5821 dicti
2004 5758 2142 5842 collegii,

322 5864 405 5930 Sede
429 5871 576 5947 vacante,
601 5866 755 5928 nuncium
778 5867 934 5951 requisiti,
952 5867 1106 5931 ducentos
1127 5867 1272 5930 homines
1297 5866 1421 5950 equites
1442 5866 1554 5949 bonos,
1571 5865 1662 5952 equis
1679 5871 1711 5928 et
1727 5866 1824 5929 armis
1842 5866 1923 5929 bene
1940 5887 1977 5930 ac
1993 5865 2144 5930 decenter

321 5973 471 6053 niunitos,
493 5973 527 6035 in
552 5971 742 6056 obsequium
766 5980 797 6036 et
821 5973 1000 6038 subsidium
1024 5975 1169 6057 ejusdem
1193 5979 1303 6038 sancte
1328 5995 1459 6038 romane
1482 5973 1627 6037 Ecclesia
1652 5971 1736 6036 infra
1767 5973 1974 6058 septuaginta
2004 5972 2144 6036 miliaria

321 6080 491 6144 dumtaxat
515 6101 534 6142 a
558 6078 688 6143 civitate
711 6081 856 6166 predicta
876 6082 1102 6168 computanda,
1120 6082 1375 6144 transmitterent
1391 6089 1423 6145 et
1438 6088 1584 6144 tenerent
1601 6102 1658 6165 per
1674 6086 1739 6142 tres
1755 6101 1881 6143 nrcnses
1898 6081 2041 6164 integros
2059 6101 2142 6144 anno

321 6188 475 6274 quolibet,
497 6208 608 6250 eorum
633 6188 783 6272 expensis
807 6189 840 6252 in
871 6189 1002 6253 servitio
1034 6210 1165 6253 rornane
1197 6189 1342 6252 Ecclesia
1372 6195 1570 6269 moraturos,
1594 6188 1658 6251 nisi
1688 6188 1774 6252 dicta
1806 6187 1918 6251 civitas
1952 6193 2028 6250 tunc
2060 6194 2144 6251 esset

322 6296 467 6375 obsessa,
492 6293 545 6357 vel
570 6301 778 6357 contrusam
809 6295 862 6359 vel
885 6297 955 6379 ejus
980 6295 1159 6360 districtum
1183 6294 1318 6358 actualis
1342 6316 1461 6380 guerra
1484 6316 1580 6377 vera,
1605 6316 1668 6358 non
1692 6293 1781 6377 ficta,
1802 6301 1877 6358 tunc
1902 6292 2012 6357 forsan
2035 6315 2143 6356 move-

322 6407 420 6465 retur.
442 6401 595 6465 Promisit
619 6401 717 6465 etiam
741 6401 826 6466 idem
850 6403 991 6466 sindicus
1019 6409 1051 6466 et
1071 6402 1194 6485 juravit
1221 6403 1350 6466 nomine
1373 6408 1406 6465 et
1430 6402 1462 6465 in
1485 6403 1610 6464 animas
1641 6401 1902 6465 constituentium
1927 6400 2144 6487 predictorum

324 6508 409 6594 quod
433 6529 529 6593 super
553 6507 678 6572 damnis
702 6516 734 6573 et
758 6510 899 6594 injuriis,
917 6531 978 6594 que
1003 6532 1060 6595 per
1084 6510 1185 6575 dictos
1208 6509 1422 6574 bononienses
1446 6508 1550 6573 eidem
1572 6508 1755 6572 Bertrando
1779 6508 1929 6594 episcopo
1953 6507 2094 6588 ostiensi,
2112 6515 2143 6571 et
