5544 7750
1088 694 1278 745 APPENDIX
1305 695 1455 747 ALTERA

730 954 823 1020 XIV.
841 955 865 1004 Α

379 1170 431 1234 En
453 1173 575 1236 arciaco
598 1172 678 1256 regio
700 1173 837 1255 senatui,-
860 1193 896 1236 ear
919 1173 1004 1236 Actt's
1026 1175 1217 1257 tnoansterii,

462 1301 514 1344 scu
530 1279 669 1344 abbatiae
683 1281 781 1344 suncti
799 1279 946 1364 Golpaai,
959 1280 1016 1364 fol.
1033 1280 1100 1343 283
1114 1287 1135 1344 t.

416 1494 455 1558 In
486 1496 614 1560 nomiae
645 1494 793 1578 Domini,
825 1516 929 1560 amen.
963 1495 1059 1560 Auno
1093 1496 1237 1560 eiusdem

353 1603 523 1667 millesimo
548 1603 766 1668 ducentesimo
791 1603 993 1688 sexagesimo
1014 1603 1165 1688 secundo,
1190 1605 1237 1668 in·

354 1709 493 1775 dictione
518 1711 641 1796 quinta,
665 1709 717 1774 die
741 1732 825 1775 nono
848 1710 1006 1774 kalendas
1030 1713 1169 1797 augusti.

415 1818 486 1904 Ego
510 1818 695 1883 Bonaiunte
719 1820 881 1906 quondam
903 1819 1059 1906 Peponis,
1084 1821 1163 1884 civis
1186 1841 1235 1886 sa-

353 1927 472 2008 nensis,
490 1927 645 2010 notarius,
662 1949 720 2014 pro
745 1927 850 1991 anime
873 1949 945 1992 mee
967 1927 1109 1991 remedio
1132 1936 1164 1992 et
1184 1950 1235 1992 sa·

352 2033 481 2097 luteae
508 2035 697 2098 remissione
730 2043 934 2121 peecatorum
962 2057 1116 2119 meorum,
1141 2036 1234 2100 titulo

351 2139 533 2205 donationis
556 2143 754 2206 interrivos
778 2143 1056 2224 inrevocabiliter,
1080 2143 1126 2208 ita
1149 2144 1235 2230 quod

351 2249 441 2312 nulla
464 2251 565 2335 possit
587 2249 828 2335 ingratitudinis
852 2271 950 2314 causa
970 2251 1125 2333 revocari,
1141 2252 1232 2316 vobis

351 2357 458 2424 donno
476 2360 635 2446 Galgano,
653 2360 765 2425 abbati
782 2362 957 2426 monasteri
973 2363 1076 2426 sancti
1092 2362 1234 2448 Galgani

351 2467 563 2532 cisterciensis
589 2468 709 2533 ordinis
740 2469 908 2533 vulterana
940 2469 1074 2534 diocesis
1105 2478 1231 2553 vestro,

350 2584 525 2640 conventus
548 2583 581 2640 et
604 2577 763 2640 fratruum
787 2599 824 2642 ac
848 2577 1034 2642 monasterii
1053 2579 1152 2642 vest-ri
1175 2600 1231 2642 no-

349 2684 435 2747 mIne
459 2684 643 2770 recipienti,
667 2692 700 2749 et
730 2707 788 2773 per
815 2706 872 2748 vos
896 2685 957 2771 ipsi
980 2686 1174 2750 monasterio
1198 2687 1231 2750 in

350 2800 552 2878 perpetuum,
566 2793 660 2876 dono,
674 2792 726 2876 do,
743 2793 835 2858 trado
852 2800 948 2878 atquc
965 2795 1104 2858 concedo
1122 2816 1232 2858 omnes

348 2899 447 2964 libros
471 2923 559 2965 meos
587 2901 757 2966 canonicos
789 2908 821 2966 et
850 2901 974 2986 legales
1005 2923 1043 2966 ac
1073 2903 1233 2988 quoslibet

348 3008 429 3072 alios
463 3009 691 3094 cuiuscumque
723 3009 801 3072 artis
832 3015 864 3073 et
895 3009 1059 3073 facultatis
1090 3010 1232 3074 existant

349 3115 543 3202 ubicumque
568 3117 631 3180 sint
655 3123 686 3180 et
710 3117 829 3180 alicubi
844 3117 976 3180 ualeant
992 3117 1129 3180 inveniri
1145 3117 1228 3204 apud

348 3245 582 3310 quamcumque
615 3224 794 3308 hominem,
819 3246 990 3310 personam
1014 3232 1047 3288 et
1070 3226 1176 3289 locum
1199 3232 1232 3289 et

347 3332 526 3417 spetialiter
543 3341 645 3396 totum
661 3331 786 3417 Corpus
810 3333 888 3395 iuris
912 3332 1034 3416 civilis,
1051 3332 1137 3417 quod
1161 3333 1229 3418 qui·

348 3438 421 3502 dem
438 3439 561 3525 Corpus
582 3446 630 3503 est
653 3439 686 3503 in
710 3440 821 3525 primis
844 3460 927 3502 uirus
943 3439 1046 3504 codex
1062 3441 1101 3503 de
1118 3440 1231 3504 lietera

346 3567 431 3611 nora
447 3568 518 3611 cum
536 3546 705 3632 apparatu
727 3547 847 3610 domini
863 3547 991 3630 Aoursi,
1009 3547 1063 3633 qui
1080 3549 1166 3611 valet
1181 3549 1228 3612 vi-

346 3655 429 3740 ginti
458 3663 489 3718 et
517 3655 658 3740 quinque
686 3654 785 3718 libras
809 3654 1015 3719 denariorum
1046 3656 1229 3721 senensium

347 3761 554 3826 minutorum.
567 3762 651 3825 Item
667 3761 838 3848 Digestum
856 3761 957 3826 Vetus
974 3785 1046 3827 cum
1059 3763 1230 3850 Apparatu

345 3867 466 3933 domini
489 3869 629 3934 Aozonis
656 3877 688 3933 et
708 3870 844 3934 Accursi
868 3870 980 3956 quo[d]
1003 3872 1091 3935 valet
1114 3872 1230 3956 viginti

344 3977 444 4040 libras
469 3983 595 4042 monete
623 3977 776 4062 predicte.
799 3977 883 4042 item
906 3977 1078 4063 Digestum
1101 3979 1229 4044 Novum

344 4087 384 4151 de
416 4088 529 4151 lietera
559 4109 643 4152 nova
675 4109 746 4152 eum
770 4087 940 4173 Apparatu
964 4089 1119 4172 Accursi,
1143 4090 1229 4177 quod

343 4196 430 4259 valet
455 4194 588 4280 triginta
612 4195 711 4259 libras
735 4196 836 4282 ipsius
860 4204 997 4261 monete.
1018 4197 1102 4262 Item
1122 4198 1227 4262 Infor-

343 4303 463 4366 ziatum
487 4309 519 4365 et
542 4309 607 4366 tres
631 4311 740 4388 partes
761 4302 793 4366 in
810 4324 874 4366 uuo
891 4304 1054 4368 volumine
1071 4327 1143 4369 cum
1159 4306 1227 4392 Ap-

342 4417 459 4496 paratu
482 4409 604 4473 domini
627 4409 778 4494 Ugoliui,
804 4411 858 4496 qui
882 4411 1004 4474 seilicet
1035 4412 1118 4476 liber
1140 4414 1227 4478 valet

341 4517 456 4604 viginti
479 4517 579 4581 libras
603 4525 730 4580 moneta
747 4517 881 4604 prefata.
899 4518 982 4582 Item
999 4518 1226 4585 Auctantiouin

343 4647 416 4690 cum
436 4626 539 4689 tribus
561 4624 653 4688 libris
670 4624 796 4689 Codicis
813 4625 846 4689 in
862 4647 926 4690 uno
949 4626 1122 4710 volumine,
1140 4628 1226 4714 quod

341 4733 430 4796 valet
453 4733 563 4797 decem
586 4733 686 4796 libras
711 4733 853 4796 eiusdem
874 4743 1012 4799 nroneta.
1029 4735 1112 4799 Item
1129 4735 1225 4801 Insti-

342 4839 481 4904 tutioues
498 4863 571 4904 cum
586 4840 758 4928 Apparatu
773 4840 946 4925 Aeeu[r]sI‚
960 4864 1021 4928 que
1034 4843 1144 4906 ualent
1159 4851 1224 4909 tres

341 4946 441 5010 libras
472 4955 600 5011 monete
624 4947 759 5034 prefate.
783 4948 921 5034 Insuper
949 4957 998 5013 est
1028 4973 1110 5015 unus
1142 4952 1224 5016 alius

340 5053 443 5118 codex
466 5054 505 5118 de
530 5055 632 5118 veteri
653 5055 766 5119 lietera
794 5077 867 5119 crim
890 5056 1062 5144 Apparatu
1084 5059 1224 5124 Aezouis

341 5169 373 5225 et
389 5162 460 5225 aliis
477 5162 569 5225 bonis
591 5169 623 5225 et
645 5162 779 5226 utilibus
803 5163 908 5246 closis,
926 5165 980 5250 qui
1003 5165 1090 5230 valet
1113 5167 1224 5231 decem

340 5275 373 5333 et
396 5277 467 5333 octo
484 5269 583 5332 libras
599 5269 757 5333 dictorum
774 5269 988 5335 denariorum.
1005 5271 1159 5336 Preterea
1175 5281 1225 5338 est

340 5375 439 5441 Suma
466 5376 605 5440 Acconis
638 5397 735 5462 super
767 5376 884 5441 Codice
908 5385 940 5442 at
962 5378 1223 5445 Institutionibus

339 5484 518 5570 spetialiter
542 5483 639 5566 edita,
657 5504 718 5568 que
735 5483 868 5547 totidem
891 5485 988 5549 valet.
1006 5485 1155 5572 Amplius
1174 5495 1223 5552 est

339 5598 372 5654 et
382 5591 528 5655 Libellus
541 5589 674 5654 dominii
683 5590 722 5655 (¹)
734 5590 882 5655 Roffredi
894 5592 932 5655 de
946 5592 1132 5658 Benevento
1150 5617 1222 5659 eum

339 5697 472 5763 Summa
484 5699 602 5763 Acursi
618 5721 715 5785 super
727 5699 936 5763 autenticum
949 5707 980 5764 et
997 5723 1069 5765 eum
1082 5702 1222 5789 questio-

337 5807 432 5871 nibus
457 5807 595 5872 Aczonis
619 5814 651 5871 et
671 5807 873 5872 dominorum
889 5808 984 5872 Pileii
1000 5817 1032 5873 et
1049 5809 1222 5876 Guarnerii

339 5922 435 6000 atque
452 5937 523 5978 oum
540 5915 732 5980 Broocardis
756 5914 905 5998 Aesonis,
930 5937 989 5980 nec
1013 5939 1075 5982 non
1096 5925 1128 5982 et
1150 5919 1221 5982 aliis

337 6020 475 6104 libellis,
500 6022 595 6086 closis
619 6029 651 6086 et
677 6023 856 6087 rationibus
880 6025 912 6087 in
936 6025 1031 6088 unius
1060 6026 1221 6092 volumine

337 6129 422 6212 libri,
440 6130 494 6216 qui
514 6131 602 6194 valet
626 6131 807 6217 quindecim
832 6133 931 6196 libras
956 6141 1130 6198 memorate
1154 6157 1221 6199 mo·

337 6243 421 6301 nete.
440 6236 544 6324 Super
560 6244 609 6301 cst
625 6260 752 6324 quoque
769 6245 801 6302 et
818 6239 941 6326 Corpus
953 6239 1038 6304 Iuris
1056 6241 1220 6326 Canoniei,

337 6344 422 6430 quod
439 6351 487 6408 est
503 6343 715 6409 Decrctormn
737 6345 828 6429 liber,
846 6347 901 6432 qui
920 6347 1029 6411 valeat
1052 6348 1221 6413 duodecim

397 6577 437 6643 (ι)
458 6577 510 6628 sa.

2105 681 2179 754 301

1299 851 1400 914 libras
1420 861 1547 918 monete
1564 855 1707 918 senensis
1724 855 1855 918 minute.
1873 854 1957 920 Item
1973 863 2021 920 est
2037 863 2069 921 et
2084 856 2183 920 Liber

1300 959 1520 1023 Decretalium
1544 982 1718 1044 novarum,
1744 963 1798 1049 qui
1826 964 1914 1026 valet
1944 963 2054 1028 decem
2083 963 2182 1028 libras

1299 1073 1426 1130 monete
1449 1069 1681 1153 prenominata.

1364 1173 1484 1238 Omnes
1508 1175 1665 1260 siquidem
1690 1177 1762 1241 libri
1786 1177 1832 1242 sic
1851 1177 2016 1262 sigillatim
2036 1180 2183 1266 expressi

1299 1287 1377 1366 aput
1400 1303 1457 1346 vos
1481 1288 1514 1345 et
1529 1291 1723 1348 conventum
1738 1291 1812 1348 sunt
1828 1285 1861 1348 iu
1877 1288 2071 1350 monasterio
2088 1288 2181 1351 sicuti

1300 1388 1354 1474 qui
1378 1411 1432 1454 eos
1452 1390 1544 1453 vobis
1560 1391 1754 1455 manualiter
1777 1392 1851 1456 dedi
1866 1401 1898 1457 et
1914 1393 2042 1476 tradidi,
2059 1417 2180 1481 vosque

1300 1496 1421 1560 habere
1446 1517 1483 1560 ao
1508 1503 1616 1562 tenere
1640 1498 1726 1584 ipsos
1751 1499 1904 1564 confiteor
1927 1507 1959 1565 et
1979 1503 2048 1586 jam
2068 1523 2180 1589 corpo·

1300 1604 1412 1668 raliter
1436 1605 1610 1690 possidere.
1634 1605 1779 1679 Quorum
1809 1608 2044 1693 possessionem
2066 1610 2099 1673 in
2123 1631 2180 1674 vos

1301 1716 1333 1774 et
1349 1711 1579 1776 monasterium
1596 1711 1804 1795 transferens,
1813 1714 1904 1778 vobis
1921 1735 1992 1778 eam
2008 1715 2131 1780 ratifioo
2148 1723 2181 1780 et

1300 1817 1453 1882 confirmo
1477 1825 1512 1882 ut
1538 1819 1608 1884 iure
1635 1819 1768 1884 dominii
1795 1827 1828 1884 et
1850 1821 1945 1907 plene
1974 1823 2179 1907 proprietatis

1298 1933 1330 1990 et
1353 1927 1563 2013 possessionis
1587 1947 1697 1992 omnes
1720 1928 1820 1994 libros
1843 1951 1931 1994 meos
1953 1937 2021 1994 tam
2044 1931 2179 2016 prescri-

1298 2041 1370 2121 ptos
1394 2057 1492 2121 quam
1515 2037 1595 2102 alios
1615 2059 1759 2124 quosque
1775 2037 1911 2102 ubilibet
1927 2038 2131 2102 inveniantur
2147 2045 2179 2104 et

1297 2142 1564 2229 quandocumque
1588 2145 1627 2210 de
1644 2151 1750 2209 cetero
1766 2144 1924 2226 habeatis,
1941 2145 2088 2228 teneatis,
2105 2168 2177 2231 pos·

1297 2249 1428 2314 sideatis
1452 2258 1484 2314 et
1507 2251 1633 2316 faciatis
1656 2251 1773 2316 exinde
1789 2252 1940 2338 quicquid
1957 2253 2048 2317 vobis
2065 2260 2098 2316 et
2113 2252 2177 2316 fra-

1295 2357 1399 2422 tribus
1423 2380 1460 2423 ac
1484 2360 1720 2424 successoribus
1740 2359 1856 2423 vestris
1879 2358 1986 2424 facere
2010 2361 2177 2446 placuerit.

1295 2465 1346 2531 Do
1362 2467 1494 2552 insuper
1509 2467 1600 2532 vobis
1616 2477 1649 2531 et
1664 2467 1818 2531 fratribus
1834 2467 1949 2531 vestris
1969 2467 2105 2532 liberam
2121 2491 2177 2554 po·

1295 2579 1445 2638 testatem
1467 2574 1610 2660 ipsorum
1633 2575 1789 2638 librorum
1804 2596 1958 2658 meorum,
1976 2597 2056 2660 quos
2072 2575 2177 2640 adhuc

1296 2701 1359 2744 non
1376 2680 1502 2745 habetis
1519 2703 1577 2746 nec
1594 2682 1679 2768 apud
1696 2705 1753 2746 vos
1770 2690 1854 2766 sunt,
1868 2683 2015 2768 quotiens
2031 2691 2064 2746 et
2077 2705 2178 2768 quan·

1296 2787 1336 2852 do
1360 2790 1529 2874 potueritis
1552 2797 1584 2852 et
1608 2790 1783 2873 volueritis,
1800 2811 1859 2877 per
1878 2813 1935 2856 vos
1959 2799 1992 2856 et
2015 2813 2073 2878 per
2095 2792 2176 2856 alios

1295 2895 1475 2982 plenariam
1497 2898 1746 2983 possessionem,
1772 2899 1963 2962 auctoritate
1987 2906 2104 2981 vestra,
2129 2899 2176 2962 in·

1295 3003 1461 3088 grediendi
1486 3012 1518 3068 et
1541 3005 1719 3090 accipiendi
1742 3011 1774 3068 et
1793 3011 1829 3068 ut
1848 3005 1957 3069 statim
1973 3006 2175 3092 possideatis,

1295 3133 1345 3175 me
1369 3133 1410 3175 ex
1433 3133 1518 3176 nunc
1542 3134 1597 3176 eos
1621 3113 1780 3177 constituo
1803 3119 1910 3178 vestro
1934 3121 1966 3177 et
1989 3113 2175 3177 monasterii

1293 3221 1391 3284 uestri
1415 3221 1543 3285 nomina
1568 3222 1742 3307 possidere.

1355 3329 1464 3414 thue
1487 3331 1629 3394 omniurn
1648 3329 1804 3393 librorum
1820 3350 1964 3392 meorum
1981 3336 2047 3392 tam
2064 3349 2175 3393 eorum

1294 3437 1349 3521 qui
1372 3443 1450 3522 aput
1473 3458 1531 3501 vos
1554 3444 1645 3520 suut,
1671 3458 1768 3523 quam
1800 3457 1912 3500 eorum
1936 3436 1990 3522 qui
2014 3458 2076 3500 non
2101 3443 2175 3500 sunt

1292 3543 1398 3608 adhuc
1421 3545 1507 3629 apud
1531 3567 1599 3627 vos,
1617 3545 1649 3608 in
1669 3565 1796 3609 omnem
1819 3544 1925 3608 locmn
1949 3552 1981 3608 et
1997 3545 2051 3628 jus
2068 3566 2175 3609 meum

1293 3650 1476 3715 subcedatis
1500 3651 1686 3715 universum
1709 3652 1826 3716 exinde
1849 3674 1907 3716 vos
1931 3659 1963 3717 ct
1986 3652 2102 3716 fratres
2119 3673 2173 3716 ue-

1292 3767 1375 3825 stros
1399 3760 1528 3824 nomine
1552 3759 1629 3824 dicti
1657 3759 1842 3824 monasterii
1872 3759 1905 3822 in
1935 3781 2004 3824 rem
2032 3766 2174 3823 vestram

1292 3875 1515 3955 procuratores
1536 3867 1619 3932 facio
1636 3875 1668 3932 et
1684 3867 1843 3932 constituo
1860 3875 1892 3931 et
1910 3868 2039 3953 possitis
2063 3888 2171 3952 agere,

1292 3977 1443 4062 experiri,
1467 3977 1616 4063 excipere
1644 3983 1677 4041 et
1707 3976 1863 4062 replicare
1887 3998 1945 4062 pro
1969 3975 2117 4041 omnibus
2141 3983 2174 4040 et

1293 4085 1428 4170 singulis
1456 4084 1609 4148 adversus
1642 4105 1769 4149 omnem
1800 4084 1925 4166 locum,
1948 4083 2110 4147 hominem
2141 4090 2173 4147 et

1291 4215 1472 4280 personam,
1486 4200 1518 4256 et
1531 4193 1637 4257 facere
1650 4214 1712 4278 que
1728 4213 1789 4278 ego
1803 4193 1870 4279 ipse
1887 4191 1993 4256 facere
2007 4191 2172 4278 posse[m].

1290 4300 1492 4365 Promietens
1516 4323 1571 4365 eos
1595 4301 1686 4364 vobis
1709 4301 1844 4364 ulterius
1868 4322 1933 4366 non
1956 4301 2086 4384 tollere,
2108 4323 2171 4365 non

1290 4408 1472 4491 molestare,
1490 4415 1539 4472 set
1558 4409 1599 4472 ab
1624 4409 1710 4472 oanni
1732 4409 1861 4472 homine
1884 4408 2056 4472 defendere
2077 4416 2109 4473 et
2124 4409 2171 4473 di·

1290 4516 1447 4601 sbrigare,
1465 4523 1497 4579 et
1520 4517 1605 4602 quod
1625 4517 1679 4601 jus
1703 4538 1809 4581 meum
1826 4538 1923 4604 super
1941 4516 2003 4581 hoc
2019 4517 2099 4580 nulli
2116 4517 2173 4580 alii

1289 4623 1472 4688 detumeat
1496 4645 1553 4687 seu
1577 4624 1770 4708 alienatum,
1795 4625 1854 4688 sub
1882 4645 1966 4710 pena
1989 4624 2079 4710 dupli
2102 4625 2171 4689 eius

1288 4732 1373 4796 unde
1397 4732 1444 4796 lix
1467 4733 1559 4796 fieret
1582 4732 1768 4797 solemniter
1791 4734 1967 4819 promissa,
1984 4739 2015 4797 et
2036 4734 2095 4798 bec
2111 4734 2171 4798 sub

1289 4841 1486 4926 obligatione
1510 4842 1667 4905 bonorum
1691 4841 1901 4905 etheredum
1927 4863 2082 4906 meorum.
2106 4842 2171 4906 Re·

1288 4948 1433 5034 numptio
1460 4969 1587 5035 quoque
1618 4949 1651 5011 in
1682 4948 1744 5012 hiis
1775 4947 1861 5012 omni
1892 4949 2074 5035 exceptioni
2107 4970 2171 5013 non

1288 5055 1372 5120 facta
1396 5054 1578 5120 donatIonis
1601 5062 1635 5119 et
1657 5076 1755 5119 causa
1778 5056 2018 5142 ingratitudinis
2044 5057 2171 5142 legibus

1288 5170 1320 5228 et
1343 5163 1482 5246 statutis,
1507 5163 1788 5228 constitutionibus
1815 5171 1848 5227 et
1870 5163 2017 5246 decretis,
2039 5185 2100 5249 qua
2124 5165 2171 5230 lo·

1287 5277 1403 5335 cuntur
1427 5271 1466 5336 de
1490 5270 1717 5334 donationibus
1744 5270 1951 5353 revocandis,
1976 5271 2171 5337 condictioni
2211 5289 2214 5300 ·

1286 5378 1422 5443 indebiti
1446 5385 1478 5442 ct
1501 5379 1569 5442 sine
1594 5399 1702 5460 causa,
1719 5377 1782 5442 fori
1804 5378 1974 5464 privilegio
1998 5386 2031 5444 et
2054 5379 2170 5466 cuique

1285 5486 1365 5550 iuris
1382 5493 1414 5550 et
1429 5486 1538 5571 legum
1558 5485 1690 5550 auxilio.
1707 5485 1800 5550 Licet
1815 5492 1924 5550 autem
1941 5486 2063 5552 abitum
2081 5487 2169 5552 obla-

1287 5600 1393 5658 torum
1416 5593 1605 5658 clericorum
1632 5593 1732 5658 vestri
1762 5594 1949 5658 monasterii
1980 5603 2107 5682 portem
2137 5602 2169 5660 at

1285 5702 1481 5789 portaverim
1504 5701 1642 5784 iamdiu,
1667 5702 1727 5767 hec
1753 5709 1863 5767 tamen
1886 5702 1971 5768 facio
1995 5711 2169 5788 antequam

1285 5813 1385 5877 verbo
1409 5813 1573 5898 professus
1597 5812 1746 5877 existam.

1346 5919 1418 6006 Ego
1442 5941 1519 5984 vero
1547 5919 1770 6006 infrascriptus
1786 5921 1989 5986 Alamannus
2013 5920 2168 6002 notarius,

1284 6027 1411 6113 prefato
1436 6027 1565 6092 domino
1588 6027 1772 6092 Bonaiunte
1795 6028 1916 6092 volenti
1949 6035 1981 6092 et
2004 6029 2169 6094 confitenti

1285 6157 1323 6200 ao
1347 6136 1379 6199 in
1404 6157 1437 6199 se
1461 6143 1576 6223 sponte
1599 6135 1801 6221 suscipienti,
1826 6137 1956 6222 precepi
1979 6158 2037 6222 per
2060 6158 2168 6201 sacra·

1284 6251 1438 6326 mentum,
1457 6243 1584 6308 nomine
1607 6244 1806 6328 guarantisie
1829 6243 2006 6308 secundum
2030 6244 2114 6332 quod
2135 6245 2168 6308 in

1285 6352 1458 6417 constituto
1494 6351 1646 6416 Comunis
1681 6353 1825 6417 senensis
1861 6353 1977 6417 dicitur
2000 6353 2167 6436 contineri,
