5544 7750
1031 658 1246 710 SOHODARES
1273 661 1478 712 mosanas

340 811 382 876 D.
406 811 538 876 Boneus
562 811 602 877 de
626 811 785 876 Talamia.

340 919 394 984 Fr.
407 920 607 1004 Bonifacius,
624 920 725 986 abbas
741 922 845 986 sancti
861 921 993 987 Martini
1009 922 1048 988 de
1064 922 1223 988 Pollonia.

339 1027 381 1092 D.
405 1027 604 1112 Bonileoius,
622 1030 677 1115 qui
696 1029 813 1094 dicitur
836 1029 1031 1114 Bonnslaus,
1047 1051 1148 1116 nepos
1167 1029 1224 1095 do-

447 1136 526 1200 mini
549 1135 701 1223 Episcopi
725 1137 990 1202 vratislaviensis.

339 1243 380 1308 D.
405 1243 585 1311 Oousslrus
608 1244 770 1310 Roderioi.

339 1350 381 1416 D.
405 1349 595 1434 Oonsalvus,
620 1359 732 1417 cantor
754 1352 978 1416 salmantinus.

338 1457 380 1522 D.
405 1457 550 1523 Goradus
574 1459 614 1523 de
637 1458 901 1524 Wandenbarch.

338 1565 379 1630 D.
403 1565 494 1630 Elias
518 1565 557 1630 de
582 1567 680 1650 Puro,
704 1567 877 1632 eanonicus
899 1567 1107 1632 lancorensis.

337 1673 378 1738 D.
403 1672 677 1757 Drehembaldus,
710 1673 884 1739 canonicus
920 1674 1023 1739 saneti
1056 1673 1148 1739 Petri
1182 1673 1222 1738 de

447 1781 627 1866 Magantia,
650 1781 735 1845 filius
760 1781 881 1846 domini
904 1781 1074 1846 Gotifredi.

337 1888 379 1954 D.
403 1887 594 1953 Fernandus
619 1889 720 1953 abbas
744 1889 784 1954 de
809 1889 936 1954 Alfaro.

338 1995 380 2060 D.
404 1995 595 2060 Fernandus
619 1996 766 2079 Martini,
790 1996 963 2060 canonicus
985 1995 1220 2061 bracharensis.

337 2103 379 2168 D.
403 2103 597 2169 Franciscus
620 2103 661 2168 de
685 2103 887 2190 Caverzago,
913 2103 1086 2168 eanonicus
1117 2102 1221 2168 seneli

446 2211 622 2296 Gangeriei
645 2211 890 2276 cameracensis.

337 2323 379 2388 D.
404 2321 538 2386 Gabriel
562 2321 602 2386 de
627 2320 708 2386 Sora
731 2321 914 2406 genuensis.

337 2430 378 2495 D.
404 2429 584 2494 Gaisardus
609 2429 648 2494 dc
672 2428 791 2494 Souris.

336 2539 378 2604 D.
404 2539 576 2604 Gelluxius
600 2537 721 2602 domini
744 2536 903 2602 Johannis
927 2535 967 2600 de
989 2536 1158 2602 Vercellis.

336 2647 367 2712 D
406 2647 539 2712 Garoias
562 2645 662 2710 Petri.

336 2755 377 2820 D.
403 2755 568 2820 Gerendus
589 2754 628 2818 de
644 2754 792 2836 Plotehe,
808 2753 982 2817 canonicus
998 2753 1102 2816 sancti
1119 2752 1219 2818 Seba-

442 2863 540 2926 stiani
563 2861 841 2946 madeburgensis.

335 2972 378 3036 D.
404 2969 569 3035 Gerendus
593 2969 677 3033 filius
701 2969 822 3033 domini
842 2969 958 3034 Jacobi
982 2969 1022 3033 de
1042 2968 1220 3054 Pegoraria

441 3079 480 3143 de
503 3079 682 3156 Placentia,
707 3077 880 3143 canonicus
904 3077 1078 3142 furnensis.

336 3188 424 3273 Mag.
450 3187 614 3251 Giffredus
637 3186 901 3268 Bartivellarius,
926 3185 1107 3271 prepositus
1138 3185 1220 3251 Nor-

446 3296 575 3360 mandie
598 3295 630 3359 in
653 3295 801 3360 Ecclesia
824 3295 1017 3359 carnotensi.

337 3403 378 3468 D.
404 3403 605 3467 Glisalbinus
629 3403 668 3466 de
692 3401 912 3467 Pulcrofonte.

337 3511 379 3576 D.
404 3511 591 3576 Gluraudus
615 3511 654 3574 de
677 3511 809 3593 Plothe,
835 3509 1007 3574 canonicus
1031 3508 1134 3573 sancti
1156 3508 1220 3572 Fa·

444 3619 533 3684 biani
557 3627 590 3684 et
614 3618 798 3684 Sebastiani
821 3619 852 3682 in
878 3616 1104 3704 Caydeborgh.

335 3727 377 3792 D.
402 3727 620 3792 Gondisalvus
644 3725 801 3808 Zoderioi,
826 3726 1000 3790 canonicus
1022 3724 1201 3789 leridensis.

335 3835 376 3900 D.
403 3835 586 3900 Gonselvus
609 3835 771 3918 Roderici,
796 3834 968 3899 canonieus
995 3834 1218 3898 salmantinus.

334 3943 375 4008 D.
401 3942 606 4026 Guillelmus,
630 3942 852 4007 thesaurarius
874 3941 1105 4006 terraconensis.

334 4049 423 4135 Mag.
449 4050 654 4132 Guillelmus,
678 4050 852 4113 canonicus
874 4047 1041 4112 remensis.

337 4156 425 4242 Mag.
451 4156 643 4220 Guillelmus
667 4156 779 4221 Vitali.

338 4263 380 4328 D.
405 4263 598 4328 Guillelmus
629 4265 668 4329 de
700 4263 923 4346 Monasteriis,
948 4262 1121 4327 eanonicus
1150 4262 1219 4326 leu-

445 4373 548 4436 censis
561 4373 611 4438 (¹).

337 4478 379 4544 D.
403 4479 596 4545 Guillelmus
620 4481 660 4545 de
684 4480 833 4545 Telamia
852 4479 953 4543 frater
968 4478 1090 4543 domini
1104 4478 1218 4542 Bonei.

337 4586 378 4651 D.
402 4587 564 4652 Henricus
587 4609 694 4654 comes
718 4587 757 4652 de
780 4587 939 4652 Laronia.

336 4694 378 4759 D.
402 4695 565 4760 Henricus
590 4696 761 4782 Sanglerii,
786 4695 959 4760 canonicus
982 4695 1148 4760 remensis.

336 4802 378 4867 D.
402 4803 655 4888 Hildebrandus,
679 4804 853 4870 canonicus
876 4803 1094 4889 hoenborgh.,
1108 4802 1219 4890 pleba-

444 4932 504 4974 nus
528 4912 561 4975 in
583 4912 748 4995 Pleteohe,
772 4912 1016 4998 avelburgensis
1038 4911 1184 4977 diocesis.
1244 4895 1248 4904 ’

336 5018 424 5105 Mag.
449 5020 548 5105 Hugo
572 5021 745 5108 Sanglerii,
768 5022 942 5086 canonicus
964 5020 1129 5085 remensis.

337 5127 425 5213 Mag.
449 5129 616 5194 Johaunes
639 5130 679 5194 de
702 5129 835 5194 Rivalta
859 5129 898 5194 de
921 5128 1036 5214 Regio.

337 5236 378 5301 D.
401 5236 423 5302 J
425 5237 568 5302 ohannes
591 5238 630 5302 de
653 5238 827 5322 Rovereto,
845 5238 1004 5324 presbiter
1023 5244 1056 5301 et
1078 5236 1219 5322 capella-

443 5368 503 5409 nus
520 5345 689 5410 reverendi
712 5347 813 5432 patris
833 5345 954 5410 domini
976 5343 1131 5431 Episcopi
1154 5343 1218 5409 cel·

443 5454 643 5518 lamerensis.

337 5561 378 5626 D.
402 5561 570 5627 Johannes
599 5561 639 5626 de
663 5562 855 5647 Berruych,
879 5567 985 5626 rector
1015 5560 1149 5626 ecclesie
1179 5559 1219 5624 de

443 5670 610 5756 Reynefra
633 5670 673 5734 de
698 5669 816 5734 Scotia.

336 5778 378 5843 D.
402 5778 569 5844 Johannes
591 5778 782 5843 Bonabroze
806 5776 917 5841 doctor
938 5777 1059 5861 legum.

337 5885 378 5951 D.
403 5885 570 5951 Johannes
593 5885 633 5950 de
656 5885 854 5950 Altomoute.

336 5993 378 6058 D.
402 5994 603 6076 Leonardus,
627 5994 800 6058 canonicus
824 5994 1050 6058 casanatensis.

337 6099 378 6164 D.
401 6101 571 6182 Lutoldus‚
594 6107 699 6165 rector
722 6100 857 6165 ecclesie
881 6101 913 6164 in
936 6101 1069 6166 Buoria.

337 6206 378 6271 D.
403 6208 592 6272 Manfredus
611 6209 650 6273 de
667 6208 819 6292 Mirollio,
836 6209 1009 6273 canonieus
1025 6207 1217 6294 urgellensis

443 6321 475 6378 et
498 6315 586 6401 prior
608 6316 763 6381 Panzani.

398 6545 438 6612 (1)
457 6546 501 6597 An
520 6547 707 6600 laudunensis.

524 6849 592 6888 honr.
611 6849 644 6886 ΙΙ.

2091 645 2164 716 321

1288 813 1330 878 D.
1354 813 1514 880 Martinus
1537 815 1703 902 hispanus,
1728 815 1839 881 doctor
1862 816 2074 884 decretorum.

1287 920 1329 985 D.
1341 920 1501 986 Martinus
1513 921 1653 986 Ysimini
1666 923 1705 987 de
1718 923 1861 1007 Turolio,
1873 928 2169 1012 cesaraugustensis

1394 1028 1541 1093 diocesis.

1286 1133 1328 1198 D.
1352 1134 1512 1201 Martinus
1535 1137 1620 1200 filius
1636 1136 1756 1202 domini
1772 1138 1883 1224 Egidii
1898 1139 1938 1204 de
1956 1139 2104 1225 Seminis,
2121 1165 2171 1208 re·

1393 1250 1463 1307 otor
1494 1243 1629 1309 ecclesie
1663 1245 1703 1309 de
1739 1245 1847 1329 Cuba,
1872 1251 2170 1334 cesaraugustensis

1393 1351 1541 1415 diocesis.

1286 1456 1328 1520 D.
1352 1457 1517 1523 Mattheus
1533 1458 1573 1522 de
1589 1459 1757 1546 Boyseria,
1774 1461 1946 1526 canonicus
1963 1464 2170 1530 novimensis.

1286 1563 1328 1628 D.
1352 1563 1430 1630 Otto
1454 1565 1493 1630 de
1516 1564 1745 1652 Rerenbergh.

1285 1670 1327 1736 D.
1352 1672 1538 1738 Octobonus
1562 1675 1601 1738 de
1625 1675 1804 1759 Placentia,
1828 1685 1942 1742 rector.

1285 1781 1327 1847 D.
1352 1782 1473 1870 Opizus
1498 1785 1538 1849 de
1562 1784 1765 1850 Guallaudis.

1284 1889 1326 1954 D.
1351 1890 1468 1956 Petrus
1491 1891 1584 1957 Muta
1607 1893 1647 1957 de
1672 1893 1882 1960 carcassona.

1285 1997 1327 2063 D.
1350 1999 1469 2065 Petrus
1492 2000 1699 2086 pallentinus.

1284 2105 1339 2170 Fr.
1362 2107 1568 2194 Philippinus
1591 2109 1631 2173 de
1654 2109 1806 2194 Verallis,
1823 2111 1911 2197 prior
1927 2119 2103 2178 conventus
2120 2112 2169 2177 fa·

1391 2217 1514 2280 ventini
1538 2216 1668 2282 Ordinis
1692 2219 1940 2305 predicatorum.

1283 2321 1325 2386 D.
1348 2322 1537 2410 Propositus
1561 2326 1764 2410 tragetensis.

1283 2428 1325 2494 D.
1349 2429 1562 2516 Raymundus
1586 2432 1625 2496 de
1649 2433 1778 2498 Mortia.

1283 2536 1325 2602 D.
1350 2537 1564 2624 Raymundus
1588 2540 1627 2604 de
1654 2541 1833 2606 hluroforti.

1283 2644 1325 2709 D.
1349 2645 1518 2711 Rolandus
1541 2647 1664 2734 Lupus,
1689 2648 1862 2713 canonieus
1886 2649 2089 2714 morinensis.

1282 2752 1324 2817 D.
1350 2753 1555 2836 Saranixius,
1580 2755 1829 2841 archipresbiter
1851 2755 1970 2820 Montis
1993 2755 2111 2821 Alcini.

1268 2859 1371 2946 Mag.
1398 2861 1508 2925 Simon
1533 2861 1572 2926 de
1596 2862 1741 2927 Lixorio.

1282 2966 1324 3032 D.
1349 2967 1470 3032 Taldus
1495 2970 1668 3033 canonicus
1692 2978 1802 3034 sancte
1827 2969 2000 3054 Malgarite
2029 2969 2069 3034 de
2101 2971 2168 3057 epi-

1391 3083 1526 3162 scopatu
1549 3075 1669 3140 Fixoli.
1933 3143 1936 3150 ,

1283 3182 1324 3247 D.
1349 3182 1491 3247 Ubertus
1516 3184 1668 3269 spirensis
1693 3185 1777 3248 filius
1801 3184 1922 3248 domini
1946 3183 2064 3250 Caroli.

1282 3291 1324 3356 D.
1348 3292 1520 3378 Ugolinus,
1543 3295 1717 3358 eanonicus
1742 3294 1875 3359 Oesene.

1283 3401 1324 3466 D.
1350 3400 1445 3464 Vitus
1469 3400 1572 3465 dictus
1596 3401 1756 3488 Copasino
1780 3402 1820 3466 de
1842 3401 1989 3467 Polonia.

1283 3507 1325 3572 D.
1350 3507 1490 3590 Urlicus,
1505 3509 1677 3573 canonicus
1701 3510 1864 3596 spirensis,
1889 3509 1973 3574 filius
1996 3509 2026 3575 d.
2045 3509 2162 3575 Oaroli.

1583 3724 1865 3790 MCCLXXXIII.

1281 3939 1370 4025 Mag.
1395 3940 1503 4004 Adam
1526 3940 1565 4004 de
1588 3939 1730 4006 Landro.

1282 4047 1323 4114 D.
1348 4048 1455 4112 Adam
1479 4049 1618 4113 vicarius
1650 4049 1949 4114 salincheriohensis
1973 4047 2012 4113 de
2037 4048 2164 4133 Scotia,

1389 4156 1491 4220 frater
1513 4155 1666 4242 Episcopi
1690 4156 1892 4221 calamensis.

1281 4263 1323 4328 D.
1347 4264 1454 4329 Adam
1478 4263 1518 4328 de
1541 4263 1655 4328 Laudo
1680 4265 1719 4328 de
1743 4263 1927 4328 Atrebatto.

1281 4370 1324 4435 D.
1347 4371 1556 4436 Almoravius
1580 4370 1707 4436 Garsie.

1281 4478 1323 4543 D.
1348 4479 1486 4543 Amatus
1509 4479 1648 4543 Armati.

1281 4587 1324 4652 D.
1347 4587 1545 4652 Amblardus
1569 4587 1609 4652 de
1632 4586 1772 4651 Arifato.

1281 4694 1370 4781 Mag.
1393 4694 1543 4759 Andreas
1565 4694 1751 4780 lllegliosati
1774 4693 1813 4758 de
1837 4692 1958 4756 Firmo.

1280 4802 1322 4867 D.
1345 4802 1497 4868 Andreas
1521 4783 1673 4867 Sribirani
1697 4801 1823 4888 provin.

1281 4910 1322 4978 D.
1346 4910 1493 4996 Angelus
1517 4910 1557 4974 de
1580 4910 1696 4975 Rome.

1281 5019 1324 5084 D.
1346 5019 1495 5104 Angelus
1518 5017 1687 5082 Mazolarii
1709 5016 1749 5080 de
1773 5015 1888 5079 Roma.

1281 5128 1323 5193 D.
1347 5128 1535 5193 Armannus
1559 5127 1598 5190 de
1621 5124 1807 5208 Exeborgo.

1281 5235 1324 5300 D.
1348 5235 1514 5300 Arnaldus
1539 5231 1701 5297 Subirani.

1281 5343 1323 5408 D.
1347 5341 1513 5407 Arnaldus
1537 5335 1973 5423 Oerbonelli,quatu1·censis
1995 5335 2144 5400 diocesis.

1282 5449 1323 5514 D.
1348 5449 1534 5513 Artobonus
1558 5445 1723 5532 Raynaldi
1745 5445 1785 5508 de
1807 5443 1992 5508 Plaxentia.

1282 5556 1337 5621 Fr.
1362 5555 1523 5620 Antonius
1547 5555 1587 5618 de
1611 5559 1724 5618 sancta
1747 5552 1900 5616 Celerina
1923 5550 1963 5614 de
1986 5549 2122 5613 Mutina.

1282 5663 1324 5728 D.
1348 5663 1597 5728 Bartholomeus
1620 5661 1660 5724 de
1679 5659 1788 5725 Labro
1803 5659 1945 5724 Alriano
1961 5657 2001 5721 de
2017 5655 2162 5720 Mantua.

1281 5773 1323 5838 D.
1346 5770 1511 5835 Beltrame
1535 5768 1697 5855 quondam
1721 5766 1863 5831 hlaurini
1878 5765 1918 5830 de
1936 5764 2077 5846 Oaliaoo,
2094 5763 2163 5826 dio-

1280 5987 1322 6052 D.
1338 5877 1814 6068 Behibhuffldhichipresbiter
1829 5980 1933 6045 sancti
1948 5977 2107 6044 Johannis
2124 5977 2163 6040 de

1386 6091 1532 6156 Pistoris.

1280 6203 1322 6268 D.
1342 6200 1528 6266 Bernardus
1545 6199 1584 6264 de
1601 6197 1748 6281 Foliano,
1765 6195 1937 6262 canonicus
1953 6200 2063 6258 sancte
2080 6191 2159 6257 Oru-

1388 6310 1433 6375 cis
1457 6306 1701 6373 aurelianensis.
