5544 7750
620 626 696 698 320

615 803 657 867 D.
681 801 818 888 Egidius
842 800 881 866 de
905 801 1011 883 Fisco,
1035 801 1177 865 thesaur.
1203 797 1235 864 S.
1256 797 1422 863 Ganferin.
1446 819 1499 862 ca·

724 909 930 974 menacensis.

615 1018 657 1082 D.
679 1016 816 1102 Egidius
840 1015 879 1080 de
902 1015 1085 1100 Foscardis,
1109 1015 1222 1080 doctor
1245 1014 1458 1080 decretorum.

614 1125 657 1192 D.
680 1125 839 1190 Euchitus
862 1125 1036 1192 Cateluxii.

613 1233 702 1319 Mag.
727 1233 834 1298 Fortis
858 1232 898 1297 de
921 1232 1042 1315 Monte,
1057 1231 1143 1296 filius
1159 1231 1279 1296 domini
1298 1229 1431 1314 Singriti
1456 1228 1496 1293 de

720 1341 843 1425 Monte,
867 1342 979 1407 doctor
1002 1341 1122 1427 legum.

611 1451 700 1538 Mag.
724 1451 919 1515 Franciscns
943 1449 1082 1535 Gregus,
1105 1447 1279 1513 canonicus
1305 1446 1496 1532 parmensis.

612 1559 654 1625 D.
680 1558 846 1624 Gerardus
876 1557 916 1622 de
948 1556 1155 1640 Oornazano,
1180 1555 1353 1620 canonicus
1388 1561 1497 1618 torna·

721 1667 836 1731 censis.

610 1776 653 1842 D.
668 1775 833 1841 (letardus
849 1773 889 1838 de
902 1772 1053 1855 Aboleto,
1066 1771 1240 1836 canonicus
1253 1768 1494 1834 valentinensis.

610 1884 652 1950 D.
678 1881 881 1964 (leonardus,
904 1881 1078 1946 canonicus
1102 1879 1330 1944 cesenatensis.

610 1991 652 2057 D.
676 1989 841 2072 Giiredus,
863 1987 1110 2053 archidiaconus
1134 1986 1348 2052 beluacensis.

610 2099 652 2164 D.
678 2097 841 2163 Gufredus
865 2097 905 2162 de
928 2097 1105 2162 Pecuraria
1129 2095 1168 2160 de
1192 2094 1375 2174 Placentia,
1400 2114 1494 2158 cano·

717 2205 808 2270 nicus
832 2203 1045 2269 turnacensis.

609 2313 697 2399 Mag.
724 2313 830 2378 (luido
854 2312 894 2376 de
916 2312 1038 2394 Pham,
1062 2311 1147 2374 filius
1170 2309 1294 2374 domini
1314 2308 1415 2373 Petri.

609 2421 698 2507 Mag.
723 2420 916 2485 Guillelmus
941 2419 1060 2483 Vitalis
1082 2417 1299 2502 Bardegalen.

608 2530 650 2595 D.
677 2529 870 2594 Guillelmus
894 2527 933 2592 de
957 2527 1135 2591 Tambatra
1151 2524 1252 2590 irater
1267 2525 1388 2589 domini
1404 2525 1490 2588 Bosi.

608 2637 650 2703 D.
679 2636 873 2702 Guillelmus
907 2634 1095 2721 Raymnndi
1128 2634 1212 2698 filius
1247 2632 1368 2697 domini
1401 2631 1492 2696 Petri

716 2743 903 2830 Raymnndi
926 2743 1036 2806 militis
1061 2741 1100 2805 de
1124 2747 1236 2806 sancto
1260 2741 1425 2814 Quintino.

609 2853 651 2919 D.
676 2853 870 2918 Guillelmus
894 2851 934 2914 de
964 2849 1189 2931 Monasteriis‚
1214 2847 1388 2912 canonicus
1419 2868 1491 2912 ren·

718 2961 832 3025 censis.

609 3070 651 3136 D.
676 3069 870 3134 Guillelmus
890 3067 929 3132 tle
945 3067 1160 3149 Monasteriis‚
1178 3065 1351 3130 canonicus
1367 3086 1491 3129 remen·

717 3177 761 3242 sis
786 3183 818 3240 et
840 3175 1057 3240 lundonensis.

608 3285 650 3350 D.
674 3284 800 3366 Helias,
825 3282 998 3348 canonicus
1022 3282 1228 3345 zamorensis.

606 3392 695 3478 Mag.
719 3391 882 3456 Henrious
907 3388 1074 3474 Sangler.,
1099 3389 1272 3453 canonicus
1295 3388 1463 3452 utinensis.

610 3501 652 3565 D.
676 3499 849 3581 Mauricus,
873 3497 1047 3562 canonicus
1070 3495 1279 3583 pataviensis.

609 3608 651 3673 D.
676 3606 838 3671 Henricus
862 3604 902 3668 de
925 3603 1043 3686 Flisco,
1068 3603 1241 3668 canonicus
1265 3602 1461 3690 parisiensis.

609 3715 652 3780 D.
676 3714 839 3779 Henricus
862 3713 902 3776 de
924 3711 1091 3776 Venduno.

610 3822 652 3888 D.
676 3822 826 3886 Hervens
850 3819 890 3884 de
914 3818 1089 3883 Trembeta
1113 3817 1238 3883 Scotus.

609 3930 698 4016 Mag.
723 3929 827 3993 Hervi
849 3928 934 3991 filius
957 3926 1078 3990 domini
1102 3925 1253 4011 Gregorii
1274 3927 1396 3992 electus
1420 3949 1492 3993 our·

715 4036 869 4118 tenensis,
886 4041 918 4098 et
941 4033 1114 4098 canonicus
1138 4033 1273 4098 ecclesie
1296 4037 1399 4100 saneti
1423 4036 1491 4101 An·

716 4143 792 4208 dree
816 4143 856 4206 de
881 4141 1000 4206 Scotia.

608 4253 697 4338 Mag.
721 4252 821 4338 Hugo
847 4251 996 4336 Sangler,
1020 4250 1194 4314 canonicus
1217 4252 1428 4315 carnotensis.

608 4361 651 4426 D.
667 4360 849 4446 Huguceio‚
873 4358 1032 4445 plebanus
1055 4357 1263 4443 Castiglionis
1283 4358 1389 4423 Castri
1411 4365 1489 4425 rect.

608 4468 650 4533 D.
674 4468 818 4533 lacobus
841 4464 1012 4530 Martialis.

608 4575 650 4640 D.
674 4574 818 4640 lacobus
841 4573 926 4637 filius
957 4571 1079 4636 domini
1102 4571 1294 4657 Guarnecii,
1317 4575 1491 4640 canonicus

516 4757 521 4765 ,
715 4679 956 4747 darmaciensis.
1412 4681 1413 4688 ’

556 4787 557 4790 '
606 4781 648 4856 1).
673 4791 840 4857 Johannes
864 4789 903 4852 de
927 4787 1126 4853 Altcmonte.

605 4898 647 4963 D.
664 4899 686 4965 J
688 4899 832 4964 ohannes
849 4896 888 4960 de
904 4895 1050 4982 Broglio,
1063 4896 1236 4960 canonicus
1252 4895 1487 4964 aurivielensis.

605 5005 647 5071 D.
671 5005 839 5071 Johannes
863 5004 948 5068 filius
972 5002 1135 5090 quondam
1158 5003 1278 5068 domini
1297 5003 1434 5069 Roberti
1449 5005 1489 5070 de

713 5112 878 5176 Bucimler
901 5110 941 5176 de
965 5111 1114 5176 Francia.

604 5220 646 5285 D.
671 5220 839 5287 Johannes
862 5219 902 5284 de
927 5219 1160 5305 Guizimburgo
1185 5219 1347 5306 quondam
1367 5221 1489 5288 domini

713 5327 853 5409 (leniuit,
877 5327 1051 5391 canonicus
1074 5327 1278 5392 umaciensis.

604 5435 646 5501 D.
670 5434 839 5500 Johannes
863 5434 988 5516 Alvum,
1013 5434 1120 5498 Castri
1142 5434 1292 5498 Arnetini
1316 5443 1431 5502 rector.

604 5544 646 5608 D.
670 5542 838 5607 Jchannes
862 5541 987 5624 Alveri,
1010 5541 1112 5605 abbas
1135 5541 1327 5609 sanabensis.

602 5650 645 5715 D.
670 5649 838 5715 Johannes
862 5649 902 5713 de
926 5648 1068 5732 (lanuto,
1092 5651 1265 5714 canonicus
1289 5652 1377 5716 beati
1398 5652 1487 5718 Mar·

711 5758 770 5821 tini
793 5757 832 5820 de
856 5756 982 5821 Landa.

603 5864 645 5930 D.
669 5865 851 5930 Mancellus
874 5864 914 5929 de
937 5871 1050 5928 sancta
1073 5864 1173 5929 Julia.

476 6051 478 6056 Ι
601 5971 644 6037 D.
668 5972 885 6036 Marehisinus
917 5971 1052 6036 clericus
1083 5978 1116 6037 et
1147 5975 1319 6039 canonicus
1351 5976 1486 6040 ecclesie

710 6080 813 6143 sancti
837 6079 995 6166 Stephani
1019 6081 1050 6143 in
1067 6079 1168 6164 Pane,
1186 6088 1315 6147 curator
1332 6083 1484 6169 ipsorum.

601 6187 643 6253 D.
667 6187 826 6251 Martinus
850 6189 1015 6274 hispanus.

664 6439 703 6504 (1)
724 6437 776 6490 Sic.

664 6529 703 6595 (2)
723 6530 767 6580 An
787 6528 917 6581 Cistella.

1311 643 1524 694 SOHODARES
1551 643 1754 695 lnnnsnnns

1565 798 1652 884 Mag.
1678 799 1818 864 Michael
1842 800 1881 864 de
1904 801 2030 866 Domde
2056 800 2181 866 Scotus.

1564 905 1605 972 D.
1628 906 1769 972 Michael
1794 908 1918 992 Gensis,
1941 909 2161 995 porcionarius
2185 911 2398 996 placentinus.

1562 1012 1605 1078 D.
1629 1013 1756 1079 Natalis
1779 1015 1926 1081 Rainerii
1949 1017 1989 1082 de
2012 1016 2227 1104 Perpiniano,
2251 1018 2362 1104 legum
2387 1019 2444 1084 do-

1670 1130 1749 1188 otor.

1561 1228 1603 1294 D.
1628 1230 1781 1296 Nicolaus
1804 1232 1926 1297 domini
1950 1233 2076 1320 Tigrini
2098 1233 2138 1299 de
2161 1234 2262 1299 Luca.

1562 1337 1603 1404 D.
1628 1337 1724 1404 Odilo
1748 1339 1787 1404 de
1811 1340 1980 1406 Minzonis.

1559 1445 1601 1510 D.
1626 1446 1747 1534 Opizus
1771 1447 1810 1512 de
1834 1447 1986 1530 castello,
2010 1450 2122 1515 doctor
2146 1451 2365 1536 decretorum,
2390 1473 2441 1518 oa·

1665 1555 1799 1619 nonious
1823 1557 2033 1622 tornacensis.

1558 1662 1601 1728 D.
1626 1661 1809 1728 Ottobonus
1832 1664 1871 1728 de
1894 1665 2084 1748 Placentia,
2108 1668 2281 1733 canonicus
2305 1673 2442 1736 suessio·

1666 1792 1785 1836 nensis.

1558 1859 1600 1923 D.
1624 1859 1821 1946 Palmerius,
1846 1861 1982 1926 clericus
2004 1863 2145 1928 vicarius
2176 1865 2310 1930 ecclesie
2340 1869 2442 1934 flexu·

1663 1969 1737 2034 lane
1751 1968 1800 2034 (ll.

1557 2073 1599 2140 D.
1616 2075 1732 2141 Petrus
1756 2077 1795 2142 de
1820 2079 1909 2142 Mata
1931 2080 2016 2145 filius
2040 2081 2160 2146 domini
2183 2081 2379 2168 Raymnndi.

1556 2183 1599 2249 D.
1615 2185 1732 2250 Petrus
1756 2185 1874 2252 Boneti
1896 2186 2009 2252 doctor
2032 2187 2244 2253 decretorum.

1557 2291 1598 2357 D.
1615 2293 1734 2358 Petrus
1757 2294 1924 2359 Guillslmi
1947 2295 1987 2359 de
2012 2295 2193 2361 Mirabello.

1556 2400 1599 2465 D.
1615 2401 1732 2466 Petrus
1756 2401 1796 2466 de
1821 2403 1924 2486 Saltu,
1941 2411 2046 2467 rector
2069 2403 2206 2468 ecclesie
2223 2405 2262 2468 de
2279 2405 2440 2471 Guibelle.

1557 2507 1599 2574 D.
1614 2509 1731 2575 Petrus
1756 2511 1795 2576 dc
1821 2511 1923 2594 Saltu,
1941 2519 2046 2577 rector
2069 2513 2203 2577 ecclesie
2225 2513 2318 2578 heato
2334 2513 2438 2580 Mario

1664 2621 1704 2684 de
1728 2619 1872 2685 Avitella
1886 2621 1935 2685 (2).

1557 2725 1598 2790 D.
1618 2727 1789 2814 Philippus
1805 2728 1968 2812 quondam
1985 2729 2105 2793 domini
2122 2729 2143 2794 J
2146 2730 2249 2812 scobi,
2266 2732 2439 2796 canonicus

1663 2836 1766 2900 sancti
1790 2836 1921 2901 Andree
1944 2837 2197 2922 guarnaciensis.

1554 2941 1596 3006 D.
1620 2943 1755 3007 Pontius
1779 2945 1819 3008 de
1843 2944 2020 3009 Villamun.

1554 3050 1596 3117 Ι).
1621 3050 1834 3137 Raymnndus
1857 3051 1897 3116 de
1920 3052 2065 3135 Rofiaco,
2090 3053 2336 3118 archidiaconus
2364 3077 2439 3120 san·

1662 3159 1705 3222 cti
1730 3158 1849 3222 Seneni
1872 3159 1905 3222 in
1929 3160 2066 3224 ecclesia
2089 3163 2307 3246 quaturcensi.

1555 3264 1597 3329 D.
1621 3265 1835 3352 Raymnndus
1858 3265 1898 3330 de
1921 3266 2100 3331 Dnrcforti.

1554 3371 1596 3437 D.
1620 3371 1823 3437 Rolandinus
1846 3374 1885 3438 dc
1910 3373 2083 3457 hominiis,
2101 3375 2286 3440 faventinus
2307 3378 2439 3441 canoni-

1662 3501 1717 3544 cus
1741 3502 1778 3545 ac
1801 3482 1899 3544 etiam
1922 3483 2132 3546 romanensis.

1554 3586 1596 3652 Ι).
1621 3587 1768 3653 'l'editius
1791 3590 1831 3654 da
1854 3590 1962 3654 Fisco.

1554 3695 1596 3760 D.
1621 3696 1776 3761 Tedixius
1799 3696 1839 3761 de
1861 3698 2057 3764 Maloxellis.

1554 3801 1596 3868 D.
1620 3803 1799 3869 Thedixins
1822 3805 1861 3870 de
1885 3806 2003 3871 Flisco.

1555 3910 1596 3976 D.
1620 3911 1812 3976 Zavarixius
1836 3913 1956 3978 domini
1986 3915 2107 3980 Ubaldi
2138 3915 2178 3979 de
2209 3914 2438 3980 Anteminellis

1662 4018 1702 4083 de
1726 4017 1826 4084 Luca.

1864 4288 2128 4356 MOOLXXXII.

1554 4553 1643 4639 Mag.
1667 4555 1774 4620 Adam
1797 4557 1837 4621 de
1860 4557 2046 4622 Lenaiou).
2095 4627 2098 4634 ,

1553 4665 1642 4751 Mag.
1664 4665 1771 4730 Adam
1787 4666 1826 4732 de
1842 4667 1968 4732 Laudic
1977 4668 2016 4732 (⁴)
2025 4669 2065 4732 de
2081 4667 2258 4750 Abrebato,
2276 4667 2360 4732 filius
2377 4667 2435 4732 do-

1661 4774 1740 4838 mini
1764 4775 1913 4841 Simonis.

1552 4881 1641 4969 Mag.
1665 4883 1774 4948 Adam
1796 4885 1836 4949 de
1860 4885 1961 4949 Soliol
1984 4891 2102 4950 scotus.

1552 4989 1640 5076 Mag.
1664 4990 1856 5077 Aymeriens
1879 4991 1983 5056 dictus
2008 4992 2174 5078 Sangleni,
2190 4993 2363 5058 eanonicus
2384 5013 2437 5056 re-

1660 5101 1853 5186 mengensis.

1551 5206 1640 5292 Mag.
1665 5206 1791 5272 Alanus
1815 5209 1854 5272 de
1877 5207 2044 5272 Aldriohe.

1550 5314 1593 5380 D.
1616 5316 1799 5381 Almericus
1823 5315 1948 5398 (lassis,
1973 5314 2074 5380 abbas
2098 5315 2200 5380 sancti
2223 5313 2404 5381 Michaelis.

1550 5422 1591 5488 D.
1616 5423 1781 5488 Arnaldus
1805 5423 1974 5488 Bernardi.

1550 5533 1592 5598 D.
1615 5534 1781 5599 Arnaldus
1802 5534 1931 5598 Morini.

1549 5640 1591 5705 D.
1615 5640 1812 5724 Auliverius‚
1837 5641 2009 5706 canonicus
2034 5639 2261 5705 elandatensis.

1549 5747 1590 5812 D.
1614 5749 1810 5813 Beltrandus
1833 5748 2069 5833 Dlovrengarii‚
2086 5748 2175 5834 prior
2197 5745 2236 5810 de
2257 5745 2437 5811 Amixano.

1548 5856 1590 5922 D.
1606 5857 1806 5922 Bertranrlus
1823 5857 1907 5920 filius
1924 5857 2044 5920 domini
2062 5854 2242 5919 Guillielmi
2257 5853 2438 5938 Raymand

1657 5966 1696 6030 de
1708 5965 1869 6050 Bregava,
1883 5965 1984 6028 abbas
2001 5965 2040 6028 de
2052 5964 2196 6028 Pessano
2213 5962 2244 6026 in
2257 5960 2437 6044 Vascoria,

1656 6074 1810 6137 auxitane
1833 6073 1979 6137 diocesis.

1549 6181 1591 6246 D.
1615 6182 1815 6247 Bertrandus
1838 6183 1878 6247 de
1903 6183 2005 6246 Saltu.

1611 6440 1651 6504 (3)
1670 6437 1714 6489 An
1735 6436 1841 6489 Leodr'c.

1610 6532 1649 6597 (4)
1669 6531 1722 6583 Sic.
