5490 7750
660 613 734 684 180
1446 633 1688 685 uorounurs

653 788 753 853 libras
777 789 1031 853 bononenornm.
1057 788 1141 852 Item
1165 789 1240 852 filiis
1264 789 1395 854 Juliane
1426 788 1537 853 uxoris
1570 789 1732 874 quondam
1756 789 1914 854 Johannis
1938 789 1977 854 de
2003 789 2161 872 Saliceto,
2185 791 2375 855 consobrine
2399 813 2470 875 sue,

653 896 770 980 viginti
793 896 893 960 libras
916 896 1169 962 bononenornm.
1195 896 1279 960 Item
1311 896 1439 962 domine
1470 897 1654 978 DiernantI,
1679 898 1749 983 ejus
1773 897 2032 983 consanguinee,
2056 897 2186 984 reliquit
2214 897 2247 962 id
2276 898 2361 984 qnod
2388 899 2472 964 dedit

652 1005 724 1086 sibi,
743 1004 794 1067 vel
817 1025 875 1090 pro
899 1025 948 1086 ea,
966 1002 1049 1067 dotis
1074 1005 1213 1068 nomine.
1231 1004 1314 1068 Item
1339 1003 1467 1069 domine
1492 1004 1594 1070 Maris
1618 1004 1683 1068 filio
1704 1005 1832 1069 domine
1848 1004 1990 1090 Borghe,
2008 1005 2246 1090 consanguinee
2262 1027 2329 1088 sue,
2346 1007 2472 1092 reliquit

652 1111 684 1175 id
710 1111 795 1197 quod
820 1111 859 1193 ei,
877 1111 930 1175 vel
953 1133 1012 1197 pro
1035 1133 1085 1194 ea,
1103 1111 1191 1175 dedit
1215 1111 1298 1176 dotis
1323 1133 1379 1176 sue
1403 1111 1542 1176 nomine.
1568 1111 1650 1176 Item
1675 1111 1802 1178 domine
1818 1111 1932 1196 Maris,
1950 1113 2188 1198 consanguinee
2209 1135 2276 1195 sue,
2293 1113 2357 1178 filie
2375 1135 2470 1199 quon·

655 1219 729 1282 dam
745 1218 886 1283 Rolandi
903 1218 1066 1284 Caralerii
1082 1218 1163 1283 illud
1179 1219 1265 1304 quod
1281 1219 1311 1284 ei
1327 1219 1425 1302 dedit,
1442 1220 1494 1284 vel
1511 1241 1569 1306 pro
1586 1241 1635 1302 ea,
1653 1219 1686 1284 in
1703 1219 1821 1284 dotem.
1838 1219 1922 1284 Item
1938 1219 2066 1285 domine
2082 1219 2272 1286 Benvenute
2294 1228 2326 1285 et
2349 1221 2472 1286 domine

656 1327 875 1409 Guisaltrude,
899 1326 1028 1391 filiabus
1052 1326 1305 1410 Merchadantis,
1321 1327 1451 1413 reliquit
1467 1327 1548 1390 illud
1565 1327 1649 1413 quod
1666 1327 1712 1392 eis
1730 1327 1818 1391 dedit
1842 1328 1873 1390 ln
1899 1327 2016 1392 dotem.
2033 1327 2116 1392 Item
2133 1327 2263 1392 domino
2279 1327 2421 1393 (luidoni
2435 1329 2471 1394 de

654 1433 881 1498 Tenoharariis
904 1435 1035 1520 reliquit
1058 1434 1169 1499 decern
1193 1433 1293 1499 libras
1317 1433 1571 1499 bononenornm.
1597 1434 1680 1498 Item
1703 1434 1785 1518 [filiis
1817 1434 1978 1521 quondam
2010 1433 2156 1500 Conforti
2185 1435 2224 1500 de
2250 1435 2471 1500 Tencharariis

653 1543 794 1628 quinque
818 1543 918 1607 libras
941 1543 1196 1607 bononenornm.
1221 1542 1304 1608 Item
1328 1543 1404 1607 filiis
1428 1542 1589 1629 qnondam
1613 1542 1796 1625 Palmiroli,
1821 1542 1931 1607 fratris
1954 1543 2021 1625 sui,
2047 1543 2188 1629 quinque
2212 1543 2311 1608 libras
2334 1545 2472 1609 bonone·

653 1671 778 1714 norum.
803 1651 886 1714 Item
910 1649 1040 1716 domino
1064 1650 1216 1714 Ilichaeli
1241 1650 1280 1714 ds
1306 1651 1534 1715 Tencharariis
1558 1651 1699 1737 quinque
1719 1651 1818 1715 libras
1834 1650 2088 1716 bononenornm.
2106 1650 2190 1714 Item
2207 1650 2336 1716 domino
2353 1652 2472 1739 Jaeopo

653 1758 692 1822 de
718 1758 945 1823 Tancharariis
963 1759 1104 1844 quinque
1121 1758 1222 1822 libras
1244 1758 1498 1823 bononenornm.
1524 1758 1608 1822 Item
1630 1758 1840 1824 Lambertino
1864 1759 1920 1844 qui
1942 1757 2060 1822 dicitur
2075 1758 2318 1823 Mediuscorvus
2336 1767 2368 1824 st
2385 1759 2473 1824 fratri

655 1887 713 1929 suo
738 1866 879 1951 quinque
903 1865 1003 1929 libras
1028 1865 1280 1929 bononenornm.
1304 1864 1387 1928 Item
1412 1865 1515 1929 sorori
1538 1864 1714 1928 Adhelasis
1732 1864 1843 1928 decem
1858 1865 1959 1929 libras
1975 1864 2230 1930 bononenornm.
2247 1865 2330 1929 Item
2347 1864 2472 1930 domino

653 1973 845 2055 Thomaxio,
868 1972 933 2036 filio
958 1971 1121 2058 quondam
1145 1971 1266 2036 domini
1288 1971 1385 2036 Pacis
1409 1972 1448 2036 ds
1474 1971 1710 2055 Tencharariis,
1728 1972 1858 2057 reliquit
1882 1971 2081 2036 solucionem
2104 1979 2136 2036 et
2159 1972 2384 2037 liberationem
2407 1975 2473 2057 ejus

655 2080 741 2166 quod
764 2081 825 2144 sibi
849 2080 954 2162 debet,
972 2079 1094 2144 scilicet
1118 2079 1353 2166 quinquaginta
1376 2079 1477 2143 libras
1500 2079 1754 2162 bononenorum,
1772 2101 1851 2165 quas
1876 2079 1944 2166 ipss
1967 2085 2103 2144 testator
2128 2080 2288 2144 mutuavit
2312 2081 2399 2167 patri
2418 2102 2472 2144 suo

653 2187 808 2274 predicto.
834 2186 916 2251 Item
941 2188 1022 2250 alias
1047 2187 1282 2272 quinquaginta
1306 2186 1406 2250 libras
1429 2186 1683 2269 bononenorum‚
1701 2207 1781 2272 quos
1806 2187 1965 2251 mutuavit
1989 2187 2074 2252 dicto
2099 2187 2273 2252 Thomasio
2298 2209 2357 2274 pro
2382 2189 2472 2252 mari·

653 2294 752 2358 tanda
775 2295 949 2358 Diamante
974 2316 1083 2359 sorore
1107 2315 1176 2358 sua.
1202 2293 1285 2358 Item
1309 2295 1443 2379 triginta
1467 2301 1538 2358 octo
1563 2293 1662 2357 libras
1694 2293 1726 2356 in
1758 2293 1823 2356 alia
1846 2302 1956 2380 parte,
1981 2315 2062 2380 quas
2093 2295 2232 2359 debebat
2261 2294 2391 2359 domino
2419 2295 2472 2359 Jo-

652 2402 752 2488 sepho
776 2403 861 2490 patri
889 2425 947 2466 suo
971 2401 1126 2488 predicto,
1151 2403 1273 2466 scilicet
1304 2401 1479 2484 testatoris,
1505 2401 1673 2466 occasione
1697 2401 1797 2465 tutele
1821 2422 1888 2466 sne.
1914 2401 1997 2466 Item
2021 2402 2152 2488 reliquit
2176 2402 2281 2466 eidem
2303 2402 2473 2467 Thomasio

654 2510 815 2592 Oodioem,
831 2511 993 2574 Diiestum
1017 2516 1048 2574 et
1072 2509 1268 2590 Institutam,
1286 2517 1318 2572 et
1342 2509 1508 2573 Summam
1531 2509 1663 2592 Azouis,
1680 2510 1713 2572 in
1736 2509 1851 2595 quibus
1868 2510 1936 2596 ipse
1956 2509 2036 2594 legit
2056 2516 2088 2573 et
2109 2531 2188 2595 quos
2205 2509 2273 2597 ipse
2289 2516 2425 2574 testator
2445 2511 2473 2574 ei

652 2618 878 2682 commodavit.
904 2618 988 2682 Item
1013 2618 1141 2682 domine
1164 2617 1397 2682 Marchadante
1422 2626 1455 2681 et
1478 2619 1549 2703 ejus
1573 2617 1647 2681 filiis
1670 2617 1801 2703 reliquit
1824 2625 1927 2681 totum
1944 2617 2034 2700 illud,
2053 2617 2137 2703 quod
2155 2618 2223 2704 ipse
2240 2625 2375 2682 testator
2391 2617 2475 2683 dedit

652 2727 698 2789 cis
722 2748 781 2812 pro
806 2726 883 2811 ipsis
908 2725 1165 2807 manutenendis,
1183 2732 1215 2789 et
1238 2725 1362 2789 remisit
1384 2731 1451 2788 tam
1476 2724 1603 2788 domine
1625 2723 1867 2807 Marchadante,
1884 2745 1980 2810 qnam
1998 2724 2146 2788 omnibus
2163 2725 2229 2788 suis
2250 2724 2335 2806 filiis,
2354 2725 2474 2810 obliga·

652 2833 773 2896 tionem
802 2833 891 2896 illam
916 2855 1015 2917 quam
1044 2832 1258 2914 Donusdeus,
1282 2838 1375 2917 pator
1398 2853 1527 2914 eorum,
1553 2829 1629 2894 fecit
1661 2831 1745 2916 patri
1774 2829 1919 2894 eiusdem
1942 2831 2106 2895 testatoris
2136 2829 2175 2894 de
2207 2831 2357 2896 omnibus
2386 2831 2474 2896 bonis

652 2941 728 3023 suis,
753 2941 799 3005 ita
830 2939 916 3026 quod
940 2941 1046 3004 nullus
1072 2961 1238 3004 successor
1261 2939 1423 3004 testatoris
1447 2939 1548 3025 possit
1580 2938 1621 3002 ab
1649 2938 1695 3002 eis
1719 2946 1829 3024 petere
1854 2937 1977 3024 aliquid
2000 2939 2168 3003 occasione
2194 2938 2402 3025 obligationis
2426 2941 2474 3003 vel

654 3048 847 3131 donationis,
865 3069 962 3133 quam
987 3049 1098 3111 fecerit
1122 3047 1206 3134 patri
1231 3068 1289 3110 suo
1314 3046 1507 3111 Douusdeus
1532 3046 1706 3133 predictus.
1731 3045 1814 3110 Item
1838 3045 1975 3132 reliquid
1999 3045 2128 3111 domino
2145 3046 2342 3110 Thomasino
2367 3049 2473 3134 nepoti

652 3177 720 3238 siro,
738 3155 804 3220 filio
822 3155 986 3241 quondam
1001 3154 1096 3218 Pacis
1120 3161 1152 3217 et
1176 3154 1361 3218 Petrobono
1385 3161 1417 3217 et
1436 3153 1623 3236 Valeriano,
1640 3153 1750 3241 Usepo
1774 3160 1807 3219 et
1829 3153 1992 3238 Michaeli,
2008 3153 2083 3218 filiis
2100 3153 2228 3218 domins
2244 3153 2473 3219 Merohadante

654 3264 806 3349 predicte,
832 3262 988 3348 quidquid
1012 3261 1180 3347 spectabat
1211 3269 1242 3325 et
1267 3262 1451 3347 pertinebat
1483 3262 1525 3326 ad
1555 3269 1680 3348 patrem
1705 3262 1804 3347 ipsius
1828 3262 1991 3326 testatoris
2023 3269 2055 3327 et
2088 3261 2129 3325 ad
2162 3263 2267 3348 ipsum
2290 3269 2474 3327 testatorem

654 3378 778 3456 spectat
802 3377 834 3433 et
858 3370 1007 3456 pertinet,
1027 3391 1068 3433 ex
1093 3368 1319 3454 omnibusque
1343 3369 1508 3433 habebant
1525 3369 1707 3434 communia
1730 3390 1803 3432 cum
1820 3369 2058 3451 Tencharariis,
2076 3370 2198 3433 scilicet
2222 3391 2263 3433 ex
2287 3370 2370 3434 turri
2395 3369 2474 3434 Ten·

653 3477 876 3541 charariorum
899 3485 930 3541 et
954 3499 996 3540 ex
1021 3477 1115 3540 domo
1140 3478 1282 3559 comuni,
1308 3499 1369 3563 quc
1394 3477 1455 3540 fuit
1479 3476 1641 3562 quondam
1665 3476 1786 3540 domini
1810 3475 1960 3540 Odderisi
1983 3475 2023 3538 de
2046 3475 2283 3560 Tancharariis,
2302 3484 2334 3540 et
2359 3499 2402 3541 ex
2425 3500 2474 3542 ca·

652 3593 809 3670 samento,
835 3585 919 3671 qnod
951 3585 1012 3648 fuit
1044 3585 1207 3670 quondam
1238 3584 1359 3648 domini
1389 3584 1612 3649 Bartholonrei
1643 3583 1682 3647 de
1717 3582 1944 3648 Tencharariis
1978 3590 2010 3648 et
2044 3605 2086 3648 ex
2119 3585 2266 3648 omnibus
2302 3586 2375 3649 aliis
2409 3587 2474 3672 qui·

654 3694 862 3778 buscumque.
887 3692 971 3756 Item
994 3691 1098 3756 sorori
1121 3713 1178 3756 sue
1202 3691 1329 3755 domine
1353 3691 1509 3755 Jacobine
1533 3691 1664 3776 reliquit
1694 3691 1727 3755 in
1761 3689 1902 3754 solutum
1934 3711 1992 3778 pro
2026 3690 2089 3754 illis
2121 3691 2358 3778 quinquaginta
2388 3693 2475 3756 libris

654 3801 911 3882 bononenorum,
934 3800 969 3864 in
993 3799 1109 3885 quibus
1132 3806 1226 3886 pater
1249 3821 1325 3862 suus
1350 3799 1382 3861 in
1407 3820 1465 3862 suo
1489 3805 1682 3862 testamento
1706 3819 1778 3861 eam
1801 3797 1954 3862 heredem
1977 3798 2125 3882 instituit,
2150 3820 2247 3863 unam
2272 3807 2474 3864 tornaturam

652 3908 691 3971 de
716 3909 812 3972 vinea
836 3929 895 3971 sua
920 3907 959 3970 de
984 3906 1056 3971 Orti
1080 3906 1119 3970 de
1143 3912 1245 3970 strata
1267 3905 1462 3970 Costillonis.
1480 3905 1618 3992 Insuper
1641 3905 1771 3991 reliquit
1793 3905 1898 3970 eidem
1922 3906 2003 3970 alias
2028 3914 2092 3970 tres
2116 3914 2300 3971 tornaturas
2325 3929 2369 3971 ex
2392 3908 2473 3972 dicta

652 4016 757 4096 vinea,
775 4014 836 4077 hiis
862 4012 1098 4079 conditionibus
1122 4020 1218 4099 pacto
1243 4019 1275 4076 et
1298 4013 1371 4098 lege
1395 4013 1480 4098 quod
1505 4013 1575 4098 ipsa
1598 4012 1718 4076 habeat
1742 4012 1978 4077 usumfructum
2001 4013 2144 4099 ipsarum
2168 4021 2306 4099 quatuor
2330 4021 2472 4078 tornatu-

653 4142 762 4184 rarum
785 4120 869 4184 dicte
893 4120 987 4184 vinee
1011 4125 1078 4184 toto
1101 4127 1247 4206 tempore
1272 4119 1337 4182 vite
1361 4140 1418 4182 sus
1442 4119 1484 4183 ad
1507 4141 1584 4194 usus
1608 4141 1701 4202 suos;
1725 4126 1797 4206 post
1828 4126 1963 4183 mortem
1995 4141 2072 4184 vero
2096 4140 2188 4184 suam
2212 4120 2381 4206 perveniat
2404 4121 2471 4207 ipsa

652 4229 747 4292 vinea
778 4227 840 4291 sibi
873 4228 985 4292 relicta
1016 4228 1057 4291 ad
1089 4227 1167 4291 illud
1196 4226 1442 4310 monasterium,
1468 4227 1522 4291 ubi
1553 4228 1624 4312 ipsa
1654 4228 1715 4291 erit
1746 4235 1890 4314 tempore
1915 4227 2020 4291 obitus
2052 4229 2118 4310 sui;
2151 4234 2183 4291 et
2215 4229 2241 4292 si
2272 4230 2471 4314 contingeret

653 4336 796 4421 aliquam
830 4334 1041 4398 Abbatissam
1070 4334 1122 4398 rel
1156 4333 1350 4397 Priorissam
1378 4355 1434 4397 sen
1466 4335 1641 4398 monialem
1672 4333 1883 4420 depodestore
1915 4356 1987 4398 eam
2018 4334 2057 4398 de
2089 4334 2174 4400 dicto
2205 4335 2393 4418 usufructu,
2418 4343 2471 4399 aut

653 4443 776 4528 aliquid
799 4444 885 4506 ultra
909 4451 1018 4529 petere
1052 4443 1084 4506 in
1117 4442 1209 4506 bonis
1234 4442 1355 4507 domini
1379 4442 1503 4528 Joseph
1525 4441 1626 4530 patris
1650 4442 1699 4506 sui
1722 4442 1789 4506 siva
1821 4442 1922 4528 ipsius
1945 4443 2118 4525 testatoris,
2143 4443 2310 4507 occasione
2335 4444 2470 4528 alicujus

652 4549 780 4615 falcidis
797 4550 848 4614 vel
873 4550 938 4613 alia
963 4570 1175 4635 quacumque,
1192 4549 1295 4613 voluit
1319 4555 1351 4613 et
1375 4549 1533 4635 disposuit
1556 4549 1642 4634 quod
1665 4549 1846 4635 proprietas
1870 4556 1902 4613 et
1925 4549 2126 4614 ususfructus
2143 4549 2227 4613 dicte
2243 4551 2337 4614 vinee
2355 4559 2387 4615 et
2404 4551 2469 4638 ipsa

650 4660 746 4723 vinea
770 4659 879 4722 veniat
904 4657 945 4721 ad
969 4664 1113 4721 sanctam
1131 4655 1270 4720 Mariam
1294 4656 1333 4720 de
1357 4656 1594 4738 Misericordia3
1620 4677 1681 4740 que
1705 4656 1842 4720 ecclesia
1857 4656 2093 4721 usumfructum
2114 4656 2197 4722 diets
2213 4657 2307 4722 vinee
2323 4665 2470 4722 teneatur

652 4764 729 4830 dare
754 4773 786 4829 et
809 4765 992 4852 expendere
1017 4764 1153 4849 singulis
1178 4765 1271 4827 annis
1295 4764 1328 4827 in
1352 4763 1496 4827 vestibus
1519 4769 1552 4827 et
1575 4763 1647 4826 aliis
1671 4763 1783 4826 usibus
1806 4764 1907 4851 ipsius
1931 4763 2059 4828 domins
2082 4763 2258 4848 Jacobine,
2282 4773 2380 4851 prout
2404 4767 2469 4851 ipsa

651 4873 789 4937 voluerit
813 4881 845 4937 et
869 4872 1022 4958 quamdiu
1045 4871 1174 4954 vixerit,
1191 4878 1224 4935 et
1240 4878 1312 4957 post
1328 4877 1465 4934 mortem
1481 4867 1564 4934 dlote
1582 4869 1709 4934 domine
1726 4869 1746 4934 J
1749 4871 1882 4936 acobine
1899 4871 2010 4936 redeat
2026 4872 2206 4958 proprietas
2222 4879 2254 4936 et
2269 4872 2469 4937 ususfructus

652 4981 735 5044 dicte
760 4981 852 5044 vinee
877 4980 916 5043 ad
942 4987 1088 5043 sanctam
1111 4979 1250 5042 Mariam
1275 4979 1314 5043 de
1338 4977 1570 5043 Misericordia.
1595 4976 1638 5040 Et
1662 4976 1689 5041 si
1712 4979 1914 5064 contingeret
1937 4978 2024 5064 quod
2047 4979 2117 5066 ipsa
2140 4978 2270 5043 domina
2293 4979 2466 5060 Jacobine,

651 5089 703 5152 vel
728 5089 959 5152 monasterium
983 5088 1069 5174 quod
1092 5088 1228 5152 haberet
1258 5089 1311 5172 jus
1343 5108 1401 5173 pro
1433 5107 1488 5169 ea,
1513 5108 1577 5150 non
1601 5093 1703 5151 staret
1726 5095 1877 5152 contenta
1904 5086 1956 5150 vel
1984 5093 2169 5151 contentum
2193 5087 2279 5152 dicta
2304 5095 2469 5153 tornatura

651 5197 759 5280 vince,
784 5195 814 5260 ei
839 5197 950 5260 relicta
977 5196 1008 5260 in
1034 5196 1173 5262 solutum
1199 5217 1257 5282 pro
1281 5194 1375 5258 dictis
1399 5194 1635 5279 quinquaginta
1659 5193 1750 5258 libris
1772 5194 1834 5258 sibi
1857 5193 1976 5258 relictis
1998 5195 2071 5278 jure
2094 5194 2304 5260 institutionis
2333 5217 2353 5259 a
2380 5203 2468 5282 patre

650 5325 718 5386 suo,
737 5325 774 5368 eo
800 5325 878 5368 casu
902 5310 1037 5368 testator
1060 5305 1167 5390 privat
1192 5303 1296 5389 ipsam
1317 5301 1481 5365 dominam
1497 5301 1690 5366 Jacobinarn
1713 5309 1745 5366 et
1768 5301 2008 5385 monasterium,
2026 5302 2111 5387 quod
2127 5324 2185 5388 pro
2202 5323 2241 5366 ea
2253 5303 2308 5387 jus
2324 5302 2466 5380 haberet,

651 5411 738 5476 omni
762 5411 906 5497 predicto
923 5411 1046 5493 relicto,
1063 5417 1095 5474 et
1118 5410 1281 5496 privatum
1304 5429 1374 5472 esse
1391 5409 1503 5473 voluit.
1521 5408 1605 5473 Item
1621 5415 1686 5473 tres
1702 5416 1885 5473 tornaturas
1902 5409 1941 5474 de
1958 5409 2044 5473 dicta
2060 5410 2155 5474 vinea
2171 5409 2211 5473 de
2228 5409 2300 5474 Orti
2316 5410 2468 5497 quidquid

652 5518 816 5582 residuum
832 5518 930 5582 fuerIt
954 5517 995 5580 ad
1019 5517 1181 5603 predictas
1198 5524 1336 5602 quatuor
1352 5522 1536 5580 tornaturas
1561 5537 1641 5600 quas
1657 5516 1787 5601 reliquit
1802 5517 1905 5580 sorori
1921 5537 1977 5581 sue
1994 5515 2163 5598 Jacobine,
2180 5517 2309 5602 reliquit
2329 5517 2467 5604 capitulo

650 5628 783 5712 majoris
807 5625 952 5690 Eoolesie
976 5624 1182 5689 bononiensis
1206 5645 1264 5709 pro
1288 5624 1524 5688 restauratione
1548 5623 1760 5706 decimarum,
1785 5645 1895 5714 oerum
1919 5623 2071 5688 videlicet
2093 5622 2135 5687 ad
2158 5645 2220 5710 que
2244 5625 2313 5710 ipse
2337 5633 2467 5689 testator

650 5741 707 5798 aut
722 5741 816 5820 pater
832 5755 909 5798 suus
926 5733 1129 5814 tenebantur,
1147 5738 1179 5795 et
1195 5753 1255 5818 pro
1280 5753 1317 5795 eo
1333 5732 1435 5796 eciam
1453 5730 1538 5817 quod
1554 5731 1623 5817 ipse
1639 5737 1774 5795 testator
1791 5731 1972 5796 Canonicus
1988 5731 2050 5796 fuit
2065 5731 2211 5816 ejusdem
2227 5732 2372 5815 ecclesie,
2389 5734 2467 5796 sicut

649 5843 752 5906 voluit
777 5842 884 5926 rogari
907 5863 965 5928 per
988 5840 1280 5922 fideicommissum,
1298 5839 1383 5924 quod
1407 5838 1527 5903 dIctnm
1552 5839 1735 5924 Capitulum
1760 5838 1859 5903 faeiat
1882 5839 2018 5924 singulis
2042 5839 2118 5903 anni
2137 5840 2396 5904 anniversarium
2412 5862 2465 5926 pro

649 5950 757 6013 anima
783 5970 841 6012 suo
865 5956 897 6013 et
920 5955 1091 6035 parentum
1116 5969 1257 6012 suorum.
1275 5946 1387 6011 Voluit
1410 5947 1541 6033 insuper
1565 5954 1597 6010 ct
1620 5946 1777 6032 disposuit
1801 5946 1886 6031 qnod
1909 5951 1982 6032 post
2005 5954 2141 6010 mortem
2165 5967 2257 6011 suam
2273 5954 2305 6011 et
2320 5949 2421 6034 patris
2437 5953 2467 6010 et

649 6057 760 6121 matris
785 6079 841 6120 sue
866 6058 949 6122 Inter
973 6056 1075 6120 dictos
1100 6055 1280 6120 Canonicos
1303 6061 1335 6117 ct
1359 6053 1477 6117 dictam
1501 6053 1694 6119 Jacobinam
1718 6053 1803 6117 dicta
1825 6054 1921 6118 vinca
1944 6053 1984 6117 de
2009 6053 2080 6118 Orti
2104 6055 2149 6117 ita
2173 6054 2346 6137 dividatur,
2367 6054 2467 6118 silicet

650 6164 736 6251 quod
759 6185 952 6251 unaqueque
977 6185 1053 6250 pars
1076 6163 1197 6227 habeat
1220 6161 1402 6247 irrgressum
1426 6182 1483 6225 sen
1506 6167 1633 6248 portam
1656 6167 1689 6224 et
1713 6166 1848 6225 stratam
1871 6161 1953 6224 sicut
1981 6159 2155 6246 aliquando
2183 6183 2254 6226 esse
2285 6162 2464 6243 consuevit3

648 6281 681 6338 et
706 6273 791 6360 quod
815 6274 897 6338 dixit
921 6273 1079 6338 devince
1103 6293 1162 6335 sua
1186 6271 1225 6335 de
1251 6271 1337 6354 Orti,
1364 6271 1435 6334 rult
1458 6269 1543 6356 quod
1571 6269 1690 6334 habeat
1712 6270 1818 6334 locum
1843 6279 1915 6355 post
1938 6276 2074 6334 mortem
2097 6271 2199 6357 patris
2223 6278 2255 6335 et
2277 6271 2389 6334 matris
2412 6291 2466 6333 sue

647 6381 876 6469 predictorum,
894 6381 1010 6467 quibus
1034 6379 1166 6465 reliquit
1189 6378 1425 6443 usumfructum
1448 6378 1551 6442 tocius
1574 6377 1658 6442 dicte
1682 6378 1776 6442 vinee
1800 6384 1867 6442 toto
1890 6384 2034 6463 tempore
2057 6379 2122 6442 vite
2146 6378 2299 6464 ipsorum.
2316 6377 2399 6443 Item
2419 6399 2465 6441 re·

647 6490 741 6577 liquit
766 6489 876 6553 dec-em
901 6489 1000 6553 libras
1024 6489 1267 6552 bononenorum
1291 6486 1425 6568 dandas,
1449 6484 1639 6549 dividendas
1663 6485 1746 6549 inter
1768 6507 1928 6572 pauperes
1952 6487 2091 6550 civitatis
2114 6485 2241 6568 Ymole,
2262 6493 2357 6572 prout
2381 6485 2465 6550 vide·
