<?xml version="1.0" encoding="UTF-8"?>
<!DOCTYPE html PUBLIC "-//W3C//DTD XHTML 1.0 Transitional//EN"
    "http://www.w3.org/TR/xhtml1/DTD/xhtml1-transitional.dtd">
<html xmlns="http://www.w3.org/1999/xhtml" xml:lang="en" lang="en">
 <head>
  <title>
</title>
<meta http-equiv="Content-Type" content="text/html;charset=utf-8" />
  <meta name='ocr-system' content='tesseract 3.04.00' />
  <meta name='ocr-capabilities' content='ocr_page ocr_carea ocr_par ocr_line ocrx_word'/>
</head>
<body>
  <div class='ocr_page' id='page_1' title='image "./declarisarchigy01albigoog_0026.png"; bbox 0 0 5492 7750; ppageno 0'>
   <div class='ocr_carea' id='block_1_1' title="bbox 581 554 1602 624">
    <p class='ocr_par' dir='ltr' id='par_1_1' title="bbox 581 554 1602 624">
     <span class='ocr_line' id='line_1_1' title="bbox 581 554 1602 624; baseline 0 -2"><span class='ocrx_word' id='word_1_1' title='bbox 581 554 627 624; x_wconf 89' lang='grc'>16</span> <span class='ocrx_word' id='word_1_2' title='bbox 1362 573 1602 622; x_wconf 79' lang='lat' dir='ltr'>nrouunsnna</span> 
     </span>
    </p>
   </div>
   <div class='ocr_carea' id='block_1_2' title="bbox 570 721 2391 3610">
    <p class='ocr_par' dir='ltr' id='par_1_2' title="bbox 570 721 2391 3610">
     <span class='ocr_line' id='line_1_2' title="bbox 572 721 2389 814; baseline 0.001 -23"><span class='ocrx_word' id='word_1_3' title='bbox 572 729 757 814; x_wconf 86' lang='lat' dir='ltr'>juramento</span> <span class='ocrx_word' id='word_1_4' title='bbox 773 736 926 814; x_wconf 74' lang='lat' dir='ltr'>ponatur,</span> <span class='ocrx_word' id='word_1_5' title='bbox 944 726 1103 808; x_wconf 87' lang='lat' dir='ltr'>videlieet,</span> <span class='ocrx_word' id='word_1_6' title='bbox 1117 727 1202 812; x_wconf 91' lang='lat' dir='ltr'>quod</span> <span class='ocrx_word' id='word_1_7' title='bbox 1220 748 1282 790; x_wconf 91' lang='lat' dir='ltr'>uon</span> <span class='ocrx_word' id='word_1_8' title='bbox 1300 725 1422 790; x_wconf 89' lang='lat' dir='ltr'>dabunt</span> <span class='ocrx_word' id='word_1_9' title='bbox 1439 721 1571 813; x_wconf 76' lang='lat' dir='ltr'>op&#39;cram</span> <span class='ocrx_word' id='word_1_10' title='bbox 1588 735 1621 790; x_wconf 96' lang='lat' dir='ltr'>ut</span> <span class='ocrx_word' id='word_1_11' title='bbox 1636 727 1783 791; x_wconf 85' lang='lat' dir='ltr'>Studium</span> <span class='ocrx_word' id='word_1_12' title='bbox 1800 727 1841 790; x_wconf 89' lang='lat' dir='ltr'>ad</span> <span class='ocrx_word' id='word_1_13' title='bbox 1857 726 1964 791; x_wconf 91' lang='lat' dir='ltr'>locum</span> <span class='ocrx_word' id='word_1_14' title='bbox 1980 727 2079 790; x_wconf 90' lang='lat' dir='ltr'>alium</span> <span class='ocrx_word' id='word_1_15' title='bbox 2092 727 2316 810; x_wconf 77' lang='lat' dir='ltr'>transferatur,</span> <span class='ocrx_word' id='word_1_16' title='bbox 2330 749 2389 792; x_wconf 89' lang='lat' dir='ltr'>nee</span> 
     </span>
     <span class='ocr_line' id='line_1_3' title="bbox 576 833 2391 921; baseline -0.001 -22"><span class='ocrx_word' id='word_1_17' title='bbox 576 837 726 921; x_wconf 87' lang='lat' dir='ltr'>cuiquam</span> <span class='ocrx_word' id='word_1_18' title='bbox 747 835 887 901; x_wconf 81' lang='lat' dir='ltr'>scholari</span> <span class='ocrx_word' id='word_1_19' title='bbox 907 834 1085 921; x_wconf 88' lang='lat' dir='ltr'>precipient</span> <span class='ocrx_word' id='word_1_20' title='bbox 1108 842 1142 898; x_wconf 91' lang='lat' dir='ltr'>ut</span> <span class='ocrx_word' id='word_1_21' title='bbox 1166 833 1272 918; x_wconf 89' lang='lat' dir='ltr'>gratia</span> <span class='ocrx_word' id='word_1_22' title='bbox 1296 833 1394 918; x_wconf 91' lang='lat' dir='ltr'>studij</span> <span class='ocrx_word' id='word_1_23' title='bbox 1419 834 1572 898; x_wconf 78' lang='lat' dir='ltr'><strong>abscedat</strong></span> <span class='ocrx_word' id='word_1_24' title='bbox 1595 855 1614 897; x_wconf 89' lang='lat' dir='ltr'>a</span> <span class='ocrx_word' id='word_1_25' title='bbox 1638 834 1767 898; x_wconf 86' lang='lat' dir='ltr'>civitate</span> <span class='ocrx_word' id='word_1_26' title='bbox 1789 834 1933 920; x_wconf 90' lang='lat' dir='ltr'>predicta</span> <span class='ocrx_word' id='word_1_27' title='bbox 1956 842 1988 898; x_wconf 89' lang='lat' dir='ltr'>et</span> <span class='ocrx_word' id='word_1_28' title='bbox 2012 855 2186 920; x_wconf 82' lang='lat' dir='ltr'><strong>numquam</strong></span> <span class='ocrx_word' id='word_1_29' title='bbox 2207 835 2391 919; x_wconf 89' lang='lat' dir='ltr'>hujusmodi</span> 
     </span>
     <span class='ocr_line' id='line_1_4' title="bbox 576 941 2390 1029; baseline 0.001 -23"><span class='ocrx_word' id='word_1_30' title='bbox 576 943 746 1007; x_wconf 88' lang='lat' dir='ltr'>mutabunt</span> <span class='ocrx_word' id='word_1_31' title='bbox 774 943 950 1029; x_wconf 89' lang='lat' dir='ltr'>capitulum</span> <span class='ocrx_word' id='word_1_32' title='bbox 975 942 1204 1006; x_wconf 87' lang='lat' dir='ltr'>cumconsilio</span> <span class='ocrx_word' id='word_1_33' title='bbox 1232 942 1284 1006; x_wconf 87' lang='lat' dir='ltr'>vel</span> <span class='ocrx_word' id='word_1_34' title='bbox 1309 941 1376 1005; x_wconf 88' lang='lat' dir='ltr'>sine</span> <span class='ocrx_word' id='word_1_35' title='bbox 1401 941 1533 1005; x_wconf 89' lang='lat' dir='ltr'>oonsilio</span> <span class='ocrx_word' id='word_1_36' title='bbox 1558 941 1760 1022; x_wconf 82' lang='lat' dir='ltr'>eorumdem3</span> <span class='ocrx_word' id='word_1_37' title='bbox 1785 941 1873 1006; x_wconf 87' lang='lat' dir='ltr'>acsi</span> <span class='ocrx_word' id='word_1_38' title='bbox 1897 941 2013 1026; x_wconf 89' lang='lat' dir='ltr'>aliquis</span> <span class='ocrx_word' id='word_1_39' title='bbox 2037 941 2271 1024; x_wconf 81' lang='lat' dir='ltr'>contrafecerit,</span> <span class='ocrx_word' id='word_1_40' title='bbox 2295 943 2390 1009; x_wconf 90' lang='lat' dir='ltr'>modo</span> 
     </span>
     <span class='ocr_line' id='line_1_5' title="bbox 576 1049 2390 1136; baseline 0 -22"><span class='ocrx_word' id='word_1_41' title='bbox 576 1051 672 1115; x_wconf 83' lang='lat' dir='ltr'>simili</span> <span class='ocrx_word' id='word_1_42' title='bbox 696 1051 868 1115; x_wconf 82' lang='lat' dir='ltr'>banniatur</span> <span class='ocrx_word' id='word_1_43' title='bbox 891 1058 924 1114; x_wconf 91' lang='lat' dir='ltr'>et</span> <span class='ocrx_word' id='word_1_44' title='bbox 946 1051 1032 1114; x_wconf 90' lang='lat' dir='ltr'>bona</span> <span class='ocrx_word' id='word_1_45' title='bbox 1056 1049 1259 1136; x_wconf 88' lang='lat' dir='ltr'>publicentur</span> <span class='ocrx_word' id='word_1_46' title='bbox 1283 1049 1393 1136; x_wconf 91' lang='lat' dir='ltr'>ipsius.</span> <span class='ocrx_word' id='word_1_47' title='bbox 1417 1049 1566 1113; x_wconf 90' lang='lat' dir='ltr'>Potestas</span> <span class='ocrx_word' id='word_1_48' title='bbox 1591 1071 1717 1135; x_wconf 90' lang='lat' dir='ltr'>quoque</span> <span class='ocrx_word' id='word_1_49' title='bbox 1741 1049 1826 1114; x_wconf 89' lang='lat' dir='ltr'>infra</span> <span class='ocrx_word' id='word_1_50' title='bbox 1849 1049 1928 1114; x_wconf 91' lang='lat' dir='ltr'>duos</span> <span class='ocrx_word' id='word_1_51' title='bbox 1953 1071 2078 1114; x_wconf 87' lang='lat' dir='ltr'>menses</span> <span class='ocrx_word' id='word_1_52' title='bbox 2102 1051 2143 1114; x_wconf 91' lang='lat' dir='ltr'>ab</span> <span class='ocrx_word' id='word_1_53' title='bbox 2168 1051 2316 1136; x_wconf 89' lang='lat' dir='ltr'>ingressu</span> <span class='ocrx_word' id='word_1_54' title='bbox 2340 1052 2390 1116; x_wconf 89' lang='lat' dir='ltr'>sui</span> 
     </span>
     <span class='ocr_line' id='line_1_6' title="bbox 576 1156 2390 1244; baseline 0 -22"><span class='ocrx_word' id='word_1_55' title='bbox 576 1159 740 1244; x_wconf 84' lang='lat' dir='ltr'>regiminis</span> <span class='ocrx_word' id='word_1_56' title='bbox 763 1165 912 1222; x_wconf 89' lang='lat' dir='ltr'>teneatur</span> <span class='ocrx_word' id='word_1_57' title='bbox 935 1157 1114 1244; x_wconf 90' lang='lat' dir='ltr'>predictum</span> <span class='ocrx_word' id='word_1_58' title='bbox 1138 1157 1314 1242; x_wconf 87' lang='lat' dir='ltr'>capitulum</span> <span class='ocrx_word' id='word_1_59' title='bbox 1335 1157 1440 1241; x_wconf 91' lang='lat' dir='ltr'>jurari</span> <span class='ocrx_word' id='word_1_60' title='bbox 1463 1157 1569 1221; x_wconf 85' lang='lat' dir='ltr'>facere</span> <span class='ocrx_word' id='word_1_61' title='bbox 1594 1178 1614 1221; x_wconf 88' lang='lat' dir='ltr'>a</span> <span class='ocrx_word' id='word_1_62' title='bbox 1636 1156 1828 1222; x_wconf 86' lang='lat' dir='ltr'>Rectoribns</span> <span class='ocrx_word' id='word_1_63' title='bbox 1852 1158 2057 1240; x_wconf 82' lang='lat' dir='ltr'>scholarium,</span> <span class='ocrx_word' id='word_1_64' title='bbox 2074 1158 2101 1222; x_wconf 93' lang='lat' dir='ltr'>si</span> <span class='ocrx_word' id='word_1_65' title='bbox 2118 1159 2171 1244; x_wconf 94' lang='lat' dir='ltr'>qui</span> <span class='ocrx_word' id='word_1_66' title='bbox 2191 1158 2320 1242; x_wconf 86' lang='lat' dir='ltr'>fuerint,</span> <span class='ocrx_word' id='word_1_67' title='bbox 2337 1159 2390 1223; x_wconf 91' lang='lat' dir='ltr'>vel</span> 
     </span>
     <span class='ocr_line' id='line_1_7' title="bbox 575 1264 2387 1354; baseline 0.001 -25"><span class='ocrx_word' id='word_1_68' title='bbox 575 1265 660 1329; x_wconf 89' lang='lat' dir='ltr'>infra</span> <span class='ocrx_word' id='word_1_69' title='bbox 683 1265 865 1352; x_wconf 90' lang='lat' dir='ltr'>quindecim</span> <span class='ocrx_word' id='word_1_70' title='bbox 888 1265 956 1330; x_wconf 91' lang='lat' dir='ltr'>dies</span> <span class='ocrx_word' id='word_1_71' title='bbox 980 1287 1106 1351; x_wconf 88' lang='lat' dir='ltr'>exque</span> <span class='ocrx_word' id='word_1_72' title='bbox 1129 1264 1296 1330; x_wconf 87' lang='lat' dir='ltr'>extiterint</span> <span class='ocrx_word' id='word_1_73' title='bbox 1319 1274 1459 1330; x_wconf 86' lang='lat' dir='ltr'>rectores</span> <span class='ocrx_word' id='word_1_74' title='bbox 1482 1265 1577 1330; x_wconf 83' lang='lat' dir='ltr'>electi</span> <span class='ocrx_word' id='word_1_75' title='bbox 1599 1272 1632 1330; x_wconf 92' lang='lat' dir='ltr'>et</span> <span class='ocrx_word' id='word_1_76' title='bbox 1655 1266 1687 1330; x_wconf 94' lang='lat' dir='ltr'>in</span> <span class='ocrx_word' id='word_1_77' title='bbox 1712 1267 1901 1331; x_wconf 87' lang='lat' dir='ltr'>societatum</span> <span class='ocrx_word' id='word_1_78' title='bbox 1925 1267 2120 1331; x_wconf 86' lang='lat' dir='ltr'>scholarium</span> <span class='ocrx_word' id='word_1_79' title='bbox 2144 1267 2271 1353; x_wconf 88' lang='lat' dir='ltr'>scriptis</span> <span class='ocrx_word' id='word_1_80' title='bbox 2296 1267 2387 1354; x_wconf 90' lang='lat' dir='ltr'>poni,</span> 
     </span>
     <span class='ocr_line' id='line_1_8' title="bbox 574 1373 2388 1460; baseline 0 -22"><span class='ocrx_word' id='word_1_81' title='bbox 574 1395 634 1438; x_wconf 89' lang='lat' dir='ltr'>nec</span> <span class='ocrx_word' id='word_1_82' title='bbox 657 1373 823 1459; x_wconf 88' lang='lat' dir='ltr'>permittat</span> <span class='ocrx_word' id='word_1_83' title='bbox 845 1373 1075 1438; x_wconf 87' lang='lat' dir='ltr'>bononiensem</span> <span class='ocrx_word' id='word_1_84' title='bbox 1100 1373 1258 1458; x_wconf 89' lang='lat' dir='ltr'>aliquem,</span> <span class='ocrx_word' id='word_1_85' title='bbox 1275 1373 1328 1437; x_wconf 94' lang='lat' dir='ltr'>vel</span> <span class='ocrx_word' id='word_1_86' title='bbox 1351 1379 1558 1456; x_wconf 90' lang='lat' dir='ltr'>extraneum,</span> <span class='ocrx_word' id='word_1_87' title='bbox 1585 1373 1646 1438; x_wconf 93' lang='lat' dir='ltr'>nisi</span> <span class='ocrx_word' id='word_1_88' title='bbox 1669 1374 1772 1459; x_wconf 92' lang='lat' dir='ltr'>primo</span> <span class='ocrx_word' id='word_1_89' title='bbox 1794 1373 1953 1457; x_wconf 87' lang='lat' dir='ltr'>juraverit</span> <span class='ocrx_word' id='word_1_90' title='bbox 1976 1374 2061 1460; x_wconf 90' lang='lat' dir='ltr'>quod</span> <span class='ocrx_word' id='word_1_91' title='bbox 2089 1396 2152 1439; x_wconf 92' lang='lat' dir='ltr'>non</span> <span class='ocrx_word' id='word_1_92' title='bbox 2179 1375 2267 1460; x_wconf 87' lang='lat' dir='ltr'>leget</span> <span class='ocrx_word' id='word_1_93' title='bbox 2293 1375 2388 1458; x_wconf 93' lang='lat' dir='ltr'>alibi,</span> 
     </span>
     <span class='ocr_line' id='line_1_9' title="bbox 574 1480 2388 1567; baseline 0.003 -23"><span class='ocrx_word' id='word_1_94' title='bbox 574 1481 866 1546; x_wconf 83' lang='lat' dir='ltr'>extraordinariam</span> <span class='ocrx_word' id='word_1_95' title='bbox 888 1481 1030 1567; x_wconf 87' lang='lat' dir='ltr'>aliquam</span> <span class='ocrx_word' id='word_1_96' title='bbox 1055 1481 1163 1566; x_wconf 87' lang='lat' dir='ltr'>legere</span> <span class='ocrx_word' id='word_1_97' title='bbox 1188 1481 1367 1546; x_wconf 89' lang='lat' dir='ltr'>lectionem.</span> <span class='ocrx_word' id='word_1_98' title='bbox 1384 1480 1479 1546; x_wconf 90' lang='lat' dir='ltr'>Unde</span> <span class='ocrx_word' id='word_1_99' title='bbox 1502 1502 1544 1544; x_wconf 92' lang='lat' dir='ltr'>ex</span> <span class='ocrx_word' id='word_1_100' title='bbox 1567 1481 1607 1566; x_wconf 86' lang='lat' dir='ltr'>ijs</span> <span class='ocrx_word' id='word_1_101' title='bbox 1631 1481 1766 1545; x_wconf 87' lang='lat' dir='ltr'>dilectus</span> <span class='ocrx_word' id='word_1_102' title='bbox 1789 1481 1874 1545; x_wconf 90' lang='lat' dir='ltr'>filius</span> <span class='ocrx_word' id='word_1_103' title='bbox 1898 1482 2013 1546; x_wconf 92' lang='lat' dir='ltr'>nobilis</span> <span class='ocrx_word' id='word_1_104' title='bbox 2041 1483 2090 1546; x_wconf 93' lang='lat' dir='ltr'>vir</span> <span class='ocrx_word' id='word_1_105' title='bbox 2113 1482 2324 1566; x_wconf 90' lang='lat' dir='ltr'>W[ilielmns]</span> <span class='ocrx_word' id='word_1_106' title='bbox 2348 1485 2388 1549; x_wconf 93' lang='lat' dir='ltr'>de</span> 
     </span>
     <span class='ocr_line' id='line_1_10' title="bbox 572 1587 2388 1676; baseline 0.002 -23"><span class='ocrx_word' id='word_1_107' title='bbox 572 1587 733 1672; x_wconf 91' lang='lat' dir='ltr'>Pusterla,</span> <span class='ocrx_word' id='word_1_108' title='bbox 750 1589 899 1653; x_wconf 82' lang='lat' dir='ltr'>Potestas</span> <span class='ocrx_word' id='word_1_109' title='bbox 916 1596 1034 1672; x_wconf 88' lang='lat' dir='ltr'>vestra,</span> <span class='ocrx_word' id='word_1_110' title='bbox 1052 1588 1219 1653; x_wconf 86' lang='lat' dir='ltr'>occasione</span> <span class='ocrx_word' id='word_1_111' title='bbox 1244 1595 1418 1674; x_wconf 89' lang='lat' dir='ltr'>assumpta,</span> <span class='ocrx_word' id='word_1_112' title='bbox 1436 1588 1469 1651; x_wconf 90' lang='lat' dir='ltr'>in</span> <span class='ocrx_word' id='word_1_113' title='bbox 1485 1609 1540 1653; x_wconf 87' lang='lat' dir='ltr'>eos</span> <span class='ocrx_word' id='word_1_114' title='bbox 1556 1587 1732 1653; x_wconf 88' lang='lat' dir='ltr'>indebitam</span> <span class='ocrx_word' id='word_1_115' title='bbox 1746 1587 2002 1673; x_wconf 87' lang='lat' dir='ltr'>jurisdictionem</span> <span class='ocrx_word' id='word_1_116' title='bbox 2018 1611 2188 1676; x_wconf 89' lang='lat' dir='ltr'>usurpans,</span> <span class='ocrx_word' id='word_1_117' title='bbox 2205 1590 2388 1657; x_wconf 91' lang='lat' dir='ltr'>libertatem</span> 
     </span>
     <span class='ocr_line' id='line_1_11' title="bbox 573 1695 2387 1783; baseline 0.002 -23"><span class='ocrx_word' id='word_1_118' title='bbox 573 1696 716 1783; x_wconf 89' lang='lat' dir='ltr'>ipsorum</span> <span class='ocrx_word' id='word_1_119' title='bbox 739 1695 916 1782; x_wconf 85' lang='lat' dir='ltr'>infringere</span> <span class='ocrx_word' id='word_1_120' title='bbox 939 1696 1051 1760; x_wconf 91' lang='lat' dir='ltr'>nititur</span> <span class='ocrx_word' id='word_1_121' title='bbox 1075 1703 1107 1760; x_wconf 89' lang='lat' dir='ltr'>et</span> <span class='ocrx_word' id='word_1_122' title='bbox 1128 1703 1239 1761; x_wconf 90' lang='lat' dir='ltr'>eontra</span> <span class='ocrx_word' id='word_1_123' title='bbox 1255 1695 1411 1778; x_wconf 90' lang='lat' dir='ltr'>eamdem,</span> <span class='ocrx_word' id='word_1_124' title='bbox 1428 1701 1578 1782; x_wconf 86' lang='lat' dir='ltr'>pretextu</span> <span class='ocrx_word' id='word_1_125' title='bbox 1595 1696 1737 1781; x_wconf 91' lang='lat' dir='ltr'>ipsorum</span> <span class='ocrx_word' id='word_1_126' title='bbox 1752 1717 1810 1781; x_wconf 93' lang='lat' dir='ltr'>pro</span> <span class='ocrx_word' id='word_1_127' title='bbox 1827 1716 1963 1781; x_wconf 90' lang='lat' dir='ltr'>qnorum</span> <span class='ocrx_word' id='word_1_128' title='bbox 1979 1697 2204 1762; x_wconf 87' lang='lat' dir='ltr'>observatione</span> <span class='ocrx_word' id='word_1_129' title='bbox 2222 1700 2337 1764; x_wconf 88' lang='lat' dir='ltr'>asserit</span> <span class='ocrx_word' id='word_1_130' title='bbox 2353 1721 2387 1764; x_wconf 89' lang='lat' dir='ltr'>ss</span> 
     </span>
     <span class='ocr_line' id='line_1_12' title="bbox 570 1801 2387 1892; baseline 0.002 -24"><span class='ocrx_word' id='word_1_131' title='bbox 570 1805 708 1890; x_wconf 89' lang='lat' dir='ltr'>jurasse,</span> <span class='ocrx_word' id='word_1_132' title='bbox 725 1805 797 1869; x_wconf 92' lang='lat' dir='ltr'>illos</span> <span class='ocrx_word' id='word_1_133' title='bbox 817 1805 849 1868; x_wconf 94' lang='lat' dir='ltr'>in</span> <span class='ocrx_word' id='word_1_134' title='bbox 866 1804 1011 1890; x_wconf 90' lang='lat' dir='ltr'>pluribus</span> <span class='ocrx_word' id='word_1_135' title='bbox 1028 1823 1220 1888; x_wconf 89' lang='lat' dir='ltr'>aggravare.</span> <span class='ocrx_word' id='word_1_136' title='bbox 1237 1801 1360 1868; x_wconf 86' lang='lat' dir='ltr'>Verum</span> <span class='ocrx_word' id='word_1_137' title='bbox 1377 1803 1453 1888; x_wconf 88' lang='lat' dir='ltr'>quia</span> <span class='ocrx_word' id='word_1_138' title='bbox 1474 1803 1603 1867; x_wconf 84' lang='lat' dir='ltr'>Statuta</span> <span class='ocrx_word' id='word_1_139' title='bbox 1622 1803 1806 1888; x_wconf 91' lang='lat' dir='ltr'>hujusmodi</span> <span class='ocrx_word' id='word_1_140' title='bbox 1822 1803 2036 1889; x_wconf 89' lang='lat' dir='ltr'>proculdubio</span> <span class='ocrx_word' id='word_1_141' title='bbox 2053 1813 2128 1869; x_wconf 90' lang='lat' dir='ltr'>sunt</span> <span class='ocrx_word' id='word_1_142' title='bbox 2144 1805 2255 1892; x_wconf 91' lang='lat' dir='ltr'>iniqua</span> <span class='ocrx_word' id='word_1_143' title='bbox 2271 1814 2303 1872; x_wconf 91' lang='lat' dir='ltr'>et</span> <span class='ocrx_word' id='word_1_144' title='bbox 2320 1829 2387 1872; x_wconf 89' lang='lat' dir='ltr'>ma·</span> 
     </span>
     <span class='ocr_line' id='line_1_13' title="bbox 573 1910 2386 2000; baseline 0.003 -24"><span class='ocrx_word' id='word_1_145' title='bbox 573 1911 688 1977; x_wconf 82' lang='lat' dir='ltr'>niieste</span> <span class='ocrx_word' id='word_1_146' title='bbox 705 1912 837 1976; x_wconf 87' lang='lat' dir='ltr'>obviant</span> <span class='ocrx_word' id='word_1_147' title='bbox 859 1911 1049 1976; x_wconf 90' lang='lat' dir='ltr'>scholastice</span> <span class='ocrx_word' id='word_1_148' title='bbox 1075 1911 1225 1992; x_wconf 86' lang='lat' dir='ltr'>libertati,</span> <span class='ocrx_word' id='word_1_149' title='bbox 1243 1917 1275 1974; x_wconf 91' lang='lat' dir='ltr'>et</span> <span class='ocrx_word' id='word_1_150' title='bbox 1288 1911 1508 1995; x_wconf 88' lang='lat' dir='ltr'>juramentum</span> <span class='ocrx_word' id='word_1_151' title='bbox 1524 1932 1620 1996; x_wconf 91' lang='lat' dir='ltr'>super</span> <span class='ocrx_word' id='word_1_152' title='bbox 1637 1911 1860 1974; x_wconf 83' lang='lat' dir='ltr'>observatione</span> <span class='ocrx_word' id='word_1_153' title='bbox 1878 1910 2020 1996; x_wconf 93' lang='lat' dir='ltr'>ipsorum</span> <span class='ocrx_word' id='word_1_154' title='bbox 2037 1913 2207 1998; x_wconf 88' lang='lat' dir='ltr'>prestitum</span> <span class='ocrx_word' id='word_1_155' title='bbox 2223 1936 2287 1980; x_wconf 94' lang='lat' dir='ltr'>non</span> <span class='ocrx_word' id='word_1_156' title='bbox 2304 1937 2386 2000; x_wconf 91' lang='lat' dir='ltr'>esse,</span> 
     </span>
     <span class='ocr_line' id='line_1_14' title="bbox 571 2018 2386 2107; baseline 0.003 -22"><span class='ocrx_word' id='word_1_157' title='bbox 571 2027 682 2107; x_wconf 88' lang='lat' dir='ltr'>utpote</span> <span class='ocrx_word' id='word_1_158' title='bbox 705 2021 863 2103; x_wconf 85' lang='lat' dir='ltr'>illicitum,</span> <span class='ocrx_word' id='word_1_159' title='bbox 880 2019 1129 2103; x_wconf 86' lang='lat' dir='ltr'>observandum,</span> <span class='ocrx_word' id='word_1_160' title='bbox 1147 2041 1219 2084; x_wconf 92' lang='lat' dir='ltr'>cum</span> <span class='ocrx_word' id='word_1_161' title='bbox 1242 2041 1300 2083; x_wconf 91' lang='lat' dir='ltr'>nec</span> <span class='ocrx_word' id='word_1_162' title='bbox 1321 2019 1478 2103; x_wconf 88' lang='lat' dir='ltr'>judicium</span> <span class='ocrx_word' id='word_1_163' title='bbox 1494 2019 1623 2101; x_wconf 87' lang='lat' dir='ltr'>habeat,</span> <span class='ocrx_word' id='word_1_164' title='bbox 1641 2039 1699 2082; x_wconf 89' lang='lat' dir='ltr'>nec</span> <span class='ocrx_word' id='word_1_165' title='bbox 1712 2018 1883 2103; x_wconf 90' lang='lat' dir='ltr'>justitiam,</span> <span class='ocrx_word' id='word_1_166' title='bbox 1901 2019 2049 2084; x_wconf 90' lang='lat' dir='ltr'>eumdem</span> <span class='ocrx_word' id='word_1_167' title='bbox 2071 2020 2301 2106; x_wconf 89' lang='lat' dir='ltr'>W[ilielmum]</span> <span class='ocrx_word' id='word_1_168' title='bbox 2318 2046 2386 2090; x_wconf 91' lang='lat' dir='ltr'>mo·</span> 
     </span>
     <span class='ocr_line' id='line_1_15' title="bbox 573 2126 2386 2216; baseline 0.002 -24"><span class='ocrx_word' id='word_1_169' title='bbox 573 2128 714 2193; x_wconf 88' lang='lat' dir='ltr'>nendum</span> <span class='ocrx_word' id='word_1_170' title='bbox 733 2126 884 2192; x_wconf 84' lang='lat' dir='ltr'>duximus</span> <span class='ocrx_word' id='word_1_171' title='bbox 908 2134 940 2192; x_wconf 90' lang='lat' dir='ltr'>et</span> <span class='ocrx_word' id='word_1_172' title='bbox 964 2128 1167 2209; x_wconf 89' lang='lat' dir='ltr'>hortandum,</span> <span class='ocrx_word' id='word_1_173' title='bbox 1185 2127 1369 2212; x_wconf 88' lang='lat' dir='ltr'>apostolicis</span> <span class='ocrx_word' id='word_1_174' title='bbox 1393 2127 1454 2191; x_wconf 90' lang='lat' dir='ltr'>sibi</span> <span class='ocrx_word' id='word_1_175' title='bbox 1479 2126 1591 2190; x_wconf 87' lang='lat' dir='ltr'>dantes</span> <span class='ocrx_word' id='word_1_176' title='bbox 1615 2127 1716 2191; x_wconf 88' lang='lat' dir='ltr'>literis</span> <span class='ocrx_word' id='word_1_177' title='bbox 1740 2127 1772 2191; x_wconf 96' lang='lat' dir='ltr'>in</span> <span class='ocrx_word' id='word_1_178' title='bbox 1794 2127 1963 2214; x_wconf 88' lang='lat' dir='ltr'>preceptis,</span> <span class='ocrx_word' id='word_1_179' title='bbox 1980 2136 2016 2191; x_wconf 92' lang='lat' dir='ltr'>ut</span> <span class='ocrx_word' id='word_1_180' title='bbox 2039 2128 2202 2194; x_wconf 89' lang='lat' dir='ltr'>scholares</span> <span class='ocrx_word' id='word_1_181' title='bbox 2225 2131 2386 2216; x_wconf 89' lang='lat' dir='ltr'>predictos</span> 
     </span>
     <span class='ocr_line' id='line_1_16' title="bbox 572 2233 2385 2322; baseline 0.002 -20"><span class='ocrx_word' id='word_1_182' title='bbox 572 2233 684 2302; x_wconf 85' lang='lat' dir='ltr'>contra</span> <span class='ocrx_word' id='word_1_183' title='bbox 706 2235 890 2301; x_wconf 88' lang='lat' dir='ltr'>libertatem</span> <span class='ocrx_word' id='word_1_184' title='bbox 913 2237 1069 2302; x_wconf 89' lang='lat' dir='ltr'>hactenus</span> <span class='ocrx_word' id='word_1_185' title='bbox 1088 2236 1234 2300; x_wconf 88' lang='lat' dir='ltr'>habitam</span> <span class='ocrx_word' id='word_1_186' title='bbox 1255 2235 1421 2299; x_wconf 87' lang='lat' dir='ltr'>occasione</span> <span class='ocrx_word' id='word_1_187' title='bbox 1439 2235 1640 2300; x_wconf 85' lang='lat' dir='ltr'>Statutorum</span> <span class='ocrx_word' id='word_1_188' title='bbox 1657 2236 1808 2321; x_wconf 91' lang='lat' dir='ltr'>ipsorum,</span> <span class='ocrx_word' id='word_1_189' title='bbox 1827 2257 1888 2322; x_wconf 92' lang='lat' dir='ltr'>que</span> <span class='ocrx_word' id='word_1_190' title='bbox 1913 2235 2001 2300; x_wconf 90' lang='lat' dir='ltr'>velut</span> <span class='ocrx_word' id='word_1_191' title='bbox 2024 2236 2136 2322; x_wconf 93' lang='lat' dir='ltr'>iniqua</span> <span class='ocrx_word' id='word_1_192' title='bbox 2159 2236 2310 2304; x_wconf 90' lang='lat' dir='ltr'>duximus</span> <span class='ocrx_word' id='word_1_193' title='bbox 2334 2262 2385 2305; x_wconf 87' lang='lat' dir='ltr'>ro·</span> 
     </span>
     <span class='ocr_line' id='line_1_17' title="bbox 571 2341 2387 2430; baseline 0.003 -23"><span class='ocrx_word' id='word_1_194' title='bbox 571 2343 756 2430; x_wconf 90' lang='lat' dir='ltr'>probanda,</span> <span class='ocrx_word' id='word_1_195' title='bbox 781 2342 820 2408; x_wconf 90' lang='lat' dir='ltr'>de</span> <span class='ocrx_word' id='word_1_196' title='bbox 844 2350 950 2409; x_wconf 89' lang='lat' dir='ltr'>cetero</span> <span class='ocrx_word' id='word_1_197' title='bbox 979 2365 1044 2408; x_wconf 93' lang='lat' dir='ltr'>non</span> <span class='ocrx_word' id='word_1_198' title='bbox 1076 2343 1223 2407; x_wconf 88' lang='lat' dir='ltr'>molestet</span> <span class='ocrx_word' id='word_1_199' title='bbox 1254 2342 1436 2406; x_wconf 89' lang='lat' dir='ltr'>libertatem</span> <span class='ocrx_word' id='word_1_200' title='bbox 1464 2341 1610 2406; x_wconf 83' lang='lat' dir='ltr'>eamdem</span> <span class='ocrx_word' id='word_1_201' title='bbox 1640 2342 1734 2407; x_wconf 92' lang='lat' dir='ltr'>modo</span> <span class='ocrx_word' id='word_1_202' title='bbox 1767 2344 1910 2428; x_wconf 88' lang='lat' dir='ltr'>quolibet</span> <span class='ocrx_word' id='word_1_203' title='bbox 1934 2343 2155 2430; x_wconf 78' lang='lat' dir='ltr'>infringendo,</span> <span class='ocrx_word' id='word_1_204' title='bbox 2181 2353 2216 2409; x_wconf 93' lang='lat' dir='ltr'>ut</span> <span class='ocrx_word' id='word_1_205' title='bbox 2244 2347 2387 2413; x_wconf 90' lang='lat' dir='ltr'>studium</span> 
     </span>
     <span class='ocr_line' id='line_1_18' title="bbox 572 2448 2386 2537; baseline 0.002 -21"><span class='ocrx_word' id='word_1_206' title='bbox 572 2472 683 2516; x_wconf 89' lang='lat' dir='ltr'>eorum</span> <span class='ocrx_word' id='word_1_207' title='bbox 707 2450 855 2537; x_wconf 91' lang='lat' dir='ltr'>impediri</span> <span class='ocrx_word' id='word_1_208' title='bbox 878 2472 941 2516; x_wconf 90' lang='lat' dir='ltr'>non</span> <span class='ocrx_word' id='word_1_209' title='bbox 966 2451 1080 2537; x_wconf 82' lang='lat' dir='ltr'>possit,</span> <span class='ocrx_word' id='word_1_210' title='bbox 1098 2449 1155 2514; x_wconf 86' lang='lat' dir='ltr'>sed</span> <span class='ocrx_word' id='word_1_211' title='bbox 1178 2449 1284 2535; x_wconf 89' lang='lat' dir='ltr'>potius</span> <span class='ocrx_word' id='word_1_212' title='bbox 1307 2450 1420 2514; x_wconf 88' lang='lat' dir='ltr'>floreat</span> <span class='ocrx_word' id='word_1_213' title='bbox 1443 2449 1484 2513; x_wconf 90' lang='lat' dir='ltr'>ad</span> <span class='ocrx_word' id='word_1_214' title='bbox 1508 2448 1568 2513; x_wconf 89' lang='lat' dir='ltr'>Dei</span> <span class='ocrx_word' id='word_1_215' title='bbox 1592 2449 1747 2514; x_wconf 91' lang='lat' dir='ltr'>honorem</span> <span class='ocrx_word' id='word_1_216' title='bbox 1767 2471 1804 2514; x_wconf 93' lang='lat' dir='ltr'>ao</span> <span class='ocrx_word' id='word_1_217' title='bbox 1822 2450 2001 2536; x_wconf 86' lang='lat' dir='ltr'>profectum</span> <span class='ocrx_word' id='word_1_218' title='bbox 2017 2450 2228 2536; x_wconf 89' lang='lat' dir='ltr'>studentium,</span> <span class='ocrx_word' id='word_1_219' title='bbox 2246 2475 2305 2520; x_wconf 88' lang='lat' dir='ltr'>nec</span> <span class='ocrx_word' id='word_1_220' title='bbox 2321 2475 2386 2520; x_wconf 92' lang='lat' dir='ltr'>non</span> 
     </span>
     <span class='ocr_line' id='line_1_19' title="bbox 573 2556 2385 2647; baseline 0.002 -25"><span class='ocrx_word' id='word_1_221' title='bbox 573 2559 614 2622; x_wconf 91' lang='lat' dir='ltr'>ad</span> <span class='ocrx_word' id='word_1_222' title='bbox 637 2559 737 2645; x_wconf 88' lang='lat' dir='ltr'>ipsius</span> <span class='ocrx_word' id='word_1_223' title='bbox 761 2559 898 2644; x_wconf 87' lang='lat' dir='ltr'>gloriam</span> <span class='ocrx_word' id='word_1_224' title='bbox 923 2558 1071 2640; x_wconf 86' lang='lat' dir='ltr'>civitatis,</span> <span class='ocrx_word' id='word_1_225' title='bbox 1089 2579 1129 2621; x_wconf 90' lang='lat' dir='ltr'>ne</span> <span class='ocrx_word' id='word_1_226' title='bbox 1153 2558 1180 2621; x_wconf 89' lang='lat' dir='ltr'>si</span> <span class='ocrx_word' id='word_1_227' title='bbox 1202 2579 1294 2621; x_wconf 89' lang='lat' dir='ltr'>secus</span> <span class='ocrx_word' id='word_1_228' title='bbox 1311 2564 1470 2621; x_wconf 89' lang='lat' dir='ltr'>attentare</span> <span class='ocrx_word' id='word_1_229' title='bbox 1487 2557 1727 2642; x_wconf 88' lang='lat' dir='ltr'>presumpserit,</span> <span class='ocrx_word' id='word_1_230' title='bbox 1744 2556 1812 2622; x_wconf 88' lang='lat' dir='ltr'>Nos</span> <span class='ocrx_word' id='word_1_231' title='bbox 1829 2579 1926 2644; x_wconf 90' lang='lat' dir='ltr'>super</span> <span class='ocrx_word' id='word_1_232' title='bbox 1941 2559 2001 2623; x_wconf 91' lang='lat' dir='ltr'>hoe</span> <span class='ocrx_word' id='word_1_233' title='bbox 2018 2580 2173 2644; x_wconf 85' lang='lat' dir='ltr'>cogamur</span> <span class='ocrx_word' id='word_1_234' title='bbox 2189 2561 2274 2625; x_wconf 90' lang='lat' dir='ltr'>aliud</span> <span class='ocrx_word' id='word_1_235' title='bbox 2297 2564 2385 2647; x_wconf 90' lang='lat' dir='ltr'>cogi·</span> 
     </span>
     <span class='ocr_line' id='line_1_20' title="bbox 571 2663 2385 2751; baseline 0.002 -21"><span class='ocrx_word' id='word_1_236' title='bbox 571 2672 650 2730; x_wconf 90' lang='lat' dir='ltr'>tare.</span> <span class='ocrx_word' id='word_1_237' title='bbox 668 2665 828 2740; x_wconf 87' lang='lat' dir='ltr'>Quocirca</span> <span class='ocrx_word' id='word_1_238' title='bbox 843 2665 1097 2729; x_wconf 86' lang='lat' dir='ltr'>Universitatem</span> <span class='ocrx_word' id='word_1_239' title='bbox 1113 2672 1253 2729; x_wconf 88' lang='lat' dir='ltr'>vestram</span> <span class='ocrx_word' id='word_1_240' title='bbox 1270 2685 1436 2728; x_wconf 92' lang='lat' dir='ltr'>monemus</span> <span class='ocrx_word' id='word_1_241' title='bbox 1453 2671 1484 2727; x_wconf 89' lang='lat' dir='ltr'>ct</span> <span class='ocrx_word' id='word_1_242' title='bbox 1500 2663 1709 2727; x_wconf 83' lang='lat' dir='ltr'>exhortamur</span> <span class='ocrx_word' id='word_1_243' title='bbox 1726 2671 1858 2747; x_wconf 90' lang='lat' dir='ltr'>attente,</span> <span class='ocrx_word' id='word_1_244' title='bbox 1876 2672 2045 2751; x_wconf 89' lang='lat' dir='ltr'>quatenus,</span> <span class='ocrx_word' id='word_1_245' title='bbox 2063 2666 2274 2733; x_wconf 86' lang='lat' dir='ltr'>consideratis</span> <span class='ocrx_word' id='word_1_246' title='bbox 2297 2670 2385 2734; x_wconf 91' lang='lat' dir='ltr'>utili·</span> 
     </span>
     <span class='ocr_line' id='line_1_21' title="bbox 571 2771 2385 2862; baseline 0.002 -25"><span class='ocrx_word' id='word_1_247' title='bbox 571 2774 691 2838; x_wconf 90' lang='lat' dir='ltr'>tatibus</span> <span class='ocrx_word' id='word_1_248' title='bbox 715 2773 891 2838; x_wconf 90' lang='lat' dir='ltr'>ethonore</span> <span class='ocrx_word' id='word_1_249' title='bbox 915 2795 956 2836; x_wconf 88' lang='lat' dir='ltr'>ex</span> <span class='ocrx_word' id='word_1_250' title='bbox 979 2772 1179 2836; x_wconf 87' lang='lat' dir='ltr'>scholaribus</span> <span class='ocrx_word' id='word_1_251' title='bbox 1203 2771 1294 2836; x_wconf 95' lang='lat' dir='ltr'>vobis</span> <span class='ocrx_word' id='word_1_252' title='bbox 1319 2778 1351 2834; x_wconf 89' lang='lat' dir='ltr'>et</span> <span class='ocrx_word' id='word_1_253' title='bbox 1374 2771 1497 2835; x_wconf 89' lang='lat' dir='ltr'>civitati</span> <span class='ocrx_word' id='word_1_254' title='bbox 1520 2778 1625 2836; x_wconf 88' lang='lat' dir='ltr'>vestre</span> <span class='ocrx_word' id='word_1_255' title='bbox 1650 2772 1922 2857; x_wconf 81' lang='lat' dir='ltr'>provenientibus,</span> <span class='ocrx_word' id='word_1_256' title='bbox 1941 2774 2027 2859; x_wconf 92' lang='lat' dir='ltr'>ipsos</span> <span class='ocrx_word' id='word_1_257' title='bbox 2052 2773 2218 2839; x_wconf 89' lang='lat' dir='ltr'>charitatis</span> <span class='ocrx_word' id='word_1_258' title='bbox 2242 2777 2385 2862; x_wconf 85' lang='lat' dir='ltr'>brachijs</span> 
     </span>
     <span class='ocr_line' id='line_1_22' title="bbox 572 2878 2386 2968; baseline 0.003 -24"><span class='ocrx_word' id='word_1_259' title='bbox 572 2881 801 2968; x_wconf 88' lang='lat' dir='ltr'>amplexemini</span> <span class='ocrx_word' id='word_1_260' title='bbox 818 2886 849 2944; x_wconf 88' lang='lat' dir='ltr'>et</span> <span class='ocrx_word' id='word_1_261' title='bbox 865 2887 1016 2966; x_wconf 88' lang='lat' dir='ltr'>pretextu</span> <span class='ocrx_word' id='word_1_262' title='bbox 1038 2879 1238 2943; x_wconf 85' lang='lat' dir='ltr'>Statutorum</span> <span class='ocrx_word' id='word_1_263' title='bbox 1262 2879 1412 2965; x_wconf 86' lang='lat' dir='ltr'>ipsorum,</span> <span class='ocrx_word' id='word_1_264' title='bbox 1432 2899 1493 2964; x_wconf 92' lang='lat' dir='ltr'>que</span> <span class='ocrx_word' id='word_1_265' title='bbox 1517 2878 1652 2942; x_wconf 89' lang='lat' dir='ltr'>dicenda</span> <span class='ocrx_word' id='word_1_266' title='bbox 1675 2886 1749 2943; x_wconf 93' lang='lat' dir='ltr'>sunt</span> <span class='ocrx_word' id='word_1_267' title='bbox 1773 2881 1878 2966; x_wconf 90' lang='lat' dir='ltr'>potius</span> <span class='ocrx_word' id='word_1_268' title='bbox 1896 2881 2059 2964; x_wconf 89' lang='lat' dir='ltr'>destituta,</span> <span class='ocrx_word' id='word_1_269' title='bbox 2076 2889 2188 2948; x_wconf 87' lang='lat' dir='ltr'>eontra</span> <span class='ocrx_word' id='word_1_270' title='bbox 2204 2882 2386 2949; x_wconf 88' lang='lat' dir='ltr'>libertatem</span> 
     </span>
     <span class='ocr_line' id='line_1_23' title="bbox 572 2986 2383 3074; baseline 0.002 -22"><span class='ocrx_word' id='word_1_271' title='bbox 572 2987 739 3074; x_wconf 88' lang='lat' dir='ltr'>antiquam</span> <span class='ocrx_word' id='word_1_272' title='bbox 762 2993 794 3051; x_wconf 91' lang='lat' dir='ltr'>et</span> <span class='ocrx_word' id='word_1_273' title='bbox 816 2987 962 3051; x_wconf 88' lang='lat' dir='ltr'>habitam</span> <span class='ocrx_word' id='word_1_274' title='bbox 984 2987 1151 3069; x_wconf 90' lang='lat' dir='ltr'>hactenus,</span> <span class='ocrx_word' id='word_1_275' title='bbox 1169 2987 1255 3072; x_wconf 91' lang='lat' dir='ltr'>ipsos</span> <span class='ocrx_word' id='word_1_276' title='bbox 1278 2986 1462 3050; x_wconf 89' lang='lat' dir='ltr'>nullatenus</span> <span class='ocrx_word' id='word_1_277' title='bbox 1486 2986 1672 3070; x_wconf 86' lang='lat' dir='ltr'>molestetis,</span> <span class='ocrx_word' id='word_1_278' title='bbox 1692 3008 1750 3051; x_wconf 92' lang='lat' dir='ltr'>nec</span> <span class='ocrx_word' id='word_1_279' title='bbox 1773 2986 1899 3052; x_wconf 82' lang='lat' dir='ltr'>faciatis</span> <span class='ocrx_word' id='word_1_280' title='bbox 1923 3010 1982 3074; x_wconf 92' lang='lat' dir='ltr'>per</span> <span class='ocrx_word' id='word_1_281' title='bbox 2002 2988 2202 3054; x_wconf 88' lang='lat' dir='ltr'>Potestatcm</span> <span class='ocrx_word' id='word_1_282' title='bbox 2227 2991 2383 3074; x_wconf 87' lang='lat' dir='ltr'>eamdem,</span> 
     </span>
     <span class='ocr_line' id='line_1_24' title="bbox 572 3093 2383 3183; baseline 0.003 -25"><span class='ocrx_word' id='word_1_283' title='bbox 572 3095 706 3160; x_wconf 87' lang='lat' dir='ltr'>remisso</span> <span class='ocrx_word' id='word_1_284' title='bbox 729 3095 791 3159; x_wconf 87' lang='lat' dir='ltr'>sibi</span> <span class='ocrx_word' id='word_1_285' title='bbox 812 3094 996 3178; x_wconf 87' lang='lat' dir='ltr'>juramento</span> <span class='ocrx_word' id='word_1_286' title='bbox 1021 3094 1174 3181; x_wconf 90' lang='lat' dir='ltr'>predicto,</span> <span class='ocrx_word' id='word_1_287' title='bbox 1192 3094 1232 3157; x_wconf 90' lang='lat' dir='ltr'>de</span> <span class='ocrx_word' id='word_1_288' title='bbox 1255 3101 1361 3158; x_wconf 88' lang='lat' dir='ltr'>cetero</span> <span class='ocrx_word' id='word_1_289' title='bbox 1379 3093 1552 3177; x_wconf 88' lang='lat' dir='ltr'>molestari,</span> <span class='ocrx_word' id='word_1_290' title='bbox 1569 3095 1790 3180; x_wconf 85' lang='lat' dir='ltr'>permittentes</span> <span class='ocrx_word' id='word_1_291' title='bbox 1810 3095 1939 3160; x_wconf 86' lang='lat' dir='ltr'>eosdem</span> <span class='ocrx_word' id='word_1_292' title='bbox 1956 3096 2050 3160; x_wconf 89' lang='lat' dir='ltr'>solita</span> <span class='ocrx_word' id='word_1_293' title='bbox 2066 3096 2215 3162; x_wconf 88' lang='lat' dir='ltr'>libertate</span> <span class='ocrx_word' id='word_1_294' title='bbox 2231 3099 2383 3183; x_wconf 88' lang='lat' dir='ltr'>gaudere,</span> 
     </span>
     <span class='ocr_line' id='line_1_25' title="bbox 570 3201 2384 3291; baseline 0.002 -24"><span class='ocrx_word' id='word_1_295' title='bbox 570 3211 605 3267; x_wconf 92' lang='lat' dir='ltr'>ut</span> <span class='ocrx_word' id='word_1_296' title='bbox 625 3203 733 3289; x_wconf 90' lang='lat' dir='ltr'>quieto</span> <span class='ocrx_word' id='word_1_297' title='bbox 757 3204 865 3268; x_wconf 91' lang='lat' dir='ltr'>animo</span> <span class='ocrx_word' id='word_1_298' title='bbox 888 3203 1012 3290; x_wconf 90' lang='lat' dir='ltr'>possint</span> <span class='ocrx_word' id='word_1_299' title='bbox 1035 3202 1182 3266; x_wconf 89' lang='lat' dir='ltr'>inherere</span> <span class='ocrx_word' id='word_1_300' title='bbox 1203 3201 1402 3265; x_wconf 87' lang='lat' dir='ltr'>scholasticis</span> <span class='ocrx_word' id='word_1_301' title='bbox 1426 3201 1603 3286; x_wconf 90' lang='lat' dir='ltr'>disciplinis</span> <span class='ocrx_word' id='word_1_302' title='bbox 1628 3209 1659 3266; x_wconf 90' lang='lat' dir='ltr'>et</span> <span class='ocrx_word' id='word_1_303' title='bbox 1683 3201 1750 3266; x_wconf 88' lang='lat' dir='ltr'>Nos</span> <span class='ocrx_word' id='word_1_304' title='bbox 1774 3201 1978 3267; x_wconf 92' lang='lat' dir='ltr'>devotionem</span> <span class='ocrx_word' id='word_1_305' title='bbox 2001 3209 2144 3268; x_wconf 90' lang='lat' dir='ltr'>vestram</span> <span class='ocrx_word' id='word_1_306' title='bbox 2168 3206 2327 3291; x_wconf 84' lang='lat' dir='ltr'>possimus</span> <span class='ocrx_word' id='word_1_307' title='bbox 2352 3207 2384 3270; x_wconf 95' lang='lat' dir='ltr'>in</span> 
     </span>
     <span class='ocr_line' id='line_1_26' title="bbox 570 3307 2380 3398; baseline 0.002 -24"><span class='ocrx_word' id='word_1_308' title='bbox 570 3310 709 3376; x_wconf 92' lang='lat' dir='ltr'>Domino</span> <span class='ocrx_word' id='word_1_309' title='bbox 726 3311 964 3392; x_wconf 88' lang='lat' dir='ltr'>commendare;</span> <span class='ocrx_word' id='word_1_310' title='bbox 984 3331 1022 3374; x_wconf 93' lang='lat' dir='ltr'>ne</span> <span class='ocrx_word' id='word_1_311' title='bbox 1039 3309 1067 3373; x_wconf 89' lang='lat' dir='ltr'>si</span> <span class='ocrx_word' id='word_1_312' title='bbox 1083 3330 1174 3373; x_wconf 90' lang='lat' dir='ltr'>secus</span> <span class='ocrx_word' id='word_1_313' title='bbox 1191 3309 1332 3394; x_wconf 87' lang='lat' dir='ltr'>egeritis,</span> <span class='ocrx_word' id='word_1_314' title='bbox 1350 3310 1435 3394; x_wconf 93' lang='lat' dir='ltr'>quod</span> <span class='ocrx_word' id='word_1_315' title='bbox 1451 3331 1514 3374; x_wconf 93' lang='lat' dir='ltr'>non</span> <span class='ocrx_word' id='word_1_316' title='bbox 1531 3307 1704 3392; x_wconf 88' lang='lat' dir='ltr'>credimus,</span> <span class='ocrx_word' id='word_1_317' title='bbox 1721 3317 1833 3375; x_wconf 88' lang='lat' dir='ltr'>eontra</span> <span class='ocrx_word' id='word_1_318' title='bbox 1848 3311 2047 3375; x_wconf 84' lang='lat' dir='ltr'>voluntatem</span> <span class='ocrx_word' id='word_1_319' title='bbox 2064 3319 2207 3376; x_wconf 88' lang='lat' dir='ltr'>nostram</span> <span class='ocrx_word' id='word_1_320' title='bbox 2225 3335 2380 3398; x_wconf 86' lang='lat' dir='ltr'>cogamur</span> 
     </span>
     <span class='ocr_line' id='line_1_27' title="bbox 571 3415 1358 3484; baseline -0.003 -3"><span class='ocrx_word' id='word_1_321' title='bbox 571 3416 688 3482; x_wconf 83' lang='lat' dir='ltr'>faeiem</span> <span class='ocrx_word' id='word_1_322' title='bbox 711 3423 855 3483; x_wconf 90' lang='lat' dir='ltr'>nostram</span> <span class='ocrx_word' id='word_1_323' title='bbox 877 3416 969 3481; x_wconf 90' lang='lat' dir='ltr'>vobis</span> <span class='ocrx_word' id='word_1_324' title='bbox 993 3416 1161 3480; x_wconf 90' lang='lat' dir='ltr'>ostendere</span> <span class='ocrx_word' id='word_1_325' title='bbox 1186 3415 1358 3484; x_wconf 78' lang='lat' dir='ltr'>duriorem.</span> 
     </span>
     <span class='ocr_line' id='line_1_28' title="bbox 660 3523 1923 3610; baseline -0.001 -20"><span class='ocrx_word' id='word_1_326' title='bbox 660 3525 781 3590; x_wconf 89' lang='lat' dir='ltr'>Datum</span> <span class='ocrx_word' id='word_1_327' title='bbox 803 3524 944 3610; x_wconf 85' lang='lat' dir='ltr'>Viterbij</span> <span class='ocrx_word' id='word_1_328' title='bbox 968 3524 1063 3588; x_wconf 86' lang='lat' dir='ltr'>VIII.</span> <span class='ocrx_word' id='word_1_329' title='bbox 1088 3524 1159 3588; x_wconf 89' lang='lat' dir='ltr'>idus</span> <span class='ocrx_word' id='word_1_330' title='bbox 1184 3523 1305 3610; x_wconf 89' lang='lat' dir='ltr'>aprilis,</span> <span class='ocrx_word' id='word_1_331' title='bbox 1329 3523 1540 3588; x_wconf 86' lang='lat' dir='ltr'>Pontificatus</span> <span class='ocrx_word' id='word_1_332' title='bbox 1564 3524 1663 3588; x_wconf 90' lang='lat' dir='ltr'>nostri</span> <span class='ocrx_word' id='word_1_333' title='bbox 1687 3545 1771 3588; x_wconf 87' lang='lat' dir='ltr'>anno</span> <span class='ocrx_word' id='word_1_334' title='bbox 1798 3533 1923 3609; x_wconf 90' lang='lat' dir='ltr'>quarto.</span> 
     </span>
    </p>
   </div>
   <div class='ocr_carea' id='block_1_3' title="bbox 1350 3935 1613 4234">
    <p class='ocr_par' dir='ltr' id='par_1_3' title="bbox 1350 3935 1613 4234">
     <span class='ocr_line' id='line_1_29' title="bbox 1450 3935 1508 3999; baseline 0.034 -2"><span class='ocrx_word' id='word_1_335' title='bbox 1450 3935 1508 3999; x_wconf 82' lang='lat' dir='ltr'>vr.</span> 
     </span>
     <span class='ocr_line' id='line_1_30' title="bbox 1350 4152 1613 4234; baseline 0.008 -20"><span class='ocrx_word' id='word_1_336' title='bbox 1350 4153 1450 4234; x_wconf 82' lang='lat'><strong><em>1220,</em></strong></span> <span class='ocrx_word' id='word_1_337' title='bbox 1477 4152 1518 4215; x_wconf 88' lang='lat'>13</span> <span class='ocrx_word' id='word_1_338' title='bbox 1541 4153 1613 4216; x_wconf 72' lang='lat' dir='ltr'>mat.</span> 
     </span>
    </p>
   </div>
   <div class='ocr_carea' id='block_1_4' title="bbox 859 4364 2093 4667">
    <p class='ocr_par' dir='ltr' id='par_1_4' title="bbox 859 4364 2093 4667">
     <span class='ocr_line' id='line_1_31' title="bbox 1205 4364 1749 4449; baseline 0 -19"><span class='ocrx_word' id='word_1_339' title='bbox 1205 4364 1258 4430; x_wconf 81' lang='lat' dir='ltr'>lilx</span> <span class='ocrx_word' id='word_1_340' title='bbox 1281 4365 1394 4430; x_wconf 88' lang='lat' dir='ltr'>eodem</span> <span class='ocrx_word' id='word_1_341' title='bbox 1419 4373 1518 4449; x_wconf 91' lang='lat' dir='ltr'>tomo,</span> <span class='ocrx_word' id='word_1_342' title='bbox 1544 4387 1631 4430; x_wconf 91' lang='lat' dir='ltr'>num.</span> <span class='ocrx_word' id='word_1_343' title='bbox 1656 4365 1749 4430; x_wconf 87' lang='lat' dir='ltr'>XIX.</span> 
     </span>
     <span class='ocr_line' id='line_1_32' title="bbox 859 4579 2093 4667; baseline 0.002 -22"><span class='ocrx_word' id='word_1_344' title='bbox 859 4580 930 4666; x_wconf 89' lang='lat' dir='ltr'>[Ut</span> <span class='ocrx_word' id='word_1_345' title='bbox 953 4580 1145 4646; x_wconf 76' lang='lat' dir='ltr'>baanienas</span> <span class='ocrx_word' id='word_1_346' title='bbox 1167 4581 1210 4644; x_wconf 80' lang='lat' dir='ltr'>ad</span> <span class='ocrx_word' id='word_1_347' title='bbox 1231 4580 1409 4667; x_wconf 74' lang='lat' dir='ltr'>abrogando</span> <span class='ocrx_word' id='word_1_348' title='bbox 1429 4581 1588 4664; x_wconf 82' lang='lat' dir='ltr'>praedicta</span> <span class='ocrx_word' id='word_1_349' title='bbox 1613 4579 1734 4645; x_wconf 82' lang='lat' dir='ltr'>Stotato</span> <span class='ocrx_word' id='word_1_350' title='bbox 1757 4583 1813 4645; x_wconf 83' lang='lat' dir='ltr'>cito</span> <span class='ocrx_word' id='word_1_351' title='bbox 1836 4581 2093 4666; x_wconf 81' lang='lat' dir='ltr'>cornpellontm·].</span> 
     </span>
    </p>
   </div>
   <div class='ocr_carea' id='block_1_5' title="bbox 569 4795 2383 5959">
    <p class='ocr_par' dir='ltr' id='par_1_5' title="bbox 663 4795 1572 4882">
     <span class='ocr_line' id='line_1_33' title="bbox 663 4795 1572 4882; baseline -0.004 -19"><span class='ocrx_word' id='word_1_352' title='bbox 663 4797 827 4863; x_wconf 90' lang='lat' dir='ltr'>Honorius</span> <span class='ocrx_word' id='word_1_353' title='bbox 849 4796 962 4861; x_wconf 86' lang='lat' dir='ltr'>III.(¹l</span> <span class='ocrx_word' id='word_1_354' title='bbox 985 4796 1145 4861; x_wconf 86' lang='lat' dir='ltr'>Potestati</span> <span class='ocrx_word' id='word_1_355' title='bbox 1167 4802 1200 4861; x_wconf 88' lang='lat' dir='ltr'>et</span> <span class='ocrx_word' id='word_1_356' title='bbox 1222 4795 1348 4882; x_wconf 93' lang='lat' dir='ltr'>Populo</span> <span class='ocrx_word' id='word_1_357' title='bbox 1372 4795 1572 4860; x_wconf 90' lang='lat' dir='ltr'>bononiensi.</span> 
     </span>
    </p>

    <p class='ocr_par' dir='ltr' id='par_1_6' title="bbox 569 4902 2383 5959">
     <span class='ocr_line' id='line_1_34' title="bbox 662 4902 2381 4987; baseline 0.001 -17"><span class='ocrx_word' id='word_1_358' title='bbox 662 4905 797 4970; x_wconf 85' lang='lat' dir='ltr'>Statutis</span> <span class='ocrx_word' id='word_1_359' title='bbox 821 4902 959 4970; x_wconf 80' lang='lat' dir='ltr'>civitatis</span> <span class='ocrx_word' id='word_1_360' title='bbox 983 4911 1089 4968; x_wconf 89' lang='lat' dir='ltr'>vestre</span> <span class='ocrx_word' id='word_1_361' title='bbox 1113 4904 1206 4968; x_wconf 87' lang='lat' dir='ltr'>factis</span> <span class='ocrx_word' id='word_1_362' title='bbox 1230 4910 1341 4968; x_wconf 90' lang='lat' dir='ltr'>eontra</span> <span class='ocrx_word' id='word_1_363' title='bbox 1358 4903 1520 4967; x_wconf 88' lang='lat' dir='ltr'>scholares</span> <span class='ocrx_word' id='word_1_364' title='bbox 1538 4903 1614 4967; x_wconf 92' lang='lat' dir='ltr'>olim</span> <span class='ocrx_word' id='word_1_365' title='bbox 1631 4903 1722 4968; x_wconf 92' lang='lat' dir='ltr'>nobis</span> <span class='ocrx_word' id='word_1_366' title='bbox 1738 4904 1902 4986; x_wconf 88' lang='lat' dir='ltr'>exhibitis,</span> <span class='ocrx_word' id='word_1_367' title='bbox 1920 4904 1978 4968; x_wconf 90' lang='lat' dir='ltr'>tibi</span> <span class='ocrx_word' id='word_1_368' title='bbox 1993 4904 2039 4968; x_wconf 90' lang='lat' dir='ltr'>fili</span> <span class='ocrx_word' id='word_1_369' title='bbox 2054 4905 2215 4987; x_wconf 89' lang='lat' dir='ltr'>Potestas,</span> <span class='ocrx_word' id='word_1_370' title='bbox 2233 4905 2381 4971; x_wconf 89' lang='lat' dir='ltr'>dedimus</span> 
     </span>
     <span class='ocr_line' id='line_1_35' title="bbox 572 5010 2382 5100; baseline 0 -22"><span class='ocrx_word' id='word_1_371' title='bbox 572 5013 605 5078; x_wconf 95' lang='lat' dir='ltr'>in</span> <span class='ocrx_word' id='word_1_372' title='bbox 629 5013 808 5100; x_wconf 88' lang='lat' dir='ltr'>preceptis,</span> <span class='ocrx_word' id='word_1_373' title='bbox 832 5019 868 5077; x_wconf 96' lang='lat' dir='ltr'>ut</span> <span class='ocrx_word' id='word_1_374' title='bbox 891 5013 1053 5076; x_wconf 86' lang='lat' dir='ltr'>scholares</span> <span class='ocrx_word' id='word_1_375' title='bbox 1084 5010 1245 5098; x_wconf 87' lang='lat' dir='ltr'>predictos</span> <span class='ocrx_word' id='word_1_376' title='bbox 1277 5017 1389 5075; x_wconf 88' lang='lat' dir='ltr'>contra</span> <span class='ocrx_word' id='word_1_377' title='bbox 1418 5010 1602 5074; x_wconf 89' lang='lat' dir='ltr'>libertatem</span> <span class='ocrx_word' id='word_1_378' title='bbox 1631 5010 1787 5075; x_wconf 90' lang='lat' dir='ltr'>hactenus</span> <span class='ocrx_word' id='word_1_379' title='bbox 1815 5011 1960 5076; x_wconf 91' lang='lat' dir='ltr'>habitam</span> <span class='ocrx_word' id='word_1_380' title='bbox 1989 5013 2156 5078; x_wconf 89' lang='lat' dir='ltr'>occasione</span> <span class='ocrx_word' id='word_1_381' title='bbox 2181 5013 2382 5078; x_wconf 71' lang='lat' dir='ltr'>statutorum</span> 
     </span>
     <span class='ocr_line' id='line_1_36' title="bbox 570 5117 2383 5210; baseline -0.001 -24"><span class='ocrx_word' id='word_1_382' title='bbox 570 5121 731 5210; x_wconf 89' lang='lat' dir='ltr'>ipsorum,</span> <span class='ocrx_word' id='word_1_383' title='bbox 756 5142 818 5208; x_wconf 89' lang='lat' dir='ltr'>que</span> <span class='ocrx_word' id='word_1_384' title='bbox 841 5121 931 5185; x_wconf 89' lang='lat' dir='ltr'>velut</span> <span class='ocrx_word' id='word_1_385' title='bbox 954 5120 1064 5207; x_wconf 90' lang='lat' dir='ltr'>iniqua</span> <span class='ocrx_word' id='word_1_386' title='bbox 1087 5118 1238 5183; x_wconf 86' lang='lat' dir='ltr'>duximus</span> <span class='ocrx_word' id='word_1_387' title='bbox 1261 5117 1480 5205; x_wconf 89' lang='lat' dir='ltr'>reprobanda,</span> <span class='ocrx_word' id='word_1_388' title='bbox 1505 5118 1545 5182; x_wconf 89' lang='lat' dir='ltr'>de</span> <span class='ocrx_word' id='word_1_389' title='bbox 1570 5124 1676 5183; x_wconf 89' lang='lat' dir='ltr'>cetero</span> <span class='ocrx_word' id='word_1_390' title='bbox 1700 5117 1790 5202; x_wconf 87' lang='lat' dir='ltr'>[non]</span> <span class='ocrx_word' id='word_1_391' title='bbox 1813 5119 2001 5184; x_wconf 88' lang='lat' dir='ltr'>molestares</span> <span class='ocrx_word' id='word_1_392' title='bbox 2026 5120 2209 5185; x_wconf 90' lang='lat' dir='ltr'>libertatem</span> <span class='ocrx_word' id='word_1_393' title='bbox 2236 5121 2383 5185; x_wconf 89' lang='lat' dir='ltr'>eamdem</span> 
     </span>
     <span class='ocr_line' id='line_1_37' title="bbox 572 5226 2382 5317; baseline -0.002 -22"><span class='ocrx_word' id='word_1_394' title='bbox 572 5229 812 5317; x_wconf 89' lang='lat' dir='ltr'>quomodolibet</span> <span class='ocrx_word' id='word_1_395' title='bbox 833 5228 1056 5313; x_wconf 86' lang='lat' dir='ltr'>infringendo,</span> <span class='ocrx_word' id='word_1_396' title='bbox 1080 5227 1334 5292; x_wconf 88' lang='lat' dir='ltr'>Universitatem</span> <span class='ocrx_word' id='word_1_397' title='bbox 1358 5233 1498 5290; x_wconf 85' lang='lat' dir='ltr'>vestram</span> <span class='ocrx_word' id='word_1_398' title='bbox 1522 5226 1729 5291; x_wconf 90' lang='lat' dir='ltr'>nihilominus</span> <span class='ocrx_word' id='word_1_399' title='bbox 1752 5227 1972 5310; x_wconf 89' lang='lat' dir='ltr'>exhortantes,</span> <span class='ocrx_word' id='word_1_400' title='bbox 1996 5235 2042 5310; x_wconf 91' lang='lat' dir='ltr'>ut,</span> <span class='ocrx_word' id='word_1_401' title='bbox 2064 5228 2272 5292; x_wconf 87' lang='lat' dir='ltr'>consideratis</span> <span class='ocrx_word' id='word_1_402' title='bbox 2295 5229 2382 5292; x_wconf 93' lang='lat' dir='ltr'>utili·</span> 
     </span>
     <span class='ocr_line' id='line_1_38' title="bbox 570 5333 2381 5423; baseline -0.001 -22"><span class='ocrx_word' id='word_1_403' title='bbox 570 5338 701 5420; x_wconf 87' lang='lat' dir='ltr'>tatibus,</span> <span class='ocrx_word' id='word_1_404' title='bbox 720 5343 752 5402; x_wconf 89' lang='lat' dir='ltr'>et</span> <span class='ocrx_word' id='word_1_405' title='bbox 774 5337 896 5401; x_wconf 88' lang='lat' dir='ltr'>honore</span> <span class='ocrx_word' id='word_1_406' title='bbox 918 5335 1181 5423; x_wconf 89' lang='lat' dir='ltr'>provenientibus</span> <span class='ocrx_word' id='word_1_407' title='bbox 1205 5334 1296 5399; x_wconf 87' lang='lat' dir='ltr'>vobis</span> <span class='ocrx_word' id='word_1_408' title='bbox 1321 5355 1363 5397; x_wconf 89' lang='lat' dir='ltr'>ex</span> <span class='ocrx_word' id='word_1_409' title='bbox 1386 5333 1587 5399; x_wconf 90' lang='lat' dir='ltr'>scholaribus</span> <span class='ocrx_word' id='word_1_410' title='bbox 1610 5336 1698 5421; x_wconf 88' lang='lat' dir='ltr'>ipsis,</span> <span class='ocrx_word' id='word_1_411' title='bbox 1715 5357 1774 5421; x_wconf 87' lang='lat' dir='ltr'>per</span> <span class='ocrx_word' id='word_1_412' title='bbox 1798 5335 1927 5400; x_wconf 83' lang='lat' dir='ltr'>Statuta</span> <span class='ocrx_word' id='word_1_413' title='bbox 1948 5335 2134 5418; x_wconf 88' lang='lat' dir='ltr'>hujusmodi</span> <span class='ocrx_word' id='word_1_414' title='bbox 2150 5357 2213 5399; x_wconf 94' lang='lat' dir='ltr'>non</span> <span class='ocrx_word' id='word_1_415' title='bbox 2229 5335 2381 5400; x_wconf 87' lang='lat' dir='ltr'>molesta·</span> 
     </span>
     <span class='ocr_line' id='line_1_39' title="bbox 570 5442 2382 5530; baseline -0.001 -20"><span class='ocrx_word' id='word_1_416' title='bbox 570 5445 647 5511; x_wconf 87' lang='lat' dir='ltr'>retis</span> <span class='ocrx_word' id='word_1_417' title='bbox 678 5443 826 5528; x_wconf 90' lang='lat' dir='ltr'>eosdem,</span> <span class='ocrx_word' id='word_1_418' title='bbox 850 5465 909 5508; x_wconf 89' lang='lat' dir='ltr'>nee</span> <span class='ocrx_word' id='word_1_419' title='bbox 933 5443 1082 5508; x_wconf 88' lang='lat' dir='ltr'>laceretis</span> <span class='ocrx_word' id='word_1_420' title='bbox 1113 5442 1152 5506; x_wconf 87' lang='lat' dir='ltr'>ds</span> <span class='ocrx_word' id='word_1_421' title='bbox 1184 5448 1290 5506; x_wconf 91' lang='lat' dir='ltr'>cetero</span> <span class='ocrx_word' id='word_1_422' title='bbox 1321 5443 1504 5525; x_wconf 82' lang='lat' dir='ltr'>molestari3</span> <span class='ocrx_word' id='word_1_423' title='bbox 1526 5444 1746 5528; x_wconf 90' lang='lat' dir='ltr'>juramentum</span> <span class='ocrx_word' id='word_1_424' title='bbox 1777 5465 1873 5530; x_wconf 86' lang='lat' dir='ltr'>super</span> <span class='ocrx_word' id='word_1_425' title='bbox 1903 5443 2033 5506; x_wconf 90' lang='lat' dir='ltr'>illorum</span> <span class='ocrx_word' id='word_1_426' title='bbox 2063 5442 2285 5508; x_wconf 87' lang='lat' dir='ltr'>observatione</span> <span class='ocrx_word' id='word_1_427' title='bbox 2309 5465 2382 5529; x_wconf 92' lang='lat' dir='ltr'>pre·</span> 
     </span>
     <span class='ocr_line' id='line_1_40' title="bbox 570 5549 2383 5636; baseline 0 -20"><span class='ocrx_word' id='word_1_428' title='bbox 570 5554 697 5636; x_wconf 91' lang='lat' dir='ltr'>stitum,</span> <span class='ocrx_word' id='word_1_429' title='bbox 729 5573 801 5616; x_wconf 91' lang='lat' dir='ltr'>oum</span> <span class='ocrx_word' id='word_1_430' title='bbox 824 5551 972 5616; x_wconf 88' lang='lat' dir='ltr'>illicitum</span> <span class='ocrx_word' id='word_1_431' title='bbox 996 5550 1110 5633; x_wconf 82' lang='lat' dir='ltr'>fuerit,</span> <span class='ocrx_word' id='word_1_432' title='bbox 1135 5550 1343 5632; x_wconf 86' lang='lat' dir='ltr'>remittentes,</span> <span class='ocrx_word' id='word_1_433' title='bbox 1368 5550 1452 5635; x_wconf 91' lang='lat' dir='ltr'>quod</span> <span class='ocrx_word' id='word_1_434' title='bbox 1477 5550 1568 5614; x_wconf 93' lang='lat' dir='ltr'>vobis</span> <span class='ocrx_word' id='word_1_435' title='bbox 1591 5551 1697 5614; x_wconf 83' lang='lat' dir='ltr'>lacero</span> <span class='ocrx_word' id='word_1_436' title='bbox 1722 5551 1953 5635; x_wconf 85' lang='lat' dir='ltr'>differentibus,</span> <span class='ocrx_word' id='word_1_437' title='bbox 1979 5550 2086 5615; x_wconf 88' lang='lat' dir='ltr'>dilecti</span> <span class='ocrx_word' id='word_1_438' title='bbox 2109 5550 2166 5634; x_wconf 89' lang='lat' dir='ltr'>filij</span> <span class='ocrx_word' id='word_1_439' title='bbox 2190 5549 2249 5634; x_wconf 91' lang='lat' dir='ltr'>R.,</span> <span class='ocrx_word' id='word_1_440' title='bbox 2271 5551 2383 5616; x_wconf 90' lang='lat' dir='ltr'>doctor</span> 
     </span>
     <span class='ocr_line' id='line_1_41' title="bbox 569 5657 2382 5744; baseline -0.002 -18"><span class='ocrx_word' id='word_1_441' title='bbox 569 5661 771 5726; x_wconf 88' lang='lat' dir='ltr'>decretorum</span> <span class='ocrx_word' id='word_1_442' title='bbox 795 5665 828 5723; x_wconf 89' lang='lat' dir='ltr'>et</span> <span class='ocrx_word' id='word_1_443' title='bbox 851 5658 890 5724; x_wconf 94' lang='grc' dir='ltr'>Ο.</span> <span class='ocrx_word' id='word_1_444' title='bbox 907 5658 947 5722; x_wconf 89' lang='lat' dir='ltr'>de</span> <span class='ocrx_word' id='word_1_445' title='bbox 971 5657 1254 5744; x_wconf 86' lang='lat' dir='ltr'>Toennengoviri</span> <span class='ocrx_word' id='word_1_446' title='bbox 1277 5657 1406 5740; x_wconf 89' lang='lat' dir='ltr'>literati,</span> <span class='ocrx_word' id='word_1_447' title='bbox 1427 5657 1554 5744; x_wconf 82' lang='lat' dir='ltr'>providi</span> <span class='ocrx_word' id='word_1_448' title='bbox 1577 5663 1608 5721; x_wconf 88' lang='lat' dir='ltr'>et</span> <span class='ocrx_word' id='word_1_449' title='bbox 1631 5657 1741 5721; x_wconf 87' lang='lat' dir='ltr'>fideles</span> <span class='ocrx_word' id='word_1_450' title='bbox 1765 5679 1822 5744; x_wconf 92' lang='lat' dir='ltr'>pro</span> <span class='ocrx_word' id='word_1_451' title='bbox 1846 5657 2065 5721; x_wconf 88' lang='lat' dir='ltr'>Universitate</span> <span class='ocrx_word' id='word_1_452' title='bbox 2089 5658 2232 5743; x_wconf 88' lang='lat' dir='ltr'>ipsorum</span> <span class='ocrx_word' id='word_1_453' title='bbox 2256 5658 2382 5723; x_wconf 90' lang='lat' dir='ltr'>schola·</span> 
     </span>
     <span class='ocr_line' id='line_1_42' title="bbox 569 5764 2381 5853; baseline -0.001 -21"><span class='ocrx_word' id='word_1_454' title='bbox 569 5768 652 5832; x_wconf 92' lang='lat' dir='ltr'>rium</span> <span class='ocrx_word' id='word_1_455' title='bbox 672 5775 815 5832; x_wconf 88' lang='lat' dir='ltr'>nostram</span> <span class='ocrx_word' id='word_1_456' title='bbox 836 5766 1032 5853; x_wconf 86' lang='lat' dir='ltr'>presentiam</span> <span class='ocrx_word' id='word_1_457' title='bbox 1056 5766 1213 5847; x_wconf 90' lang='lat' dir='ltr'>adierunt,</span> <span class='ocrx_word' id='word_1_458' title='bbox 1234 5786 1331 5851; x_wconf 87' lang='lat' dir='ltr'>super</span> <span class='ocrx_word' id='word_1_459' title='bbox 1354 5764 1394 5848; x_wconf 93' lang='lat' dir='ltr'>ijs</span> <span class='ocrx_word' id='word_1_460' title='bbox 1419 5765 1593 5851; x_wconf 89' lang='lat' dir='ltr'>apostolice</span> <span class='ocrx_word' id='word_1_461' title='bbox 1616 5765 1808 5850; x_wconf 92' lang='lat' dir='ltr'>provisionis</span> <span class='ocrx_word' id='word_1_462' title='bbox 1833 5765 2010 5829; x_wconf 90' lang='lat' dir='ltr'>remedium</span> <span class='ocrx_word' id='word_1_463' title='bbox 2034 5765 2253 5850; x_wconf 89' lang='lat' dir='ltr'>implorantes.</span> <span class='ocrx_word' id='word_1_464' title='bbox 2278 5765 2381 5830; x_wconf 91' lang='lat' dir='ltr'>Porro</span> 
     </span>
     <span class='ocr_line' id='line_1_43' title="bbox 569 5871 2380 5959; baseline -0.002 -20"><span class='ocrx_word' id='word_1_465' title='bbox 569 5875 677 5939; x_wconf 87' lang='lat' dir='ltr'>dilecti</span> <span class='ocrx_word' id='word_1_466' title='bbox 696 5875 755 5959; x_wconf 87' lang='lat' dir='ltr'>filij</span> <span class='ocrx_word' id='word_1_467' title='bbox 772 5873 871 5959; x_wconf 92' lang='lat' dir='ltr'>Hugo</span> <span class='ocrx_word' id='word_1_468' title='bbox 888 5873 999 5959; x_wconf 91' lang='lat' dir='ltr'>legum</span> <span class='ocrx_word' id='word_1_469' title='bbox 1015 5873 1126 5938; x_wconf 89' lang='lat' dir='ltr'>doctor</span> <span class='ocrx_word' id='word_1_470' title='bbox 1141 5880 1174 5936; x_wconf 88' lang='lat' dir='ltr'>et</span> <span class='ocrx_word' id='word_1_471' title='bbox 1189 5872 1380 5936; x_wconf 87' lang='lat' dir='ltr'>Frederieus</span> <span class='ocrx_word' id='word_1_472' title='bbox 1397 5871 1457 5936; x_wconf 91' lang='lat' dir='ltr'>viri</span> <span class='ocrx_word' id='word_1_473' title='bbox 1473 5871 1599 5957; x_wconf 89' lang='lat' dir='ltr'>providi</span> <span class='ocrx_word' id='word_1_474' title='bbox 1615 5879 1647 5936; x_wconf 86' lang='lat' dir='ltr'>et</span> <span class='ocrx_word' id='word_1_475' title='bbox 1663 5871 1773 5936; x_wconf 90' lang='lat' dir='ltr'>fideles</span> <span class='ocrx_word' id='word_1_476' title='bbox 1790 5872 2036 5959; x_wconf 87' lang='lat' dir='ltr'>perversitatem</span> <span class='ocrx_word' id='word_1_477' title='bbox 2050 5871 2251 5936; x_wconf 73' lang='lat' dir='ltr'>statutorum</span> <span class='ocrx_word' id='word_1_478' title='bbox 2268 5871 2380 5956; x_wconf 89' lang='lat' dir='ltr'>hujus·</span> 
     </span>
    </p>
   </div>
   <div class='ocr_carea' id='block_1_6' title="bbox 568 5979 2383 6174">
    <p class='ocr_par' dir='ltr' id='par_1_7' title="bbox 568 5979 2383 6174">
     <span class='ocr_line' id='line_1_44' title="bbox 568 5979 2381 6067; baseline -0.001 -21"><span class='ocrx_word' id='word_1_479' title='bbox 568 5981 655 6048; x_wconf 90' lang='lat' dir='ltr'>modi</span> <span class='ocrx_word' id='word_1_480' title='bbox 679 5982 786 6047; x_wconf 90' lang='lat' dir='ltr'>conati</span> <span class='ocrx_word' id='word_1_481' title='bbox 810 5981 1030 6067; x_wconf 89' lang='lat' dir='ltr'>multipliciter</span> <span class='ocrx_word' id='word_1_482' title='bbox 1053 5980 1199 6067; x_wconf 90' lang='lat' dir='ltr'>palliare,</span> <span class='ocrx_word' id='word_1_483' title='bbox 1219 5979 1350 6043; x_wconf 92' lang='lat' dir='ltr'>tandem</span> <span class='ocrx_word' id='word_1_484' title='bbox 1374 5979 1437 6044; x_wconf 91' lang='lat' dir='ltr'>dno</span> <span class='ocrx_word' id='word_1_485' title='bbox 1461 6000 1503 6042; x_wconf 89' lang='lat' dir='ltr'>ex</span> <span class='ocrx_word' id='word_1_486' title='bbox 1527 5979 1663 6044; x_wconf 83' lang='lat' dir='ltr'>Statutis</span> <span class='ocrx_word' id='word_1_487' title='bbox 1688 5979 1774 6065; x_wconf 89' lang='lat' dir='ltr'>ipsis,</span> <span class='ocrx_word' id='word_1_488' title='bbox 1792 5980 1942 6044; x_wconf 87' lang='lat' dir='ltr'>videlicet</span> <span class='ocrx_word' id='word_1_489' title='bbox 1965 5980 2004 6044; x_wconf 91' lang='lat' dir='ltr'>de</span> <span class='ocrx_word' id='word_1_490' title='bbox 2029 5980 2205 6044; x_wconf 86' lang='lat' dir='ltr'>rectoribus</span> <span class='ocrx_word' id='word_1_491' title='bbox 2224 5987 2257 6043; x_wconf 91' lang='lat' dir='ltr'>et</span> <span class='ocrx_word' id='word_1_492' title='bbox 2271 5979 2381 6045; x_wconf 86' lang='lat' dir='ltr'>lectio·</span> 
     </span>
     <span class='ocr_line' id='line_1_45' title="bbox 569 6086 2383 6174; baseline -0.003 -19"><span class='ocrx_word' id='word_1_493' title='bbox 569 6090 662 6155; x_wconf 88' lang='lat' dir='ltr'>nibus</span> <span class='ocrx_word' id='word_1_494' title='bbox 686 6088 961 6171; x_wconf 89' lang='lat' dir='ltr'>extraordinariis,</span> <span class='ocrx_word' id='word_1_495' title='bbox 982 6087 1016 6151; x_wconf 94' lang='lat' dir='ltr'>in</span> <span class='ocrx_word' id='word_1_496' title='bbox 1039 6094 1146 6152; x_wconf 88' lang='lat' dir='ltr'>nostre</span> <span class='ocrx_word' id='word_1_497' title='bbox 1170 6087 1388 6173; x_wconf 89' lang='lat' dir='ltr'>dispositionis</span> <span class='ocrx_word' id='word_1_498' title='bbox 1411 6086 1614 6172; x_wconf 89' lang='lat' dir='ltr'>beneplacito</span> <span class='ocrx_word' id='word_1_499' title='bbox 1638 6087 1738 6150; x_wconf 85' lang='lat' dir='ltr'>libere</span> <span class='ocrx_word' id='word_1_500' title='bbox 1762 6094 1948 6172; x_wconf 90' lang='lat' dir='ltr'>posuerunt,</span> <span class='ocrx_word' id='word_1_501' title='bbox 1974 6087 2200 6174; x_wconf 89' lang='lat' dir='ltr'>supplicantes,</span> <span class='ocrx_word' id='word_1_502' title='bbox 2226 6092 2262 6151; x_wconf 92' lang='lat' dir='ltr'>ut</span> <span class='ocrx_word' id='word_1_503' title='bbox 2286 6107 2383 6173; x_wconf 85' lang='lat' dir='ltr'>super</span> 
     </span>
    </p>
   </div>
   <div class='ocr_carea' id='block_1_7' title="bbox 648 6423 1447 6496">
    <p class='ocr_par' dir='ltr' id='par_1_8' title="bbox 648 6423 1447 6496">
     <span class='ocr_line' id='line_1_46' title="bbox 648 6423 1447 6496; baseline -0.006 -17"><span class='ocrx_word' id='word_1_504' title='bbox 648 6429 686 6494; x_wconf 85' lang='lat'>(1)</span> <span class='ocrx_word' id='word_1_505' title='bbox 707 6427 748 6478; x_wconf 75' lang='lat' dir='ltr'>Ex</span> <span class='ocrx_word' id='word_1_506' title='bbox 767 6427 871 6496; x_wconf 87' lang='lat' dir='ltr'>Regist.</span> <span class='ocrx_word' id='word_1_507' title='bbox 891 6425 943 6492; x_wconf 92' lang='lat' dir='ltr'>lI.,</span> <span class='ocrx_word' id='word_1_508' title='bbox 964 6425 1076 6476; x_wconf 90' lang='lat' dir='ltr'>Honorii</span> <span class='ocrx_word' id='word_1_509' title='bbox 1095 6423 1167 6490; x_wconf 55' lang='lat'>111„</span> <span class='ocrx_word' id='word_1_510' title='bbox 1187 6441 1229 6492; x_wconf 88' lang='lat' dir='ltr'>ep.</span> <span class='ocrx_word' id='word_1_511' title='bbox 1245 6426 1305 6489; x_wconf 75' lang='lat'>729,</span> <span class='ocrx_word' id='word_1_512' title='bbox 1324 6423 1371 6475; x_wconf 82' lang='lat' dir='ltr'>sol.</span> <span class='ocrx_word' id='word_1_513' title='bbox 1387 6426 1447 6475; x_wconf 82' lang='grc'><strong>179.</strong></span> 
     </span>
    </p>
   </div>
   <div class='ocr_carea' id='block_1_8' title="bbox 0 0 2750 7750">
    <p class='ocr_par' dir='ltr' id='par_1_9' title="bbox 0 0 2750 7750">
     <span class='ocr_line' id='line_1_47' title="bbox 0 0 2750 7750; baseline 0 3"><span class='ocrx_word' id='word_1_514' title='bbox 0 0 2750 7750; x_wconf 95' lang='lat' dir='ltr'> </span> 
     </span>
    </p>
   </div>
  </div>
 </body>
</html>
