5490 7750
777 644 1009 694 annonarum
1037 644 1088 694 AD
1116 643 1372 696 PROFESSORES
1402 644 1507 696 JURIS
1536 644 1670 696 OIVILIS
2056 623 2130 696 153

312 807 473 872 16661661
502 808 576 873 tam
604 824 670 898 per
697 825 733 874 se
763 801 891 898 ipsum,
914 826 1020 897 quam
1048 827 1113 899 per
1141 800 1350 874 Thadaeum
1379 802 1422 874 de
1447 801 1593 898 Pepulis
1616 800 1728 874 latino
1748 809 1784 876 61
1803 800 1944 898 vulgari
1962 829 2136 902 sermone,

312 949 384 997 666
403 949 483 996 6616
502 925 651 1020 triginta
671 926 847 1024 capitulis,
869 927 912 1000 de
932 926 1059 1023 quibus
1078 951 1186 1023 supra
1205 927 1241 998 16
1262 928 1413 1021 registro
1437 927 1624 999 Benedicti
1643 927 1732 1000 XII.
1754 927 1912 1024 epistolis
1931 931 2135 1027 praedictis,

311 1048 404 1122 foliis
431 1050 642 1148 praedictis,
673 1059 709 1125 et
737 1076 817 1124 cum
845 1052 1146 1125 moderationibus
1175 1060 1211 1125 et
1239 1052 1550 1126 reformationibus
1578 1053 1660 1124 inde
1699 1054 1933 1150 concordatis,
1959 1057 2134 1152 exposuit.

312 1173 431 1247 Tenor
458 1175 656 1272 literarum,
686 1202 777 1274 quae
805 1177 918 1250 lectae
947 1177 1101 1272 fuerant,
1123 1178 1172 1250 ibi
1199 1177 1367 1250 inseritur
1396 1202 1467 1250 una
1495 1202 1576 1250 cum
1604 1177 1737 1251 eisdem
1764 1179 2013 1254 moderatoriis
2041 1183 2137 1280 capi-

313 1300 414 1396 tulis,
445 1326 595 1397 quorum
623 1303 819 1400 apostolica
854 1301 1069 1375 Constitutio
1104 1303 1247 1400 incipit:
1284 1302 1477 1375 «Dudum
1506 1303 1745 1376 accedentibus
1773 1328 1818 1377 »z
1850 1312 1885 1377 et
1923 1314 1977 1378 661
2013 1332 2056 1380 66
2092 1309 2135 1381 16

311 1450 383 1521 qua
411 1426 445 1498 io
474 1427 626 1522 registro
655 1452 763 1525 super
791 1428 977 1501 Benedicti
1004 1427 1115 1524 XII,
1145 1428 1238 1501 foliis
1271 1428 1473 1525 praedictis.
1505 1428 1642 1517 Quibus
1680 1428 1866 1526 661166116,
1895 1440 2137 1529 renovataque

311 1551 590 1648 interrogatione
620 1578 666 1625 an
693 1553 800 1625 iidem
829 1579 950 1627 omnes
979 1555 1103 1628 eadem
1132 1553 1289 1651 capitula
1312 1561 1499 1650 acceptare
1519 1553 1664 1650 vellent,
1687 1554 1900 1628 affirmativo
1921 1557 2136 1656 obtentoque

310 1700 492 1774 responso,
520 1678 556 1750 in
584 1679 678 1751 dicto
707 1679 943 1752 instrumento
972 1680 1199 1775 subsequitur
1224 1680 1468 1775 juramentum
1502 1703 1609 1775 super·
1644 1679 1881 1776 capitulorum
1910 1682 2137 1758 observantia

312 1825 383 1874 una
411 1827 491 1874 cum
519 1804 797 1898 reintegratione
826 1805 972 1878 dominii
1004 1830 1045 1878 ac
1074 1805 1301 1878 revocatione
1331 1803 1549 1901 expulsionis
1567 1804 1761 1877 Bertrandi
1780 1805 1936 1903 episcopi
1960 1808 2135 1905 ostiensis,

312 1935 348 2000 et
375 1926 558 2002 Bononiae
587 1929 733 2027 Legati,
763 1930 916 2027 indeque
945 1929 1136 2004 Thadaeus
1165 1931 1208 2003 de
1236 1929 1399 2028 Populis,
1430 1930 1596 2004 Potestas
1625 1955 1666 2002 66
1696 1904 1896 2004 Consilia-rii
1924 1957 2046 2006 omnes
2074 1959 2137 2007 ex·

312 2076 433 2148 presse
463 2062 719 2127 concurrerunt
746 2080 811 2152 pro
839 2054 952 2128 libera
980 2055 1171 2128 traditione
1201 2055 1353 2127 clavium
1382 2063 1568 2153 portarum
1597 2055 1763 2151 civitatis,
1794 2064 2004 2154 castrorum,
2024 2059 2137 2132 forta-

312 2177 479 2275 litiorum,
511 2178 699 2252 comitatus
728 2187 764 2252 et
793 2180 986 2276 districtus,
1015 2181 1111 2254 facta
1141 2187 1317 2277 potestate
1348 2180 1462 2254 eidem
1490 2179 1631 2252 Nuncio
1665 2180 1869 2277 publicandi
1906 2182 2137 2258 bonnimenta

312 2304 453 2376 nomine
483 2313 627 2376 sanctae
656 2328 824 2378 romanae
852 2305 1033 2379 Ecclesiae
1063 2305 1203 2378 adhoc
1232 2315 1271 2377 ut
1295 2330 1341 2378 ex
1369 2305 1423 2378 his
1452 2307 1614 2378 omnibus
1639 2306 1682 2378 16
1710 2305 1987 2380 Bononiensium
2016 2309 2135 2406 subje-

314 2427 428 2501 ctione
458 2453 543 2523 erga
572 2430 733 2502 eamdem
762 2440 923 2504 sanctam
961 2431 1086 2504 Sedem
1126 2430 1282 2503 dubitari
1319 2430 1470 2528 amplius
1507 2455 1578 2502 non
1616 2431 1849 2526 contingeret.
1880 2430 2010 2505 Omnia
2047 2433 2137 2506 haec

316 2560 436 2628 tamen
464 2555 508 2626 ab
538 2554 731 2652 apostolico
759 2555 900 2628 Nuncio
930 2565 1078 2652 accepta
1105 2556 1204 2628 fuere
1234 2580 1314 2628 cunr
1342 2580 1512 2653 expressa
1540 2555 1778 2629 declaratione
1798 2556 1975 2630 referendi
1995 2583 2136 2632 omnem

313 2687 432 2752 actum
461 2682 505 2753 ab
534 2681 610 2778 ipso
639 2681 834 2776 gerendum
864 2682 909 2754 ad
938 2681 1131 2754 dominium
1170 2690 1315 2754 sanctae
1355 2705 1523 2754 romanae
1560 2680 1761 2778 Ecclesiae,
1791 2682 1841 2755 ita
1878 2690 1918 2755 ut
1956 2683 2135 2780 quaelibet

313 2803 459 2876 dominii
487 2805 622 2902 species
651 2829 715 2902 per
742 2805 885 2878 unicum
914 2815 1033 2878 actum
1063 2806 1148 2878 satis
1178 2807 1408 2903 comprobata
1436 2805 1549 2902 foret,
1571 2807 1786 2902 obtentoque
1815 2807 1923 2879 etiam
1943 2831 2050 2904 super
2068 2808 2136 2881 hoc

314 2952 483 3026 expresso
512 2955 685 3004 consensu
713 2931 990 3004 Bononiensium
1020 2933 1187 3026 omnium,
1208 2939 1381 3005 renovata
1409 2931 1642 3028 promissione
1671 2931 1765 3004 circa
1793 2932 2057 3005 observantiam
2077 2957 2136 3005 ca·

316 3053 509 3151 pitulorum
532 3057 640 3152 juxta
668 3066 788 3129 tamen
817 3057 968 3129 formam
996 3057 1301 3151 reformationum,
1323 3081 1365 3128 ac
1392 3057 1489 3130 facta
1517 3057 1656 3129 demum
1679 3081 1850 3154 expressa
1869 3058 2136 3132 renunciatione

315 3181 594 3278 quibuscumque
624 3182 690 3254 sibi
718 3183 803 3278 ipsis
833 3183 1115 3279 competentibus
1144 3182 1428 3278 exemptionibus
1456 3206 1521 3279 pro
1550 3181 1705 3254 uberiori
1733 3183 1977 3279 acceptatione
1999 3184 2137 3280 capitu-

313 3305 445 3402 lorum,
475 3307 717 3380 Bononienses
747 3308 965 3405 deputarunt
993 3307 1181 3381 Nicolaum
1212 3307 1396 3380 Brandani
1433 3308 1476 3380 16
1513 3307 1665 3380 Saliccto
1701 3331 1743 3380 66
1771 3307 1965 3402 Ugolinum
2004 3309 2135 3382 domini

314 3431 418 3504 Pauli
446 3432 490 3504 de
518 3432 718 3512 Bonacavis
747 3432 918 3530 speciales
947 3433 1119 3529 Syndicos
1149 3442 1183 3506 61
1215 3432 1472 3506 Procuratores
1501 3432 1546 3504 ad
1575 3433 1806 3505 emittendam
1842 3433 2043 3506 effectivam
2078 3458 2134 3506 re·

313 3557 531 3630 stitutionem
554 3558 719 3654 civitatis,
741 3559 930 3631 comitatus
958 3567 993 3632 et
1022 3558 1214 3654 districtus,
1235 3582 1385 3655 quorum
1405 3559 1615 3656 usurpativa
1638 3558 1812 3655 possessio
1841 3559 1885 3632 ab
1915 3559 1964 3630 eis
1993 3559 2134 3656 penitus

314 3681 438 3754 avulsa
465 3682 736 3780 intelligeretur,
758 3709 829 3756 una
858 3709 936 3756 cum
962 3685 1167 3780 juramento
1196 3685 1239 3757 ab
1269 3684 1402 3757 eisdem
1431 3683 1593 3780 Syndicis
1612 3682 1753 3756 Nunoio
1778 3685 2004 3780 praestando.
2025 3683 2134 3757 Hisce

313 3816 433 3880 autem
453 3808 682 3905 praehabitis,
703 3808 796 3882 idem
815 3808 1057 3882 Beltraminus
1085 3833 1324 3906 quoscumque
1352 3809 1498 3882 emissos
1526 3833 1711 3906 processus
1740 3817 1865 3882 contra
1892 3808 2134 3882 Bononienses

313 3932 489 4029 irritavit,
519 3957 561 4006 ao
588 3958 697 4031 super
724 3935 1003 4032 praerogativis,
1033 3933 1227 4032 privilegiis
1257 3934 1521 4030 communitati,
1550 3933 1681 4031 populo
1710 3943 1746 4007 et
1773 3933 1980 4007 bononiensi
2009 3934 2133 4009 Studio

314 4059 595 4155 competentibus
623 4059 664 4130 in·
687 4059 842 4156 amplam
871 4060 1023 4133 formam
1051 4060 1365 4154 reintegrationem
1395 4060 1587 4154 concessit,
1618 4068 1653 4132 61
1682 4059 1725 4131 16
1752 4059 1795 4131 116
1824 4058 1987 4132 omnibus
2015 4083 2134 4132 coram

313 4183 463 4255 testibus
492 4193 528 4256 et
556 4185 710 4281 quinque
738 4184 898 4258 Notariis
926 4185 1128 4282 praefatum
1157 4185 1432 4257 instrumentum
1462 4183 1700 4278 emologatum
1728 4184 1859 4257 extitit.

420 4308 488 4382 Die
516 4309 585 4382 Ill.
616 4311 759 4405 augusti
786 4335 879 4383 anno
908 4310 1122 4383 MOCOXL.
1153 4309 1366 4382 Brandanus
1396 4310 1438 4381 dc
1467 4308 1639 4405 Saliceto,
1669 4318 1851 4407 tamquam
1880 4309 2056 4405 Syndicus
2085 4310 2134 4382 ci-

314 4433 447 4530 vitatis,
467 4435 681 4532 specialique
701 4460 874 4533 procuras
893 4436 1062 4510 mandato
1087 4435 1263 4530 suffultus,
1285 4435 1432 4509 tradidit
1460 4434 1600 4508 Nuncio
1629 4459 1750 4508 omnes
1779 4443 1814 4508 61
1842 4433 1999 4530 singulas
2017 4435 2134 4508 claves

314 4569 497 4656 portarum
526 4561 681 4634 omnium
710 4562 864 4634 civitatis
892 4561 1087 4659 Bononiae,
1109 4587 1199 4658 quae
1224 4570 1389 4659 receptae
1417 4562 1562 4635 fuerunt
1590 4561 1738 4634 relative
1767 4561 1811 4634 61
1841 4568 1959 4642 661616
1988 4560 2135 4634 Consilii

314 4692 463 4758 externa
492 4686 547 4758 die
576 4686 700 4760 habiti.
730 4687 826 4760 Hinc
853 4686 1015 4760 Nuncius
1044 4687 1185 4784 aperuit
1213 4695 1248 4760 et
1268 4687 1395 4760 clausit
1424 4695 1563 4784 portam
1593 4686 1747 4758 civitatis
1777 4684 1993 4782 appellatam
2022 4686 2136 4758 sancti

313 4809 484 4908 Mathiae,
514 4837 556 4884 ac
584 4812 815 4885 declarationi
843 4814 888 4885 ab
918 4837 959 4886 eo
988 4812 1104 4886 factae
1133 4814 1367 4909 aperitionem
1396 4819 1431 4884 et
1460 4812 1660 4884 clausuram
1689 4811 1795 4908 hujus
1823 4820 1948 4907 portae
1977 4811 2134 4882 referen-

314 4935 395 5008 dam
418 4936 493 5008 fore
514 4937 560 5009 ad
578 4937 884 5034 recuperationem
903 4938 1133 5034 possessionis
1153 4937 1307 5010 civitatis
1326 4938 1541 5035 praedictae,
1562 4936 1736 5032 Syndicus
1756 4935 1910 5007 civitatis
1926 4958 2134 5007 consensum

314 5085 417 5133 suum
444 5063 632 5159 praebuit,
662 5071 697 5135 et
726 5063 844 5136 616166
871 5063 952 5136 inde
982 5071 1230 5135 remanserunt
1257 5088 1366 5160 penes
1395 5062 1595 5158 Nuncium,
1625 5061 1796 5159 quiante
1826 5061 1957 5132 dictam
1994 5067 2135 5156 portam

315 5211 434 5259 coram
463 5188 613 5260 testibus
640 5188 915 5261 instrumentum
944 5188 1049 5284 hujus
1078 5197 1179 5260 actus
1208 5187 1383 5260 conscribi
1409 5188 1527 5260 166616
1556 5212 1627 5259 666
1656 5186 1784 5261 6611611.

419 5312 554 5386 Ε61616
585 5315 640 5387 116
667 5312 828 5386 11666166
861 5337 898 5386 66
927 5313 1077 5386 66616111
1113 5321 1197 5386 6616
1234 5311 1322 5385 alias
1359 5323 1482 5411 portas
1517 5312 1632 5384 dictae
1671 5311 1847 5407 civitatis,
1877 5334 2028 5406 quarum
2064 5334 2135 5381 una

315 5437 562 5535 appellabatur
590 5447 694 5538 porta
722 5439 939 5534 Saragozae,
969 5437 1039 5511 alia
1067 5462 1152 5511 vero
1171 5447 1284 5538 porta
1312 5436 1507 5532 Paradelli,
1538 5444 1573 5509 et
1602 5435 1671 5510 alia
1701 5442 1804 5534 porta
1836 5435 1950 5507 sancti
1986 5433 2133 5530 Felicis,

315 5588 357 5636 ao
384 5563 441 5636 hic
470 5589 609 5662 quoque
638 5589 756 5638 coram
786 5564 940 5661 Syndico
971 5564 1213 5637 consentiente
1242 5573 1361 5637 actum
1389 5563 1457 5637 1611
1485 5569 1591 5660 61661
1619 5561 1799 5659 66661166;
1821 5585 1863 5633 66
1881 5569 2005 5658 666166
2025 5561 2135 5657 1666-

315 5697 389 5762 1616
419 5699 649 5786 61666161616
678 5690 830 5786 quodam
859 5715 922 5763 suo
950 5689 1117 5763 familiari
1145 5689 1189 5762 ad
1219 5688 1434 5762 claudendas
1457 5688 1545 5761 alias
1564 5695 1685 5785 portas
1706 5686 1860 5758 civitatis
1880 5685 1916 5758 in
1935 5685 2060 5757 eadem
2079 5685 2134 5757 die

315 5839 435 5888 coram
462 5817 613 5889 testibus
642 5824 678 5888 et
700 5816 863 5912 Notario,
884 5823 1094 5913 procurator
1121 5814 1253 5886 Nuncii
1277 5815 1402 5887 clausit
1421 5823 1543 5912 portas
1563 5813 1820 5909 infrascriptos,
1842 5809 1974 5884 scilicet
1995 5818 2134 5906 portam

316 5940 358 6013 de
388 5941 520 6038 Lamia,
542 5950 680 6039 portam
709 5943 814 6037 burgi
843 5943 885 6015 de
915 5941 1072 6036 Galeria,
1093 5949 1234 6038 portam
1262 5941 1305 6012 dc
1333 5939 1557 6036 Mascarclla,
1578 5947 1718 6037 portam
1747 5937 1860 6009 sancti
1887 5935 2032 6030 Donati,
2053 5960 2135 6032 por·

314 6075 390 6139 tam
412 6067 526 6139 sancti
545 6066 687 6163 Vitalis,
709 6076 745 6140 et
773 6076 914 6165 portam
934 6075 1068 6141 stratae
1085 6066 1245 6163 Majoris,
1267 6067 1394 6162 quibus
1414 6065 1515 6161 actis,
1536 6065 1654 6137 claves
1674 6063 1859 6135 restitutae
1879 6069 1962 6134 sunt
1979 6059 2014 6132 N
2019 6061 2132 6156 uncio,

316 6193 388 6289 qui,
418 6200 457 6265 ut
485 6193 615 6265 dicitur
642 6192 678 6265 16
706 6194 952 6288 instrumento,
982 6222 1000 6263 ‹<
1026 6193 1110 6287 fecit
1138 6215 1196 6264 eoa
1224 6192 1389 6290 deponere
1409 6193 1519 6289 juxto
1548 6185 2135 6287 6666166116611166111666166-

314 6318 469 6391 sentibus
496 6343 533 6392 1.

421 6445 557 6518 Ε61616
587 6445 654 6542 die,
683 6445 908 6543 presentibus
938 6445 1100 6542 testibus,
1129 6444 1292 6518 Ostasius
1313 6443 1491 6540 quondam
1511 6440 1685 6515 Gnidonis
1704 6439 1747 6512 de
1767 6437 1929 6511 Bononia
1948 6437 1984 6509 in
2003 6462 2134 6510 novum

504 6620 572 6658 rou.
591 6621 622 6658 11.
984 6639 985 6644 κ
2020 6597 2054 6646 2⁰
