5492 7750
979 655 1028 702 16
1057 654 1189 704 anona
1217 653 1515 704 nrruovnrnccro
2132 633 2152 702 7

339 811 415 895 quia
440 808 656 872 mediantibus
680 808 774 872 dictis
798 786 888 871 libris
912 812 944 870 et
968 828 1038 870 oum
1064 828 1172 870 amore
1195 806 1257 870 Dei
1281 813 1313 870 61
1337 805 1442 892 gratia
1467 806 1576 891 ipsius,
1602 812 1737 870 testator
1761 805 1828 890 1666
1858 806 2027 891 acquisivit
2055 805 2155 870 facul-

340 922 424 980 tates
448 936 522 979 suas
547 922 608 980 etc.

427 1021 466 1086 In
491 1022 638 1086 omnibus
662 1027 771 1086 autem
795 1021 867 1084 aliis
891 1022 957 1086 6116
981 1019 1073 1086 bonis
1104 1020 1276 1084 mobilibus
1307 1028 1339 1084 61
1369 1020 1600 1101 immobilibus,
1625 1019 1838 1084 existentibus
1862 1025 1928 1082 tam
1955 1019 1990 1110 in
2025 1019 2154 1083 civitate

341 1129 469 1194 Pisauri
493 1129 619 1213 atejus
644 1129 816 1209 comitatu,
841 1150 937 1214 quam
960 1127 1106 1192 Venetiis
1129 1127 1161 1190 in
1184 1125 1295 1192 Monte
1319 1127 1471 1208 subsidii,
1497 1148 1534 1191 ac
1558 1127 1655 1190 etiam
1682 1127 1715 1190 in
1748 1125 1826 1189 villa
1860 1125 2100 1190 Scandellariae
2124 1135 2156 1190 ct

341 1237 470 1322 ubique,
495 1235 648 1300 dilectum
671 1237 741 1320 ejus
764 1235 865 1298 filimn
889 1234 1114 1300 Alexandrum
1138 1233 1276 1298 instituit
1299 1242 1359 1298 616.
1383 1235 1453 1317 ejus
1478 1233 1650 1297 haeredem
1674 1232 1890 1298 uniuersalem
1914 1241 1973 1297 ete.

426 1342 545 1407 Actum
568 1349 629 1407 eto.
650 1343 779 1406 Pisauri
803 1343 835 1405 in
859 1341 1062 1407 Cancellaria
1087 1341 1282 1422 Communis,
1300 1341 1361 1404 sita
1385 1342 1417 1404 in
1442 1342 1605 1426 quarterio
1629 1363 1653 1404 s.
1671 1340 1880 1424 Archangeli,
1895 1342 1991 1425 juxta
2012 1341 2153 1427 plateam

337 1471 491 1535 magnam
514 1458 574 1515 etc.
591 1448 874 1531 MDXXXVIII.,
892 1449 1065 1513 indictione
1081 1448 1156 1530 XI,
1175 1455 1318 1534 tempore
1341 1448 1546 1534 pontificatus
1570 1447 1763 1511 sanctissimi
1786 1447 1819 1510 in
1844 1447 1970 1511 Christo
1992 1448 2100 1512 Patris
2124 1456 2156 1512 et

337 1555 378 1621 D.
391 1556 432 1620 N.
446 1556 486 1621 D.
500 1556 596 1620 Pauli
612 1556 721 1620 divina
737 1555 940 1641 providentia
955 1555 1066 1641 Papae
1083 1554 1162 1636 III.,
1181 1555 1232 1618 die
1249 1576 1326 1619 vero
1343 1554 1493 1618 sabbathi
1509 1554 1622 1638 sancti,
1635 1553 1711 1619 XX.
1725 1554 1843 1617 mensis
1860 1554 1986 1640 aprilis;
2003 1575 2154 1640 praesen·

337 1662 423 1727 tibus
446 1663 574 1728 domino
600 1662 807 1748 Sigismnndo
832 1662 1032 1748 Samperolo,
1057 1661 1207 1744 Consule,
1225 1661 1504 1725 excellentissimis
1524 1661 1607 1744 juris
1630 1660 1797 1745 utriusque
1820 1660 2004 1724 doctoribus
2026 1660 2155 1726 domino

335 1769 502 1834 Ludovieo
525 1770 757 1853 Bezzecarino,
782 1769 911 1834 domino
934 1769 1083 1855 Baptista
1107 1768 1146 1833 de
1170 1768 1356 1851 Almericis,
1382 1790 1434 1832 ser
1456 1767 1583 1833 166116
1607 1767 1756 1853 Baptista
1778 1766 1953 1851 Vachario,
1978 1768 2154 1832 6611161-

336 1877 420 1941 61666
443 1877 617 1959 Β16116116,
635 1898 687 1942 661
709 1876 882 1941 Frauoiseo
907 1876 994 1959 Vita,
1011 1876 1166 1961 magistro
1189 1875 1288 1939 Petro
1311 1876 1453 1940 Bacchio
1477 1881 1509 1938 et
1532 1875 1630 1938 Petro
1653 1874 1795 1938 Antonio
1820 1874 1859 1937 de
1876 1873 2013 1956 Amatis,
2031 1875 2154 1940 civibus

336 1984 588 2070 pisaurensibus,
613 1984 749 2048 testibus
773 1991 833 2048 ete.

423 2090 495 2175 Ego
519 2091 740 2155 Beruardiuus
765 2114 816 2155 ser
840 2090 994 2176 Gasparis
1022 2089 1061 2154 de
1093 2090 1294 2170 Pectoribus,
1318 2089 1396 2154 civis
1419 2089 1558 2171 Pisauri,
1583 2089 1731 2174 publicus
1764 2088 1924 2174 imperiali
1955 2089 2151 2154 authoritate

338 2198 483 2262 notarius
506 2206 567 2262 etc.

424 2304 496 2390 Ego
520 2305 661 2374 Thomas
685 2304 948 2390 Diplosataccius
972 2304 1347 2390 constantinopolitanus,
1363 2304 1445 2387 juris
1466 2303 1632 2388 utriusque
1657 2303 1768 2367 doctor
1791 2309 1823 2366 et
1846 2303 1925 2366 61116
1945 2303 2085 2387 Pisauri,
2105 2304 2152 2366 61-

339 2409 445 2475 161616
477 2412 562 2475 16111
593 2433 663 2475 6666
692 2412 842 2474 ultimum
865 2432 972 2475 meum
996 2417 1222 2475 testamentum
1247 2410 1411 2496 publicum
1435 2410 1467 2472 in
1491 2409 1694 2474 Cancellaria
1718 2408 1903 2473 Communis
1925 2409 2054 2474 Pisauri
2077 2409 2152 2473 XX.

337 2517 447 2603 aprilis
472 2516 751 2598 thXXXVIII.,
777 2524 808 2580 et
832 2518 903 2582 ideo
928 2539 1025 2581 manu
1050 2539 1122 2581 mea
1146 2517 1320 2602 subscripsi
1343 2525 1403 2580 etc.

443 2715 511 2789 XI.
542 2715 627 2788 Post
655 2725 728 2787 tres
757 2739 868 2786 annos
897 2739 918 2786 6
948 2722 1160 2788 1661616116
1189 2714 1342 2810 6611116,
1364 2714 1437 2786 vita
1465 2714 1571 2786 cessit
1599 2713 1889 2810 Diplovataccius
1917 2723 2049 2811 noster,
2070 2740 2151 2788 cum

334 2839 481 2928 vixisset
503 2864 614 2912 annos
634 2839 813 2912 LXXIII.
844 2839 886 2910 In
914 2837 1004 2912 libro
1033 2839 1268 2914 Consiliorum
1297 2839 1451 2911 civitatis
1471 2838 1623 2934 Pisauri,
1645 2863 1750 2935 quem
1768 2839 1949 2934 praecedit
1969 2840 2151 2935 catalogus

336 2989 457 3038 eorum
486 2965 612 3061 quibus
642 2964 798 3037 Consilia
826 2966 1048 3058 constabant,
1080 2966 1130 3038 ita
1158 2965 1350 3037 adnotatur
1378 2963 1494 3036 obitus
1523 2963 1772 3060 Diplovatacii,
1803 2988 1911 3036 manu
1939 2965 2151 3038 Beruardini

335 3090 378 3162 de
407 3090 628 3184 Factoribus,
650 3090 779 3182 notarii
799 3098 834 3162 et
863 3089 1092 3163 Cancellarii:
1121 3090 1332 3162 «Dominus
1358 3089 1514 3162 Thomas
1543 3089 1586 3160 de
1615 3088 1837 3183 Ploratatiis,
1855 3090 1946 3187 juris
1967 3091 2150 3187 utriusque

333 3243 352 3284 »
386 3215 521 3311 doctor,
553 3215 608 3287 116
638 3215 784 3288 XXIX.
815 3215 901 3287 Maii
929 3214 1213 3310 llIDXXXXl.,
1244 3215 1339 3286 circa
1366 3214 1490 3287 horam
1519 3213 1706 3310 septimam
1736 3241 1771 3287 ›>.

827 3463 1331 3537 DIPLOVATAOCII
1374 3463 1657 3536 SCRIPTA.
1726 3573 1730 3582 ῃ

335 3677 426 3763 0616
449 3677 497 3742 116
512 3679 707 3762 praestantia
723 3675 901 3740 Doctorarn.
918 3675 1028 3759 Hujus
1045 3675 1240 3740 mentionem
1257 3675 1334 3739 16611
1349 3675 1456 3760 Pigna
1470 3675 1502 3737 in
1518 3675 1604 3738 hunc
1620 3674 1766 3739 modum:
1785 3673 1807 3738 I
1819 3711 1862 3720 —
1880 3673 1961 3738 XII.
1980 3675 2052 3738 libri
2071 3676 2151 3740 (16116
2219 3731 2220 3734 ,

484 3784 646 3848 6666116666
669 3783 716 3847 de'
733 3782 864 3848 Dettori.
889 3781 1053 3847 Pabritins
1078 3781 1284 3864 (Bibliotheca
1309 3783 1439 3865 Graeca,
1463 3788 1540 3846 tom.
1556 3781 1615 3864 X,
1633 3803 1709 3868 pag.
1728 3782 1813 3864 501)
1837 3782 1882 3844 ita
1906 3781 1945 3845 de
1969 3781 2029 3846 hoc
2053 3804 2149 3868 66616

481 3890 639 3975 loquitur:
667 3917 682 3948 (ι
709 3890 880 3976 Scripsisse
905 3889 1002 3953 etiam
1026 3890 1163 3954 traditur
1194 3890 1293 3954 libros
1320 3889 1490 3953 duodecim
1512 3888 1561 3953 116
1578 3892 1773 3973 praestantia
1796 3889 1965 3953 Doctorum
1992 3897 2019 3954 et
2041 3890 2147 3954 claris-

486 3998 570 4060 sinas
584 3997 826 4080 jurisconsultis,
845 3996 876 4059 in
902 3996 1018 4081 quibas
1042 3995 1286 4080 diligentissime
1310 3995 1359 4059 vir
1381 3996 1435 4060 ille
1459 4002 1492 4059 et
1512 3996 1595 4080 juris
1618 3995 1720 4059 civilis
1745 3993 1935 4080 dignitatem
1955 3995 2146 4081 explicavit,

482 4110 514 4167 61
537 4111 685 4168 61616166
709 4103 779 4186 ejus
804 4124 914 4166 omnes
944 4103 1199 4188 interpretesqne
1224 4123 1243 4166 6
1265 4103 1438 4167 Phoroneo
1468 4103 1564 4166 dueta
1595 4102 1678 4166 serie
1709 4101 1751 4164 61
1782 4124 1842 4166 616
1870 4123 1971 4187 nsque
2003 4110 2148 4189 tempora

483 4209 627 4274 deduxit.
654 4208 717 4273 Sed
741 4211 801 4273 hoc
824 4231 903 4296 opus
919 4211 1088 4295 Baptistae
1104 4209 1244 4295 Egnatio
1261 4217 1293 4274 et
1309 4210 1461 4274 Michaeli
1476 4209 1629 4273 Neandro
1646 4208 1737 4290 (vide
1753 4209 1988 4294 praefationem
2003 4209 2149 4276 Neandri

485 4317 525 4380 ad
550 4317 727 4382 Eretcrnota
758 4317 900 4402 Linguae
935 4317 1084 4399 Graecae,
1108 4338 1183 4403 pag.
1209 4319 1294 4398 257)
1318 4317 1533 4399 celebratum,
1558 4324 1614 4381 aut
1644 4317 1739 4403 periit
1767 4317 1836 4400 jam
1863 4317 1939 4381 olim
1964 4317 2088 4402 (inquit
2116 4318 2147 4380 iu

482 4425 668 4490 Bibliotheca
691 4425 950 4490 Bibliotlrecarnrn
973 4425 1165 4507 Labbaeus)
1190 4437 1246 4489 ant
1270 4425 1389 4489 alicubi
1412 4425 1453 4489 ab
1482 4425 1642 4511 aliquibus
1671 4424 1890 4510 supprimitur,
1913 4446 1953 4488 no
1977 4427 2010 4488 in
2033 4447 2147 4490 manus

483 4533 656 4597 multorum
673 4532 783 4597 veniat
800 4557 829 4596 ».
848 4531 948 4596 Temo
966 4539 1074 4598 auteur
1090 4531 1203 4614 XIII.,
1217 4555 1291 4618 pag.
1307 4535 1371 4596 555
1389 4533 1421 4596 in
1438 4533 1500 4596 vol.
1517 4532 1560 4597 X.
1578 4533 1700 4617 (inquit
1717 4531 1816 4617 ipse):
1839 4557 1854 4589 a
1871 4553 1945 4617 pag.
1964 4534 2027 4597 502
2044 4555 2148 4619 pauca

483 4639 641 4725 quaedam
666 4640 735 4702 dixi
758 4640 798 4703 de
823 4639 948 4703 Thema
971 4639 1216 4725 Diplouataccio
1239 4661 1356 4724 graeco
1381 4639 1528 4722 homine,
1552 4639 1608 4702 sed
1640 4639 1694 4724 qui
1724 4639 1891 4723 utriusque
1919 4639 2001 4723 juris
2034 4639 2145 4704 doctor

481 4746 579 4809 latine
604 4754 636 4809 61
660 4746 693 4809 iu
716 4745 813 4809 Italia
837 4745 964 4831 scripsit
988 4747 1047 4810 sub
1071 4753 1251 4810 extremum
1274 4746 1374 4810 seculi
1389 4745 1479 4828 XV„
1497 4745 1593 4829 hujus
1618 4745 1768 4831 6616116
1792 4745 1897 4808 Claris
1912 4744 2148 4810 Jarisconsaltis

481 4873 545 4917 nou
570 4861 692 4935 extare,
711 4853 805 4916 valde
830 4853 1004 4917 dolendum
1028 4875 1098 4917 esse
1122 4875 1248 4917 mecum
1271 4853 1469 4916 existimabit
1493 4853 1548 4938 qui
1571 4854 1672 4916 vitam
1693 4852 1843 4916 Bartholi
1866 4852 1907 4916 ab
1929 4874 1966 4916 eo
1984 4853 2146 4936 traditam,

482 4967 578 5045 atque
604 4960 674 5024 ideo
699 4982 718 5024 a
742 4982 793 5024 me
818 4960 902 5024 infra
926 4961 1141 5044 subjunctam,
1166 4961 1371 5046 cognouerit,
1392 4966 1425 5023 61
1449 4961 1475 5023 61
1500 4960 1586 5024 enim
1608 4960 1768 5046 spinosius
1791 4961 1900 5045 paullo
1925 4966 2022 5045 atque
2046 4961 2146 5024 incul-

483 5067 546 5131 tius
569 5067 689 5153 acripta
714 5075 772 5150 661,
797 5075 905 5132 tamen
929 5091 971 5131 ex
994 5068 1176 5153 diligentia,
1201 5089 1298 5153 qnam
1320 5068 1352 5130 in
1377 5089 1416 5131 66
1440 5067 1556 5131 author
1580 5067 1743 5149 adhibuit,
1768 5074 1903 5153 apparet
1927 5066 1966 5130 da
1987 5068 2146 5151 juriscon-

477 5163 575 5238 sultis
599 5196 677 5238 suae
700 5175 841 5238 maxime
866 5175 981 5239 aetatis
1005 5183 1037 5239 61
1051 5176 1182 5260 aliquot
1208 5182 1282 5239 ante
1306 5174 1508 5238 saeculorum
1531 5175 1633 5238 multa
1656 5196 1731 5254 ¹eum
1753 5195 1811 5237 nos
1832 5173 1930 5237 111666
1947 5174 2145 5257 edoctorum,

481 5303 563 5367 qaae
581 5303 691 5345 omnes
708 5281 837 5366 fugiunt
855 5306 884 5346 s.
904 5283 989 5346 Citst
1004 5283 1083 5369 ipse,
1101 5285 1133 5345 in
1157 5303 1227 5368 cap.
1244 5281 1336 5346 XIV.
1353 5283 1440 5346 vitae
1456 5281 1592 5364 Bartoli,
1610 5281 1728 5344 librum
1751 5301 1871 5344 nonmn
1893 5280 1942 5344 De
1964 5280 2146 5347 01611616-

479 5389 677 5471 risconsnltis,
695 5407 829 5472 necnon,
848 5409 943 5474 quem
967 5389 1007 5452 ab
1031 5389 1086 5452 illo
1111 5388 1289 5474 distinguit,
1307 5395 1480 5452 tractatum
1503 5386 1950 5472 116616661661161166161611.
1967 5387 2144 5474 Utriusque

479 5495 577 5559 etiam
609 5495 659 5558 his
690 5496 796 5558 verbis
828 5496 907 5560 facit
937 5497 1133 5560 mentionem
1161 5496 1301 5560 Michael
1331 5495 1494 5578 Neander,
1523 5495 1556 5559 in
1588 5494 1757 5580 praeclara
1788 5494 1844 5557 illa
1875 5494 2076 5580 praefatione
2104 5497 2145 5560 ad

479 5599 656 5665 Eratenrata
682 5600 823 5686 Linpnae
849 5602 1000 5686 Graecae,
1025 5623 1081 5665 seu
1109 5602 1215 5687 661116
1246 5601 1480 5666 introductione
1511 5601 1553 5664 ad
1581 5601 1728 5665 notitiam
1752 5600 1943 5684 literariam,
1967 5623 2042 5687 pag.
2070 5605 2143 5668 151.

482 5733 497 5764 «
526 5707 660 5793 Scripsit
685 5709 784 5772 etiam
806 5709 930 5772 Baldus
953 5708 1123 5795 perusinus
1139 5709 1188 5773 Da
1204 5709 1535 5773 corrrrnarnorationibas
1548 5709 1824 5792 sanrosr'ssirnorann
1839 5709 1995 5772 doctorum
2011 5711 2042 5772 in
2061 5717 2144 5773 atro·

476 5839 490 5869 »
522 5836 579 5898 666
595 5815 682 5896 jare,
700 5820 731 5878 et
756 5814 897 5880 Thomas
921 5814 1196 5900 Diplovataccius,
1214 5814 1368 5900 patricius
1390 5814 1757 5899 constantinopolitanus
1780 5813 1880 5878 libros
1895 5813 1975 5877 XII.
1991 5813 2040 5878 116
2050 5837 2144 5898 prae-

478 6051 492 6084 »
522 6027 679 6112 Egnatio,
701 6029 784 6112 ¹juris
817 6029 920 6092 civilis
950 6028 1142 6114 dignitatem
1174 6027 1349 6114 explicavit
1379 6034 1411 6091 61
1440 6034 1587 6091 61616166
1617 6028 1687 6112 ejus
1711 6027 1965 6112 interpretesqne
1990 6047 2100 6092 omnes
2124 6049 2144 6091 6

480 6160 495 6192 »
524 6135 695 6200 Phoroneo
720 6135 817 6200 ducta
841 6136 923 6199 serie
948 6135 988 6198 ad
1012 6143 1123 6202 nostra
1146 6155 1248 6220 usque
1271 6141 1417 6220 tempora
1440 6134 1591 6217 deduxit3
1609 6134 1666 6197 sed
1689 6142 1859 6219 utrumque
1880 6133 2047 6218 utriusque
2064 6156 2143 6221 opus

478 6267 493 6300 »
524 6249 579 6305 aut
602 6242 708 6328 periit,
734 6250 790 6306 611
814 6242 933 6306 alicubi
957 6242 998 6306 ab
1022 6242 1183 6328 aliquibus
1209 6242 1428 6328 supprimitur,
1454 6263 1493 6305 16
1519 6242 1550 6304 11
1574 6241 1748 6305 multorum
1771 6262 1885 6304 manus
1908 6239 2018 6304 reniet
2043 6267 2073 6304 ».

328 6348 392 6413 Sed
415 6349 579 6413 Fabritius
603 6348 774 6412 veritatem
798 6349 831 6412 in
854 6370 995 6414 errorem
1019 6349 1247 6432 eommutavit;
1265 6370 1341 6412 nam
1363 6370 1463 6412 unum
1486 6348 1634 6435 idemque
1657 6348 1717 6412 fuit
1740 6347 1977 6434 Diplorataceii
1998 6369 2094 6433 opus;
2111 6355 2143 6411 et

477 6456 590 6519 titulus
614 6455 663 6520 De
689 6455 794 6520 (ilaris
818 6455 1054 6522 Jnriscensnltis
1077 6456 1156 6520 nihil
1181 6455 1268 6520 aliud
1292 6456 1452 6540 siguificat
1481 6455 1541 6518 nisi
1565 6477 1685 6520 nonum
1709 6455 1855 6540 ejusdem
1878 6455 1983 6541 operis
2009 6455 2141 6538 librum,
