5544 7750
1023 647 1107 697 aaa.
1137 645 1210 696 orv.
1239 645 1287 696 nr
1316 645 1400 694 ean.
1431 645 1538 696 naon.
2111 628 2185 700 353

371 798 405 869 in
439 824 480 873 eo
518 809 698 874 errantem
726 809 897 897 sequutus
924 801 1127 875 Fontanam
1153 802 1228 874 sine
1266 803 1372 875 dubio
1410 810 1517 874 errat.
1547 801 1643 875 Nam
1679 809 1718 875 nt
1753 803 1971 898 ommittam,
2001 828 2082 876 cum
2120 804 2189 878 duo

369 925 503 997 fuerint
530 926 758 1022 Macagnani,
788 926 879 999 alter
908 925 1073 1022 Gregorii
1100 925 1205 1023 filius,
1235 926 1326 1000 alter
1354 927 1575 1021 Bliobarixii,
1604 953 1649 1000 ex
1678 953 1720 1001 eo
1747 927 1851 1001 titulo
1881 928 1962 1000 sciri
1990 952 2061 1002 non
2087 953 2190 1025 posse

370 1051 416 1122 ad
444 1059 565 1123 utrum
593 1077 636 1124 ea
663 1076 772 1150 opera
801 1052 871 1124 sint
899 1052 1106 1147 referenda,
1137 1052 1370 1125 certissimum
1406 1060 1459 1125 est
1487 1053 1585 1152 prius
1614 1053 1699 1126 illud
1728 1053 1782 1126 De
1810 1055 1986 1126 communi
2013 1056 2191 1152 opinione,

369 1199 594 1273 nequaquam
623 1177 668 1248 ad
695 1176 760 1250 hos
789 1185 940 1272 veteres,
971 1178 1033 1250 sed
1060 1178 1106 1250 ad
1134 1176 1241 1249 alium
1269 1177 1533 1275 Macapaaaam
1555 1179 1597 1250 de
1616 1177 1833 1277 Aazoquidis
1852 1178 1891 1252 J.
1923 1177 2190 1253 dannanus

369 1298 448 1397 plus
476 1299 625 1373 saeculis
653 1301 885 1397 posteriorem
914 1302 1037 1396 (cuius
1065 1325 1168 1374 nemo
1208 1325 1299 1374 unus
1335 1311 1460 1375 auctor
1498 1303 1680 1396 meminit)
1710 1303 1908 1401 pertinere3
1939 1303 2032 1400 quod
2072 1311 2107 1376 et
2144 1328 2190 1376 ex

368 1424 480 1521 ipsius
507 1425 663 1498 auctoris
692 1426 737 1498 ad
765 1425 1034 1500 Emmanuelem
1063 1426 1273 1499 Filibertum
1302 1427 1501 1500 Sabaudiae
1532 1427 1669 1500 Ducem
1697 1428 1958 1526 nuncupatoria
1985 1427 2136 1524 epistola
2155 1438 2191 1501 et

369 1574 415 1622 ex
443 1551 665 1648 praefatione
693 1551 739 1624 ad
767 1550 947 1646 lectorem,
969 1559 1005 1624 et
1034 1577 1079 1624 ex
1107 1559 1183 1625 toto
1211 1553 1342 1649 passim
1373 1551 1541 1649 opusculo
1569 1552 1855 1626 manifestissime
1884 1560 1995 1650 patet.
2022 1552 2189 1626 Alterum

370 1699 454 1749 vero
483 1700 571 1774 opus
600 1676 653 1748 De
681 1676 942 1773 quaestionibus
964 1678 1076 1774 juris,
1106 1702 1321 1774 quamquam
1349 1677 1470 1751 videre
1499 1703 1570 1750 non
1599 1679 1792 1775 potuerim,
1812 1677 1967 1751 arbitror
1994 1685 2115 1751 tamen
2143 1679 2188 1752 ad

369 1802 532 1874 eumdem
559 1800 654 1873 huno
681 1809 861 1874 recentem
889 1801 1153 1897 Macagnanum
1181 1811 1353 1900 spectare.
1385 1802 1467 1876 Non
1497 1803 1590 1876 enim
1627 1803 1749 1876 dubito
1779 1803 1862 1899 quin
1892 1803 2189 1899 quemadmodum

369 1926 615 2024 typographus
643 1925 701 2000 illa
729 1927 955 1999 bononiensis
984 1927 1107 2022 (cuius
1136 1927 1271 2000 nullum
1304 1952 1432 2001 nomen
1465 1927 1680 2027 apponitur)
1708 1928 1744 2000 in
1772 1928 1901 2026 prioris
1930 1929 2046 2026 operis
2083 1927 2188 2002 titulo

368 2050 489 2149 lapsus
517 2051 718 2124 Fontanam
747 2052 898 2148 decepit,
928 2052 979 2124 ita
1007 2053 1114 2124 etiam
1143 2052 1267 2125 fecerit
1296 2053 1331 2124 in
1360 2052 1463 2126 titulo
1491 2053 1710 2150 posterioris.

473 2177 543 2250 Xl.
573 2176 697 2249 Placet
724 2175 781 2248 hic
818 2177 926 2249 alium
964 2176 1149 2250 Fontanae
1187 2202 1343 2250 errorem
1380 2187 1564 2251 annotare.
1596 2177 1695 2275 Opus
1731 2178 1958 2277 inscriptum:
1991 2177 2189 2275 Spataqma

368 2304 602 2374 communiam
633 2303 849 2398 opinionum,
877 2305 947 2374 sice
976 2310 1189 2400 receptarum
1201 2303 1302 2400 juris
1322 2305 1504 2400 citatusque
1522 2306 1775 2376 saracenatorum
1794 2313 1861 2376 etc.
1888 2304 1924 2374 in
1952 2328 2022 2400 quo
2049 2302 2189 2376 libellus

368 2425 421 2498 De
449 2427 626 2500 cornarani
652 2429 814 2524 opinione
842 2427 1044 2525 exscriptus
1072 2437 1143 2523 est,
1174 2428 1299 2500 tribuit
1326 2426 1384 2500 ille
1413 2428 1572 2501 Antonio
1600 2427 1736 2501 Mariae
1766 2428 1943 2502 Corazaae
1972 2428 2186 2502 cortonensi.

366 2555 418 2624 at
446 2551 594 2624 fallitur.
623 2550 719 2624 Nam
747 2551 904 2624 Corazza
933 2562 1057 2624 auctor
1088 2551 1333 2650 Spataqaratr's
1361 2577 1431 2626 nou
1460 2561 1535 2649 est,
1565 2554 1626 2626 sad
1655 2577 1746 2626 rmus
1775 2579 1820 2626 ex
1849 2554 1890 2625 iis
1919 2578 2068 2650 quorum
2103 2577 2188 2649 opu·

367 2677 465 2749 scula
491 2678 528 2748 in
557 2701 598 2750 eo
628 2686 710 2750 sunt
739 2676 887 2749 collecta
915 2678 1095 2749 aJoanue
1124 2676 1290 2774 Baptista
1318 2678 1506 2773 Regnauld
1535 2703 1619 2750 vero
1647 2677 1920 2775 Spatapmatam
1949 2689 2096 2750 auctore
2125 2702 2188 2751 seu

367 2801 567 2897 collectore,
598 2802 650 2874 uti
679 2811 778 2898 patet
807 2827 852 2874 ex
881 2802 1030 2899 epistola
1060 2802 1279 2876 dedicatoria
1307 2813 1342 2876 et
1371 2828 1416 2875 ex
1445 2803 1520 2901 ipso
1550 2828 1667 2900 opere.
1699 2803 1778 2892 Qua
1806 2804 1840 2874 in
1871 2828 1908 2875 rc
1937 2803 2101 2876 Fontana
2129 2804 2187 2876 ‹le-

366 2927 460 3026 cepit
487 2928 595 3000 etiam
623 2927 928 3000 Mazzuchellium.

1249 3324 1298 3397 II.

753 3594 1080 3704 THOMAS
1124 3595 1229 3702 DE
1272 3594 1795 3704 MABZALOLIS.

471 3935 655 4034 Frequens
683 3934 788 4007 huius
817 3943 871 4007 est
899 3935 1070 4006 memoria
1098 3934 1134 4005 in
1163 3933 1401 4005 monumentis
1429 3931 1560 4005 nostris
1589 3932 1696 4006 etiam
1724 3933 1789 4005 sub
1812 3931 1880 4004 fine
1901 3930 2033 4005 saeculi
2051 3931 2179 4026 XIII,

364 4068 471 4158 atque
500 4085 545 4134 ex
574 4061 697 4134 iisdem
726 4059 957 4155 intelligimus
985 4058 1095 4131 filium
1121 4059 1229 4131 fuisse
1249 4057 1436 4152 Bonifaoii,
1457 4056 1517 4154 qni
1537 4065 1572 4129 et
1591 4058 1666 4156 ipsc
1684 4057 1752 4129 fuit
1771 4056 1889 4152 legum
1910 4058 2054 4154 doctor,
2074 4056 2183 4129 habet

362 4185 456 4258 enim
485 4185 621 4259 domini
650 4185 937 4284 appellationem,
959 4209 1062 4281 quae,
1083 4193 1122 4256 ut
1150 4193 1274 4256 notum
1303 4191 1368 4278 est,
1390 4182 1472 4256 solis
1492 4181 1610 4277 legum
1630 4183 1888 4280 professoribus
1915 4183 2059 4279 antiquo
2083 4206 2181 4255 more

362 4312 552 4384 convenire
581 4319 732 4408 poterat.
763 4313 870 4384 Anno
898 4308 1157 4383 MCCXCVII.
1188 4308 1345 4382 Thomas
1379 4319 1500 4381 noster
1538 4307 1679 4402 legebat
1708 4309 2012 4402 extraordinarie,
2041 4316 2081 4379 ut
2108 4306 2181 4378 aie-

361 4438 468 4533 bant,
498 4461 613 4534 neque
650 4437 744 4509 enim
781 4436 897 4508 adhuc
931 4436 1055 4508 doctor
1084 4443 1225 4507 creatus
1252 4434 1389 4530 fuerat,
1428 4441 1536 4530 atque
1565 4433 1657 4506 iuter
1686 4457 1745 4506 eos
1774 4433 1978 4506 nominatur
2005 4433 2182 4529 quibusa

360 4587 399 4635 re
427 4561 572 4635 militari
600 4560 657 4633 vel
685 4564 728 4634 ob
757 4569 913 4634 aetatem
940 4558 1343 4656 ing1·avascentc1n,rel
1372 4561 1415 4632 ob
1444 4557 1657 4631 imbecillam
1686 4557 1938 4654 valetudinem,
1959 4557 2016 4631 vel
2045 4558 2089 4630 ob
2119 4558 2181 4630 do-

361 4688 464 4760 cendi
490 4686 649 4760 laborem
676 4686 799 4760 feriari
826 4686 955 4760 licebat
971 4684 1021 4760 (¹).
1052 4685 1124 4758 Sub
1160 4685 1238 4783 ipsa
1276 4685 1377 4757 initia
1406 4682 1536 4757 saeculi
1565 4683 1670 4757 XIV.
1700 4684 1866 4756 nimirum
1895 4708 1987 4756 anno
2015 4681 2178 4755 MOOOI.

361 4813 477 4885 adhuc
504 4813 540 4884 in
570 4811 707 4884 Scholis
735 4812 885 4884 docebat
913 4836 984 4883 non
1019 4820 1203 4908 tamquam
1240 4811 1384 4904 doctor,
1414 4809 1474 4881 sed
1514 4818 1695 4906 tamquam
1734 4809 1975 4906 iurisperitus,
2005 4808 2056 4880 ita
2087 4808 2180 4880 'enim

361 4946 510 5011 vocatur
538 4937 574 5009 in
603 4937 716 5010 veteri
743 4937 868 5010 charta
897 4937 1032 5033 archivj
1062 4936 1176 5008 nostri
1203 4935 1355 5034 publici,
1385 4935 1421 5006 in
1459 4959 1528 5031 qua
1566 4959 1734 5032 praesens
1769 4935 1898 5006 dicitur
1926 4931 2181 5006 renuntiationi

360 5063 477 5136 factae
507 5088 528 5136 a
557 5062 698 5142 domino
727 5061 899 5134 Bartholo
929 5061 1046 5158 priore
1075 5085 1198 5133 sacrae
1222 5059 1494 5134 camaldulensis
1514 5059 1634 5155 eremi,
1654 5059 1860 5132 monasterii
1881 5065 2025 5132 sanotae
2044 5057 2182 5130 Mariae

361 5188 403 5260 de
432 5186 581 5260 Ravana
608 5187 646 5258 in
675 5186 804 5258 vicinia
832 5185 1013 5259 Bononiae
1043 5185 1110 5258 sito
1140 5193 1243 5257 extra
1272 5194 1424 5283 portam,
1455 5209 1545 5281 quae
1574 5183 1640 5257 Pia
1668 5185 1891 5282 postmodum
1922 5183 2017 5256 dicta
2045 5191 2110 5277 est,
2142 5191 2180 5254 ut

361 5338 442 5385 enm
469 5312 585 5385 locum
615 5335 737 5386 sacrae
766 5311 935 5407 Virgines
963 5309 1158 5383 incolerent
1187 5334 1278 5407 quae
1307 5308 1622 5382 camaldulensium
1658 5309 1830 5382 institutis
1869 5309 2114 5403 abundarent,
2144 5316 2180 5379 et

360 5437 503 5511 Ordinis
532 5437 721 5510 Praefecto
749 5443 927 5534 parerent.
954 5436 1139 5530 Integrum
1170 5435 1213 5508 de
1242 5434 1310 5508 hac
1338 5459 1377 5507 re
1406 5441 1685 5530 monumentum,
1705 5434 1865 5530 ignotum
1886 5434 2087 5506 Arraab'am
2112 5431 2181 5505 Ca-

360 5563 634 5635 matdalensiam
664 5562 880 5657 anctoribm,
910 5568 1012 5634 extat
1029 5559 1080 5634 (2).

467 5686 536 5760 Sed
564 5712 656 5761 anno
684 5685 885 5760 MOOOIV.
916 5687 1010 5758 inter
1039 5687 1202 5760 doctores
1230 5694 1396 5782 receptus
1425 5693 1479 5758 est
1507 5684 1664 5758 Thomas
1692 5709 1764 5758 una
1800 5709 1878 5757 cum
1913 5683 2098 5759 Bonifacio
2137 5684 2179 5755 de

360 5811 553 5885 Gallucoiis
581 5821 617 5885 et
643 5812 813 5885 Mathaeo
842 5812 885 5884 de
914 5809 1161 5884 Gandonibus.
1193 5811 1270 5900 Quo
1299 5835 1356 5883 res
1385 5811 1488 5883 modo
1518 5819 1599 5882 acta
1627 5811 1672 5882 sit
1712 5810 1834 5908 paucis
1870 5809 2107 5904 narrandum,
2138 5833 2179 5880 co

438 6115 477 6179 (l)
492 6113 575 6166 Extat
594 6119 800 6166 monumentum
817 6115 845 6166 in
859 6113 920 6166 Lib.
933 6113 1036 6165 Pravis.
1049 6114 1075 6164 A
1088 6115 1116 6180 †,
1135 6113 1182 6164 fol.
1196 6115 1239 6164 33.
1294 6115 1342 6165 illo
1362 6114 1535 6166 Parthenone
1554 6113 1752 6167 consecrandas
1765 6112 1908 6182 re[liquit].
1922 6111 1977 6163 Res
1992 6113 2050 6162 tots
2063 6113 2125 6162 sata
2139 6111 2180 6160 est

438 6206 476 6270 (2)
496 6203 537 6254 le
557 6204 653 6256 eodem
668 6207 843 6256 monumento
858 6208 952 6255 notum
973 6203 1002 6254 flt
1021 6203 1142 6254 Thomas
1156 6202 1242 6254 nostri
1296 6205 1323 6256 in
1344 6204 1509 6256 Mananterio
1528 6202 1615 6256 sancti
1635 6202 1772 6268 Damiani,
1787 6202 1858 6272 quod
1878 6201 1967 6254 adhuc
1987 6200 2110 6252 incolunt
2129 6197 2180 6250 Ca·

357 6293 470 6345 fratrem
483 6293 567 6346 fuisse
581 6292 737 6345 Galvanum
750 6295 798 6363 qui
816 6294 916 6346 ibidem
931 6295 1031 6347 dicitur
1042 6295 1176 6346 discretus
1188 6292 1239 6358 vir,
1293 6295 1487 6348 maldulenses.
1507 6293 1635 6360 (Scholac
1656 6293 1740 6345 etiam
1753 6291 1891 6345 Tommasi
1904 6291 1936 6343 de
1951 6289 2118 6356 Marzalolijs
2132 6303 2180 6339 no-

357 6381 490 6448 dominus,
505 6385 532 6434 et
551 6383 617 6435 civis
630 6382 819 6448 Bononiensis,
832 6386 932 6454 quique
946 6388 1063 6453 quatuor
1081 6382 1152 6436 filias
1171 6384 1236 6436 Phi·
1292 6386 1433 6437 minantur
1451 6383 1478 6436 in
1498 6385 1568 6437 libro
1586 6383 1788 6436 Memorialr'um
1807 6381 1872 6434 anni
1884 6378 2035 6432 uocem.
2048 6375 2179 6429 Ubsldini

356 6473 470 6541 lippam,
489 6470 673 6538 Franciscam,
692 6471 867 6525 Lixobettom
893 6477 920 6526 et
945 6473 1102 6526 Johannam
1122 6475 1150 6527 in
1169 6493 1239 6529 noro
1294 6473 1403 6541 Savini,
1422 6491 1446 6528 o.
1466 6478 1481 6526 6
1501 6478 1587 6536 retro,
1607 6473 1637 6528 0.
1656 6472 1708 6541 M.)

510 6701 579 6738 ΤΟΜ.
599 6702 630 6738 11.
