5490 7750
790 663 1020 712 senonaunrx
1048 663 1099 711 an
1128 659 1384 711 nsornssonss
1413 661 1518 712 rmus
1548 661 1681 710 crvrnrs
2067 641 2138 710 151

327 821 450 917 nisque
471 821 569 917 equis
589 820 744 914 munitis,
764 818 1044 891 transmittendis
1065 818 1109 890 ad
1129 817 1312 889 servitium
1333 841 1500 889 romanae
1521 817 1621 890 Sedis
1643 841 1704 913 per
1724 824 1796 890 tres
1816 818 1972 913 integros
1992 842 2142 913 mensae,

326 945 482 1042 quolibet
502 969 606 1040 anno,
625 945 760 1017 servari
781 944 908 1016 debeat
928 943 1122 1039 primarum
1142 941 1326 1014 literarum
1346 943 1472 1014 forma,
1493 941 1715 1014 Reformatio
1735 951 1855 1014 tamen
1874 943 1979 1038 hujus
1999 942 2146 1040 capituli

324 1070 403 1167 suit,
429 1071 522 1167 quod
551 1070 596 1141 ad
625 1070 841 1142 commodius
870 1068 1124 1164 praestandum
1153 1065 1416 1164 praedictorum
1445 1067 1601 1164 equitum
1632 1067 1827 1139 subsidium
1857 1068 2041 1140 duodecim
2070 1068 2143 1140 dic-

324 1220 403 1268 rum
432 1195 586 1292 spatium
616 1195 880 1267 concederetur.

430 1320 476 1393 V.
508 1319 609 1408 Quod
638 1321 673 1391 in
703 1342 880 1415 casuque
910 1316 1135 1391 Universitas
1157 1316 1213 1388 vel
1241 1316 1334 1389 illius
1363 1318 1477 1413 major
1505 1342 1587 1414 pars
1617 1344 1638 1390 a
1667 1328 1792 1391 sancta
1821 1319 1911 1392 Sede
1941 1318 2142 1411 rebellaret,

324 1454 409 1518 tunc
438 1445 720 1539 intelligerentur
747 1451 937 1515 revocatae
971 1467 1092 1514 omnes
1129 1442 1266 1537 gratiae
1303 1441 1585 1516 Bononiensibus
1624 1467 1830 1539 concessae,
1860 1463 1895 1515 et
1933 1451 2057 1516 contra
2084 1469 2143 1516 cos

324 1578 516 1643 renovatae
547 1593 667 1641 omnes
696 1592 831 1666 poenae
860 1568 896 1638 in
925 1568 1058 1640 eisdem
1088 1567 1185 1664 puris
1213 1566 1325 1638 literis
1354 1567 1551 1663 impositae.
1582 1568 1888 1656 Quemadmodum
1912 1577 2031 1641 autem
2050 1568 2144 1640 revi-

324 1696 496 1768 viscentis
524 1694 641 1790 quoad
670 1718 791 1766 omnes
820 1701 855 1766 et
884 1692 1060 1788 quaslibet
1089 1717 1221 1788 poenas
1249 1693 1284 1764 in
1315 1692 1438 1789 primis
1467 1692 1579 1765 literis
1608 1702 1793 1767 contentas
1821 1694 1999 1766 afficiebat
2021 1718 2143 1790 quem·

324 1821 410 1894 libet
438 1844 576 1914 casum,
606 1819 643 1890 in
672 1843 741 1915 quo
770 1819 978 1915 cuicumque
1007 1843 1052 1890 ex
1081 1817 1228 1912 triginta
1257 1817 1421 1914 capitulis
1458 1817 1703 1891 verificaretur
1738 1819 2000 1915 contraventio,
2030 1820 2081 1891 ita
2108 1819 2144 1890 in

324 1945 419 2018 bisce
449 1944 675 2042 suppletoriis
703 1943 815 2016 literis
845 1943 1046 2016 decernitur
1085 1942 1279 2039 primarum
1316 1942 1500 2015 literarum
1538 1968 1670 2040 poenas
1707 1943 1919 2016 reviviscere
1957 1943 2144 2016 dumtaxat

325 2071 462 2167 quoties
491 2070 586 2142 hisco
617 2069 787 2166 praelatis
817 2069 970 2165 quinque
1000 2067 1164 2165 capitulis
1186 2076 1352 2164 exparte
1374 2067 1658 2165 Communitatis,
1681 2093 1743 2140 seu
1762 2093 1808 2142 ex
1828 2069 1903 2165 ejus
1924 2069 2038 2166 culpa,
2061 2093 2145 2141 con·

325 2204 530 2268 traventum
558 2195 677 2267 fuerit.

430 2320 496 2392 VI.
527 2318 581 2391 De
611 2318 768 2416 expulsis
797 2344 818 2392 a
847 2319 1002 2414 civitate,
1034 2317 1128 2414 quod
1155 2342 1282 2414 nempe
1312 2318 1379 2414 ipsi
1407 2319 1561 2415 patriam
1589 2320 1737 2392 redeant
1766 2327 1800 2392 et
1834 2319 2014 2416 publicata
2050 2320 2144 2392 bona

323 2455 553 2542 recuperent,
586 2445 775 2518 dummodo
805 2469 882 2515 cum
913 2444 1104 2516 securitate
1143 2444 1296 2516 civitatis
1325 2443 1392 2515 boc
1420 2444 1501 2539 fiat,
1533 2445 1792 2540 dummodoquc
1822 2469 1928 2542 super
1956 2444 2144 2542 publicatis

323 2570 424 2643 bonis
449 2572 508 2667 jus
537 2569 633 2642 tertii
661 2569 796 2642 laesum
824 2594 895 2642 non
922 2570 1026 2642 soret.
1058 2569 1182 2657 Quoad
1219 2569 1285 2640 hoc
1326 2569 1523 2665 capitulum
1559 2569 1780 2642 Reformatio
1819 2571 1978 2642 consistit
2016 2571 2051 2642 in
2090 2595 2142 2665 ec,

325 2697 418 2792 quod
447 2697 605 2792 expulsos
633 2693 853 2789 intelligatur
882 2695 924 2766 de
953 2693 1108 2790 illisqui
1137 2693 1381 2790 expulsionem
1410 2695 1480 2766 sint
1509 2694 1605 2792 passi
1628 2704 1708 2791 post
1734 2695 2004 2768 commotionem
2025 2694 2144 2793 populi

327 2829 450 2894 contra
478 2820 667 2914 Legatum,
690 2819 854 2916 quodque
884 2819 1182 2916 quemadmodum
1209 2820 1332 2891 favore
1361 2820 1594 2916 privatorum,
1616 2821 1667 2892 ita
1687 2820 1795 2892 etiam
1815 2821 1938 2893 favore
1958 2820 2145 2894 Universi·

324 2945 408 3018 tatis
437 2944 667 3042 particularia
691 2944 775 3041 jura
804 2969 911 3040 super
938 2943 1126 3041 publicatis
1156 2945 1255 3016 bonis
1281 2954 1561 3040 reservarentur,
1583 2945 1747 3041 quodque
1773 2946 1914 3017 demum
1941 2946 2145 3018 eorumdem

324 3070 553 3168 expulsorum
582 3095 765 3165 regressus
794 3071 838 3142 ad
875 3071 1028 3167 patriam
1066 3095 1135 3142 non
1173 3071 1302 3142 debeat
1337 3071 1496 3166 admitti,
1526 3080 1701 3166 quatenus
1730 3095 1775 3143 ex
1804 3095 1845 3143 eo
1875 3071 2000 3143 seditio
2028 3072 2145 3143 timeri

325 3195 455 3269 valeat.

429 3320 515 3392 VII.
547 3321 662 3392 'Vetus
691 3319 886 3417 capitulum
915 3321 1031 3416 quoad
1061 3320 1309 3416 stipendiarios
1337 3321 1491 3393 civitatis
1521 3329 1610 3416 erat,
1631 3321 1888 3418 praestandum
1916 3322 1991 3394 lore
2012 3323 2056 3394 ab
2077 3321 2144 3393 illis

325 3444 505 3518 fidelitatis
532 3445 773 3542 juramentum
802 3445 838 3516 in
866 3445 1029 3518 manibus
1058 3445 1161 3517 unius
1190 3470 1235 3518 ex
1264 3445 1450 3519 Judicibus
1479 3445 1772 3543 appellationum,
1802 3471 1868 3519 nec
1895 3471 1967 3519 non
1994 3447 2039 3518 ad
2068 3445 2144 3544 pla-

324 3571 433 3643 citum
464 3570 644 3642 Pontificis
673 3579 709 3642 et
737 3579 881 3642 sauctae
912 3570 1012 3642 Sedis
1040 3595 1099 3642 eos
1128 3571 1303 3644 removeri
1332 3595 1453 3667 posse,
1484 3572 1582 3643 etin
1612 3595 1697 3643 casu
1725 3572 1930 3644 remotionis
1964 3571 2144 3666 eligendos

324 3695 399 3768 lore
428 3694 515 3768 alios
543 3702 687 3767 sanctae
723 3695 806 3767 Sodi
834 3703 955 3789 gratos
985 3702 1021 3767 et
1049 3702 1226 3792 acceptos
1257 3695 1381 3784 Quoad
1410 3694 1477 3768 hoc
1506 3695 1700 3792 capitulum
1729 3695 1931 3768 decernitur
1959 3697 2051 3793 quod
2088 3721 2144 3769 so·
2191 3711 2195 3724 “

323 3820 501 3892 lummodo
531 3819 774 3892 Couestabiles
805 3819 981 3892 dictorum
1009 3821 1331 3917 stipendiariorum,
1357 3845 1508 3916 quorum
1535 3820 1683 3918 quilibet
1712 3822 1776 3894 sub
1806 3846 1868 3894 suo
1898 3821 2028 3895 vexillo
2057 3846 2144 3918 qua-

324 3945 489 4039 draginta
517 3943 677 4016 homincs
706 3943 881 4040 retineat,
912 3953 1096 4040 praestare
1125 3945 1278 4017 debcant
1315 3969 1435 4017 coram
1472 3969 1542 4019 uno
1578 3970 1622 4018 ex
1652 3946 1839 4019 Judicibus
1868 3945 2146 4043 appellationum

324 4069 504 4142 fidelitatis
528 4069 785 4165 juramentum,
809 4069 1004 4142 consistens
1024 4071 1058 4140 in
1079 4069 1173 4142 fideli
1193 4069 1337 4142 servitio
1359 4079 1504 4144 sanctae
1526 4070 1638 4167 Sedis,
1659 4072 1695 4142 in
1716 4071 1965 4144 conservandis
1985 4071 2144 4167 ejusdem

320 4194 476 4290 juribuS,
507 4203 542 4266 et
571 4194 608 4265 in
636 4193 851 4290 obligatione
879 4219 951 4266 non
985 4194 1196 4267 admittendi
1224 4195 1259 4266 in
1289 4219 1411 4267 eorum
1447 4196 1654 4268 societatem
1688 4195 1850 4268 homines
1885 4205 2029 4268 sanctae
2065 4195 2147 4268 Sedi

322 4320 518 4392 indevotos.
540 4319 596 4390 Ac
622 4317 771 4392 ulterius
796 4319 1051 4417 praescribitur
1079 4318 1231 4392 alterum
1250 4319 1431 4392 fidelitatis
1451 4329 1712 4394 sacramentum
1733 4321 1987 4418 praestandum
2007 4346 2145 4418 quoque

322 4468 398 4517 esse
427 4445 471 4516 ab
501 4444 624 4516 eodem
653 4444 780 4516 Judice
810 4443 1078 4542 appellationiS,
1109 4445 1210 4541 cujus
1238 4446 1353 4518 forma
1382 4447 1449 4518 erit
1485 4471 1554 4518 non
1592 4446 1786 4542 recipiendi
1818 4471 1944 4543 nempe
1974 4445 2146 4519 Conesta-

322 4569 410 4642 biles
439 4568 609 4665 infideles,
639 4568 868 4666 infidelesque
898 4569 1062 4666 privandi
1090 4577 1126 4641 et
1154 4595 1175 4642 a
1204 4570 1348 4644 civitate
1377 4581 1412 4643 et
1441 4571 1605 4643 districtu
1633 4570 1845 4668 expellendi.

429 4694 534 4767 VIII.
565 4693 771 4792 Capitulum
799 4695 917 4790 quoad
946 4695 1091 4767 dedices
1119 4694 1399 4792 appellationum
1427 4703 1463 4770 et
1488 4696 1604 4792 quoad
1634 4696 1838 4769 eorumdem
1861 4696 2146 4793 jurisdictionem

321 4829 357 4893 et
386 4819 529 4891 modum
558 4818 739 4894 electionis
769 4827 804 4892 et
833 4819 1084 4892 nominationis
1113 4819 1149 4892 in
1177 4819 1325 4892 nibilum
1360 4821 1502 4894 differat
1538 4846 1560 4893 a
1599 4821 1714 4893 forma
1751 4821 1787 4892 in
1824 4821 2000 4918 prioribus
2035 4820 2146 4894 literis

320 4953 505 5018 contenta.

430 5070 499 5143 IX.
531 5069 636 5143 Circa
664 5071 867 5168 impositum
893 5095 1037 5143 censum
1057 5081 1092 5143 et
1110 5072 1204 5144 circa
1224 5071 1475 5167 obligationem
1496 5072 1703 5170 praestandi
1722 5070 1894 5146 auxilium
1915 5072 2147 5145 ducentorum

320 5203 542 5268 armatorum
570 5195 752 5268 hominum
780 5205 943 5268 serretur
971 5220 1111 5292 quoque
1138 5197 1253 5269 forma
1282 5198 1317 5269 in
1346 5197 1469 5295 primis
1497 5196 1610 5270 literis
1634 5197 1867 5294 praescripta,
1889 5197 1925 5268 in
1945 5221 1986 5269 eo
2013 5195 2146 5270 scilicet

322 5321 415 5417 quod
444 5321 588 5418 respic-it
617 5321 879 5418 exemptionem
909 5322 1178 5394 contributionis
1208 5330 1352 5395 sanctae
1377 5323 1477 5395 Sedis
1507 5323 1542 5394 in
1571 5322 1740 5420 parandis
1768 5321 2031 5394 defensionibus
2061 5323 2146 5395 civi-

322 5445 418 5540 tatis,
450 5446 638 5518 comitatus
668 5453 703 5518 et
733 5446 913 5519 districtus
941 5446 1135 5520 Bononiae.
1165 5447 1217 5518 At
1245 5448 1280 5518 in
1310 5446 1377 5520 hac
1406 5456 1508 5544 parte
1537 5447 1639 5519 adest
1667 5445 1832 5519 solemnis
1853 5456 1887 5519 et
1908 5447 2000 5519 seria
2028 5447 2145 5520 decla·

321 5571 424 5666 ratio,
446 5571 540 5668 quod
568 5596 634 5644 nec
663 5597 709 5646 ex
736 5572 803 5645 hoc
833 5581 949 5669 pacto,
971 5597 1036 5644 nec
1065 5598 1110 5646 cx
1139 5572 1216 5646 aliis
1241 5574 1317 5670 jam
1347 5574 1450 5646 dictis
1478 5582 1541 5646 aut
1569 5573 1663 5646 infra
1691 5573 1848 5646 dicendis
1874 5573 2038 5670 capitulis
2058 5599 2145 5671 pon-

321 5695 429 5767 tificia
462 5696 611 5769 intentio
649 5696 822 5768 fueritin
851 5696 973 5794 primis
1011 5697 1122 5770 literis
1160 5697 1455 5771 reconciliationis
1493 5698 1682 5771 abdicandi
1719 5722 1782 5770 seu
1818 5697 1967 5771 tollendi
1995 5700 2079 5795 jura
2111 5709 2146 5771 et

323 5821 416 5892 bona
445 5820 711 5917 Universitatis,
733 5822 1035 5918 singulariumque
1065 5847 1297 5919 personarum
1327 5823 1526 5919 dominum,
1557 5824 1619 5896 sed
1648 5824 1743 5919 quod
1770 5824 1877 5896 immo
1905 5823 1993 5896 haec
2021 5825 2146 5896 eadem

324 5946 442 6018 omnia
471 5946 630 6042 ejusdem
659 5948 922 6021 communitatis
951 5956 1178 6044 remaneant,
1208 5972 1250 6022 ac
1287 5949 1400 6022 eidem
1438 5950 1684 6045 restituantur,
1716 5949 1905 6023 dummodo
1933 5950 1976 6022 de
2005 5959 2147 6024 caetero

319 6071 577 6166 jurisdictionis
606 6072 705 6166 origo
734 6097 775 6144 ao
804 6072 897 6145 illius
926 6073 1091 6146 effectiva
1119 6075 1294 6170 possessio
1324 6100 1432 6172 penes
1462 6083 1623 6148 sanctam
1651 6075 1778 6148 Sedcm
1808 6082 2026 6148 remaneant.

430 6196 480 6268 X.
511 6196 614 6285 Quod
641 6197 735 6271 ultra
764 6198 939 6271 actualem
968 6198 1230 6272 restitutionem
1249 6201 1491 6297 possessionis,
1514 6225 1576 6274 seu
1595 6201 1696 6297 quasi
1715 6200 1958 6297 possessionis
1980 6201 2146 6296 civitatis,

322 6321 534 6418 comitatus,
565 6322 766 6420 districtuS,
796 6323 984 6396 ratificatio
1014 6323 1108 6396 intra
1132 6324 1207 6420 jam
1237 6325 1375 6422 dictum,
1405 6333 1566 6422 tempus,
1594 6324 1829 6397 kalendarum
1862 6349 1988 6422 nempe
2017 6326 2147 6398 mensis

320 6447 544 6544 septembris,
564 6446 638 6543 fiat,
666 6455 702 6520 et
729 6448 822 6520 infra
849 6449 1020 6522 kalendas
1049 6449 1204 6522 octobris
1232 6449 1477 6523 ratificationis
1504 6451 1780 6523 instrumentum
1809 6450 2074 6523 transmittatur
2102 6451 2147 6522 ad

321 6570 481 6645 Curiam.
