5490 7750
809 667 1040 718 sraorsurm
1068 669 1119 718 sn
1147 668 1402 720 rnorasscnss
1430 668 1535 718 rnnrs
1564 668 1697 719 crvmrs
2083 648 2157 718 123

342 822 481 907 populus
510 822 724 888 bononienses
757 845 829 887 curu
853 823 1107 908 quibuscumque
1139 823 1341 906 civitatibus,
1366 824 1649 888 communitatibus
1679 825 1731 888 vel
1763 824 1982 910 singularibus
2016 823 2161 910 personis

344 929 494 1012 inierant,
511 930 563 993 vel
587 929 633 994 eis
658 931 691 995 in
714 930 899 1016 hujusmodi
922 929 1127 995 indevotione
1151 930 1396 1016 persistentibus
1412 931 1514 995 inient
1529 933 1563 996 in
1579 930 1733 1016 futurum,
1751 932 1858 996 irritas
1875 930 1944 996 fore
1962 931 2162 995 decernimus

343 1043 376 1100 et
399 1037 529 1120 inanes,
552 1039 738 1122 juramenta
761 1037 800 1103 de
825 1039 888 1102 illis
911 1038 1097 1121 servandis,
1122 1039 1175 1102 vel
1198 1038 1279 1101 alias
1308 1040 1606 1125 quomodocumque
1629 1061 1688 1126 pro
1711 1039 1864 1125 predictis
1888 1039 1963 1103 hinc
1987 1039 2061 1102 inde
2088 1058 2161 1125 pre-

344 1144 420 1207 stita
444 1145 629 1208 relaxantes
654 1146 794 1228 omnino,
819 1145 860 1209 ad
882 1166 983 1231 penas
1007 1145 1088 1208 alias
1113 1152 1224 1210 ocntra
1248 1167 1303 1210 eos
1327 1145 1541 1210 infallibiliter
1564 1147 1757 1232 processuri,
1782 1146 1809 1209 si
1838 1145 1923 1210 forte
1946 1143 2165 1210 inobedientia

344 1272 401 1315 seu
425 1252 627 1316 contumacia
652 1253 799 1338 exegerit
821 1252 1016 1316 eorumdem.
1040 1252 1105 1316 Per
1127 1252 1189 1316 hoo
1213 1259 1322 1316 autem
1345 1253 1430 1338 quod
1454 1252 1513 1316 sub
1538 1253 1631 1316 titulo
1656 1275 1713 1318 seu
1738 1253 1895 1318 vocabulo
1920 1253 2074 1335 civitatis,
2098 1251 2163 1316 Bo·

343 1359 474 1422 uoniam
498 1366 530 1422 et
554 1360 624 1445 ejus
648 1360 769 1424 incolas
794 1359 853 1423 sub
878 1359 1096 1423 universitatis
1117 1359 1169 1422 vel
1193 1359 1432 1423 communitatis
1455 1360 1584 1423 nomine
1608 1360 1810 1445 presentibus
1834 1381 2073 1445 nuncupamus,
2098 1380 2162 1423 non

345 1465 539 1530 intendimus
563 1467 609 1530 eis
633 1467 764 1552 aliquod
793 1487 912 1530 novum
932 1467 986 1551 jus
1017 1466 1178 1549 tribuere,
1201 1467 1254 1530 vel
1277 1487 1377 1552 penas
1401 1467 1545 1532 adimere
1575 1489 1655 1552 quas
1687 1473 1818 1553 propter
1846 1467 1989 1553 prefatos
2012 1487 2162 1531 excessus

343 1572 516 1637 incurrisse
546 1580 731 1638 noscuntur.
756 1574 799 1638 Et
822 1574 898 1638 licet
921 1575 1083 1658 prefatum
1107 1573 1235 1659 publice
1264 1574 1425 1638 citationis
1456 1573 1595 1638 edictum
1627 1575 1673 1638 sic
1696 1573 1883 1638 solemniter
1906 1573 2053 1638 habitum
2076 1573 2162 1659 apud

344 1680 556 1765 apostolicam
582 1681 691 1745 sedem
718 1681 827 1767 sicque
844 1682 877 1744 in
894 1680 1029 1745 diversis
1046 1681 1233 1744 civitatibus
1256 1689 1288 1745 et
1309 1681 1387 1744 locis
1404 1680 1478 1765 alijs
1495 1681 1691 1745 solemnibus
1708 1681 1811 1745 eidem
1828 1680 1951 1744 civitati
1966 1679 2164 1744 Bononiensi

343 1787 457 1852 vicinis
481 1788 591 1874 palam
614 1795 646 1852 et
668 1788 796 1874 publice
819 1787 1023 1874 postmodum
1047 1789 1146 1851 etiam
1169 1787 1355 1852 solemniter
1374 1788 1584 1874 publicatum,
1602 1809 1639 1852 ao
1660 1788 1905 1872 recognitiones,
1922 1787 2160 1873 promissiones,

342 1896 601 1978 juramentorum
626 1897 840 1982 prestationes
864 1903 896 1960 et
920 1895 985 1959 alia
1008 1903 1101 1980 gesta
1125 1904 1157 1960 et
1180 1895 1292 1961 habita
1315 1895 1402 1981 apud
1426 1895 1535 1959 sedem
1558 1896 1705 1959 eamdem
1728 1917 1786 1981 per
1809 1896 1929 1960 dictum
1949 1895 2107 1960 sindicum
2130 1901 2163 1958 et

345 2010 587 2086 procuratorem
610 2004 769 2068 dictorum
792 2005 979 2086 communis,
999 2004 1217 2068 universitatis
1241 2011 1274 2066 et
1296 2002 1407 2089 populi
1431 2003 1676 2066 bononiensium
1699 2004 1920 2088 procuratorio
1943 2010 1975 2066 et
1991 2002 2162 2067 sindicaric

344 2110 473 2174 nomine
498 2112 761 2175 constituentium
786 2111 1004 2196 predictorum
1034 2111 1129 2196 plene
1161 2111 1307 2175 sufficere
1338 2110 1569 2196 dignoscantur
1599 2110 1640 2174 ad
1664 2111 1833 2174 ulteriores
1857 2131 2026 2196 processus
2050 2116 2162 2173 centra

345 2217 488 2303 prefatos
512 2239 691 2300 commune,
716 2219 960 2283 universitatem
984 2225 1016 2282 et
1039 2219 1194 2304 populum
1223 2239 1260 2282 ac
1284 2217 1437 2282 officiales
1462 2217 1623 2303 quoslibet
1646 2225 1678 2282 et
1701 2218 1883 2302 singulares
1906 2238 2061 2302 personas
2085 2216 2163 2281 civi-

345 2325 420 2388 tatis
445 2325 601 2409 ejusdem,
617 2347 676 2390 nec
700 2347 763 2390 non
787 2324 889 2389 dictos
914 2326 1039 2408 citatos,
1057 2331 1089 2388 et
1113 2324 1273 2410 quoslibet
1294 2331 1474 2410 patratores
1495 2345 1686 2388 excessuum
1702 2324 1919 2410 predictorum
1934 2325 2030 2408 juxta
2045 2322 2162 2386 dietam

345 2433 604 2496 constitutionem
630 2432 775 2515 ejusdem
798 2431 960 2516 Bonifacij
984 2439 1017 2496 et
1040 2433 1105 2496 alia
1126 2434 1218 2517 jura,
1243 2439 1275 2495 et
1299 2432 1396 2513 alias,
1422 2438 1516 2516 prout
1540 2431 1755 2516 predictorum
1787 2452 1978 2496 excessuum
2011 2431 2163 2494 atrocitas

345 2561 520 2625 eorumque
544 2540 681 2604 variatio
712 2548 744 2603 et
768 2540 1015 2626 promissionum
1046 2561 1083 2604 ac
1107 2540 1360 2604 iuramentorum
1384 2538 1515 2602 violatio
1539 2546 1572 2602 et
1596 2539 1628 2602 iu
1652 2539 1804 2623 pristinas
1833 2538 1944 2623 culpas
1976 2538 2164 2601 recidivatio

344 2647 480 2732 exigunt
508 2648 595 2733 juste
628 2647 812 2730 habendos,
838 2647 989 2710 citatione
1020 2647 1173 2710 alienon
1198 2668 1277 2732 opus
1302 2647 1426 2728 sit,ex
1454 2645 1633 2709 abundanti
1663 2653 1771 2708 tamen
1802 2645 1945 2731 prefatos
1975 2665 2163 2726 commune,

343 2754 588 2819 universitatem
611 2761 644 2818 et
667 2754 823 2840 populum
847 2775 885 2818 ao
910 2753 1062 2818 officiales
1079 2754 1249 2838 quoslibet,
1268 2774 1469 2838 quocumque
1486 2753 1614 2816 nourine
1632 2760 1833 2834 censeantur,
1851 2751 2018 2816 Thadeum
2036 2772 2163 2836 quoque

342 2861 382 2926 de
404 2861 538 2947 Populis
569 2868 602 2925 et
625 2862 707 2925 alios
732 2863 920 2947 superstites
945 2882 1056 2925 omnes
1079 2869 1111 2925 et
1135 2861 1280 2944 singulos
1304 2860 1450 2944 ejusdem
1477 2860 1616 2923 civitatis
1647 2859 1854 2924 bononiensis
1878 2859 1910 2922 in
1935 2857 2028 2922 dictis
2052 2858 2163 2944 primis

341 2969 545 3056 processibus
562 2968 755 3050 nominatos,
773 2968 972 3053 presentium
988 2973 1099 3032 tenore
1124 2967 1260 3030 citamus
1276 2972 1312 3030 ut
1328 2965 1413 3028 infra
1437 2965 1534 3028 trium
1556 2965 1725 3047 mensium,
1744 2987 1763 3028 a
1784 2965 1861 3028 data
1885 2965 2082 3050 presentium
2107 2985 2165 3027 nu-

342 3065 566 3141 merandorum
592 3076 745 3162 spatium,
770 3075 855 3159 quod
879 3075 925 3139 eis
948 3097 1007 3160 pro
1031 3074 1247 3160 peremptorio
1271 3073 1408 3136 termino
1433 3073 1654 3157 assignamus,
1680 3094 1777 3158 super
1801 3072 1949 3136 omnibus
1973 3077 2005 3134 et
2029 3071 2165 3156 singulis

342 3185 528 3248 excessibus
553 3191 586 3247 et
610 3182 713 3268 culpis
737 3182 908 3267 predictis,
934 3204 992 3246 nec
1016 3203 1079 3247 uon
1104 3181 1229 3246 damnis
1253 3188 1286 3244 et
1308 3181 1438 3264 iujurijs
1461 3180 1567 3243 eidem
1590 3201 1721 3243 romaue
1750 3180 1885 3243 ecclesie
1909 3187 1941 3244 et
1963 3179 2108 3263 Legato,
2133 3185 2165 3242 et

342 3291 493 3376 gentibus
517 3292 583 3355 suis
608 3291 771 3376 irrogatis,
789 3312 827 3355 ac
850 3291 1007 3355 fructibus
1031 3297 1064 3354 et
1087 3289 1297 3375 proventibus
1320 3289 1426 3353 medio
1451 3295 1595 3374 tempore
1619 3288 1779 3373 perceptis
1803 3309 1861 3373 per
1885 3309 1939 3351 eos
1963 3287 2164 3367 decivitate,

342 3400 513 3482 comitatu,
538 3398 701 3462 territorio
734 3405 766 3462 et
796 3397 943 3462 districtu
973 3397 1126 3482 predictis
1156 3396 1196 3460 ad
1229 3397 1428 3460 definitivam
1459 3396 1651 3459 sententiam
1681 3403 1713 3459 et
1741 3403 1867 3459 nostros
1891 3415 2060 3480 processus
2084 3394 2165 3456 alios

342 3507 530 3589 audiendos,
547 3507 632 3570 idern
649 3505 802 3570 Thadeus
819 3505 858 3568 de
874 3504 1008 3590 Populis
1025 3525 1082 3589 pro
1101 3504 1334 3567 Conservatore
1352 3509 1384 3566 et
1401 3503 1505 3588 quivis
1522 3503 1578 3586 alij
1595 3524 1653 3589 pro
1672 3502 1849 3584 Potestate,
1867 3502 2055 3588 capitaneo,
2073 3501 2094 3565 J
2097 3500 2165 3563 udi-

343 3614 443 3696 cibus,
461 3613 671 3696 consiliariis,
689 3612 851 3694 Antiauis,
868 3611 1072 3692 Rectoribus,
1091 3610 1295 3692 Consulibus,
1314 3610 1503 3674 officialibus
1520 3631 1554 3674 se
1578 3618 1737 3695 gerentes,
1755 3631 1793 3674 ac
1816 3610 2031 3695 prenominati
2055 3629 2165 3673 omnes

342 3728 375 3786 et
397 3722 518 3806 singuli
540 3721 757 3785 bononienses
780 3719 1004 3805 personaliter,
1023 3718 1250 3782 universitates
1273 3739 1350 3782 vero
1375 3724 1407 3782 et
1431 3717 1613 3780 communia
1637 3717 1787 3798 civitatis,
1809 3717 1979 3779 comitatus
2004 3726 2035 3779 et
2059 3715 2165 3778 distri-

343 3836 412 3894 ctus
436 3829 654 3914 predictorum
678 3848 736 3913 ρει
759 3827 940 3911 legitimum
965 3826 1123 3890 sindicum
1146 3833 1178 3889 et
1202 3832 1442 3911 procuratorem
1466 3845 1589 3903 eorum,
1610 3845 1718 3887 coram
1743 3824 1834 3887 nobis
1858 3830 1890 3887 et
1914 3823 1997 3887 Sede
2020 3822 2165 3909 predicta

342 3936 482 4000 debeant
506 3955 710 4020 comparere3
729 3934 883 4019 alioquin,
901 3933 969 3996 sive
994 3933 1141 3997 venerint
1164 3933 1232 3996 sive
1255 3953 1330 4013 non,
1355 3932 1395 3996 ad
1420 3930 1587 4017 premissa,
1604 3937 1699 4016 prout
1715 3930 1870 4016 expedire
1890 3930 2075 4012 viderimus,
2093 3951 2165 4014 pro·

342 4043 504 4126 cedemus,
522 4064 634 4107 eorum
650 4042 799 4106 absentia
815 4062 872 4105 seu
889 4041 1092 4104 contumacia
1108 4061 1172 4104 non
1189 4040 1348 4104 obstante.

431 4153 475 4216 Et
499 4159 534 4216 ut
557 4172 726 4238 processus
750 4149 935 4233 hujusmodi
959 4150 1000 4212 ad
1024 4149 1182 4213 dictorum
1205 4147 1451 4212 bononiensium
1479 4155 1512 4211 et
1543 4167 1745 4210 communem
1774 4147 1916 4210 omnium
1940 4145 2087 4209 notitiam
2111 4143 2165 4206 do·

344 4260 521 4342 ducantur,
545 4266 577 4322 et
601 4265 713 4322 contra
738 4257 868 4322 eosdem
891 4277 1060 4343 processus
1085 4256 1187 4320 omnis
1212 4255 1372 4319 calumnie
1396 4255 1529 4318 tollatur
1558 4254 1700 4336 occasio,
1725 4260 1831 4317 cartas
1862 4253 1930 4316 sive
1961 4251 2165 4315 membranas

343 4388 511 4452 processus
534 4365 722 4450 hujusmodi
747 4365 958 4446 continentes,
975 4363 1008 4427 in
1028 4363 1161 4448 majoris
1185 4362 1401 4426 avinionensis
1426 4361 1560 4425 ecclesie
1584 4361 1725 4446 appendi
1748 4383 1806 4425 seu
1826 4359 1915 4444 affigi
1935 4359 2050 4442 hostijs
2067 4358 2164 4421 facie·

343 4497 433 4556 mus;
458 4495 519 4560 que
544 4494 714 4559 processus
738 4473 825 4557 ipsos
849 4493 907 4534 suo
932 4471 1024 4556 quasi
1048 4491 1164 4535 sonoro
1189 4470 1340 4554 preconio
1365 4475 1397 4533 et
1420 4469 1531 4555 patulo
1555 4468 1674 4532 iudicio
1698 4469 1925 4554 publicabunt,
1949 4473 1986 4530 ut
2010 4466 2086 4530 dicti
2110 4465 2166 4529 bo-

343 4583 525 4663 nonienses,
544 4587 577 4644 et
600 4580 705 4666 quivis
730 4579 786 4663 alij
816 4601 895 4664 quos
918 4600 1088 4665 processus
1113 4578 1173 4664 ipsi
1197 4577 1397 4662 contingunt,
1415 4576 1537 4640 nullom
1561 4577 1685 4661 possint
1705 4575 1948 4640 excusationem
1963 4573 2165 4659 pretendere,

344 4689 398 4753 vel
422 4687 639 4774 ignorantiam
663 4687 807 4772 allegare
836 4685 922 4771 quod
944 4685 985 4748 ad
1009 4706 1064 4749 eos
1088 4705 1256 4771 processus
1279 4683 1465 4769 hujusmodi
1488 4704 1552 4746 uon
1577 4683 1782 4768 pervenerint
1809 4682 1861 4746 vel
1885 4681 1970 4767 quod
1996 4681 2166 4765 ignorave-

345 4797 410 4861 rint
433 4795 574 4877 eosdem,
599 4817 672 4859 cum
696 4815 761 4858 non
784 4795 827 4857 sit
848 4793 1022 4857 verisimile
1046 4813 1213 4856 remanere
1236 4813 1298 4876 quo
1323 4791 1364 4855 ad
1388 4791 1474 4876 ipsos
1498 4791 1699 4876 incognitum
1722 4790 1773 4854 vel
1798 4790 1969 4871 occultum,
1991 4788 2076 4873 quod
2099 4796 2166 4850 tam

345 4911 495 4990 patenter
519 4901 617 4966 fuerit
640 4902 788 4965 omnibus
812 4901 1021 4987 publicatum.
1046 4899 1205 4973 Quocirca
1229 4899 1424 4962 fraternitati
1447 4907 1553 4962 vostre
1577 4919 1635 4983 per
1659 4898 1836 4983 apostolica
1859 4897 1979 4983 scripta
1996 4897 2029 4958 iu
2046 4895 2163 4958 virtute

346 5010 528 5076 obedientie
557 5009 701 5073 districte
732 5009 926 5094 precipimus
951 5014 983 5071 et
1005 5007 1207 5089 mandamus,
1232 5012 1391 5092 quatenus
1414 5027 1471 5069 vos
1493 5012 1525 5069 et
1548 5005 1667 5090 singuli
1690 5011 1833 5068 vestrum
1857 5005 1889 5067 in
1913 5003 2029 5067 vestris
2053 5002 2164 5066 civita·

344 5120 432 5184 tibus
455 5125 487 5181 et
511 5116 692 5181 diocesibus
716 5137 774 5202 per
797 5138 854 5180 vos
878 5115 930 5179 vel
954 5136 1011 5200 ρει
1035 5115 1134 5177 alium
1159 5135 1216 5178 seu
1239 5114 1331 5194 alios,
1356 5121 1523 5198 exemptos
1548 5119 1580 5176 et
1609 5133 1674 5176 non
1706 5117 1884 5197 exemptos,
1908 5133 1988 5196 quos
2017 5110 2058 5174 ad
2089 5131 2163 5173 exe·

345 5224 507 5312 quendum
531 5223 720 5288 mandatum
744 5223 939 5307 hujusmodi,
957 5223 983 5286 si
1000 5222 1176 5308 expediens
1193 5223 1301 5304 fuerit,
1319 5221 1510 5285 auctoritate
1528 5227 1638 5284 nostra
1653 5241 1711 5305 ρει
1728 5240 1897 5284 censuram
1914 5218 2165 5283 ecclesiasticam

346 5331 558 5417 compellatis.

433 5439 606 5503 Presentes
638 5436 749 5501 literas
778 5443 811 5500 et
842 5457 1010 5522 processus
1042 5434 1154 5498 diebus
1185 5435 1382 5500 solemnibus
1413 5440 1446 5498 et
1477 5433 1620 5515 festivis,
1645 5440 1678 5497 et
1705 5434 1737 5495 iu
1761 5431 1835 5516 alijs
1864 5432 2009 5515 eoclesijs
2037 5431 2165 5516 quando

345 5547 450 5629 major
475 5545 508 5608 in
532 5546 578 5608 eis
602 5544 706 5608 aderit
729 5544 841 5630 populi
865 5542 1047 5625 multitudo,
1072 5549 1105 5606 et
1127 5543 1206 5608 locis
1231 5543 1315 5627 alijs,
1339 5548 1435 5629 prout
1458 5541 1550 5606 vobis
1573 5540 1746 5622 videbitur,
1770 5539 1955 5603 solemniter
1979 5539 2164 5624 publicetis,

345 5661 377 5717 et
400 5652 558 5740 publicari
581 5651 719 5734 faciatis,
737 5652 893 5716 facientes
917 5651 957 5714 de
973 5650 1192 5736 publicatione
1209 5649 1394 5734 hujusmodi
1410 5648 1480 5713 fieri
1495 5647 1626 5735 publica
1642 5648 1866 5731 instrumenta,
1884 5647 1941 5710 illa
1956 5645 2049 5710 nobis
2067 5667 2166 5730 quau·

347 5763 450 5825 tocius
475 5759 640 5824 commode
663 5759 821 5846 poteritis,
845 5757 1075 5822 transmissuri.

436 5868 558 5932 Datum
581 5866 736 5931 Aviuioui
759 5873 850 5930 sexto
875 5865 1032 5929 kalendas
1057 5865 1258 5950 septembris,
1282 5865 1488 5951 pontificatus
1511 5867 1612 5928 nostri
1636 5885 1720 5927 anuo
1746 5863 1867 5948 quinto.
