5492 7750
780 577 1011 628 SPEOTANTIA
1039 577 1089 628 AD
1118 575 1373 627 PROFESSORMS
1402 575 1507 626 JURIS
1535 573 1668 624 CIVILIS
2080 553 2129 623 35

315 732 468 815 tecaralo,
492 731 639 796 dominus
664 731 857 796 Guillelmus
882 730 921 794 de
947 730 1074 814 Oliana,
1100 731 1246 795 dominus
1270 729 1463 794 Guillelrnus
1487 730 1526 794 de
1549 729 1582 792 la
1604 729 1715 811 Porta,
1737 728 1885 793 dominus
1908 727 2051 792 Ubertus
2075 727 2133 791 Vi·

315 861 470 922 oecomes,
487 838 635 903 dominus
651 839 812 904 Aicardus
836 839 875 902 dc
898 838 1093 921 Formivica,
1110 838 1258 903 dominus
1283 838 1469 902 Auliverius
1488 837 1624 902 Henrici
1640 835 1788 920 (1666611,
1806 836 1954 900 dominus
1971 835 2133 902 01166166

314 947 507 1030 Ρο6616166,
524 946 672 1012 dominus
697 946 889 1011 Guillelmus
913 945 952 1010 de
979 945 1136 1028 Solarolo,
1161 945 1309 1010 dominus
1333 945 1526 1010 Guillelmus
1549 944 1749 1028 Lazaronus,
1773 944 1921 1009 dominus
1943 943 2134 1008 Deutesalvi

316 1053 509 1137 Cremensis,
533 1052 681 1118 dominus
706 1052 895 1117 (1611616166
916 1052 1020 1135 judex
1041 1053 1080 1116 de
1106 1051 1283 1138 Scaperlis,
1308 1050 1455 1116 dominns
1479 1051 1646 1116 Johannes
1671 1051 1870 1134 Cremensis,
1895 1050 2042 1115 dominus
2066 1049 2133 1114 116-

315 1161 462 1246 stigellus
482 1161 599 1246 judex,
624 1160 772 1225 dominus
798 1159 1004 1246 Spinabellus
1026 1159 1146 1244 judex,
1172 1159 1319 1224 domiuus
1342 1159 1485 1223 Ubertus
1513 1158 1552 1222 de
1579 1158 1819 1241 Maltraversis,
1843 1158 1990 1222 dominus
2013 1157 2133 1222 Frede-

315 1269 400 1332 rious
423 1268 463 1332 de
486 1268 694 1354 Pascipouro,
718 1267 866 1332 dominus
891 1266 1088 1331 Scanabicus
1113 1265 1152 1330 de
1176 1265 1374 1348 Arimondo,
1400 1265 1546 1330 dominus
1570 1265 1763 1330 Mariscotus
1786 1266 1945 1330 16166616
1970 1265 2009 1329 16
2032 1265 2132 1329 Mari·

315 1381 421 1458 scoto,
445 1374 593 1439 dominus
623 1375 823 1459 Henrigetus
854 1373 1005 1459 Hugonis
1036 1373 1194 1458 Regaite,
1218 1393 1329 1437 omues
1357 1380 1497 1436 rectores
1522 1372 1910 1437 SocietatisLombardic
1934 1371 2133 1436 6111666116

314 1489 348 1546 et
370 1481 595 1565 Romandiole,
612 1482 740 1546 nomine
762 1481 849 1545 illius
874 1479 1054 1562 societatis,
1072 1486 1104 1544 61
1128 1501 1186 1565 666
1209 1480 1279 1566 1666
1301 1479 1473 1563 Societate,
1490 1480 1702 1544 costituerunt
1721 1487 1945 1565 procuratores
1969 1479 2133 1544 dominum

313 1588 463 1654 Bratium
484 1589 651 1672 Brcmam,
676 1588 840 1652 dominum
863 1581 1135 1672 Mundalbergurn
1156 1586 1316 1671 judicem,
1341 1586 1505 1650 dominum
1530 1585 1712 1652 Gnidouem
1735 1585 1945 1670 Memorium,
1969 1586 2134 1650 dominum

316 1696 525 1761 Guillelmum
547 1696 587 1760 16
610 1696 643 1759 16
665 1695 781 1777 Ρ6616,
805 1694 971 1758 dominum
1002 1693 1162 1757 Ubertum
1185 1692 1433 1776 vicecomitem,
1458 1693 1623 1757 dominum
1647 1692 1828 1757 (luidonem
1851 1692 2052 1776 Boncambii,
2077 1693 2133 1760 do·

315 1811 436 1868 ctorem
470 1803 596 1888 legum,
630 1802 794 1867 dominum
828 1800 1003 1866 Albertum
1033 1800 1073 1864 de
1103 1799 1215 1882 Muso,
1247 1799 1411 1864 dominum
1448 1799 1630 1864 (luidonem
1661 1798 1700 1864 16
1742 1799 1818 1864 Cole
1849 1800 1952 1863 sancti
1981 1800 2132 1884 Martini,

314 1911 479 1975 dominum
511 1910 776 1977 Bartholomcum
799 1908 838 1972 de
861 1908 1003 1990 Vidoro,
1028 1907 1193 1971 dominum
1218 1906 1399 1972 (luidonem
1427 1907 1467 1971 de
1490 1907 1642 1989 Marzau,
1668 1906 1831 1971 dominum
1863 1907 2061 1972 Senzanome
2093 1907 2133 1975 16

314 2017 491 2100 Achillicis,
516 2016 680 2081 dominum
711 2015 888 2081 Obizonem
920 2014 959 2078 de
983 2013 1171 2099 Ugonibus,
1197 2013 1361 2078 dominum
1383 2013 1560 2078 Ricardum
1588 2014 1627 2078 16
1651 2013 1827 2098 Rodengo,
1852 2013 2016 2078 dominum
2041 2013 2132 2078 Guil-

314 2124 446 2188 lelmum
470 2125 510 2188 de
534 2122 752 2210 Campidello,
777 2121 942 2186 dominum
968 2120 1188 2184 Castellanum
1212 2119 1250 2183 de
1276 2119 1429 2203 Oaffaris,
1454 2121 1619 2185 dominum
1649 2121 1783 2185 Petrum
1811 2121 2006 2204 Bicherium,
2032 2122 2133 2186 domi·

315 2253 391 2296 num
421 2231 667 2316 Huguccionem
699 2229 738 2293 16
768 2228 934 2293 Βο616616
969 2227 1010 2291 61
1045 2249 1157 2313 pacem
1192 2234 1224 2291 et
1259 2226 1464 2291 concordiam
1494 2226 1695 2311 faciendam,
1719 2235 1751 2292 et
1781 2228 1899 2311 omnia,
1924 2249 1985 2314 que
2013 2228 2133 2293 1666161

315 2339 496 2403 6666666616
519 2338 587 2402 6166
610 2337 702 2401 611116
726 2335 767 2400 61
792 2337 894 2422 ipsam
917 2356 1030 2421 pacem
1055 2340 1087 2398 61
1110 2334 1314 2398 concordiam
1338 2334 1390 2397 661
1414 2335 1566 2420 6661666
1590 2356 1669 2420 6666
1693 2336 1927 2419 61666666116,
1949 2335 1988 2400 16
2013 2336 2132 2400 116666-

315 2447 383 2528 116,
407 2447 474 2510 6166
498 2467 595 2532 66666
615 2443 793 2526 discordia,
818 2463 916 2528 quam
939 2442 1061 2506 habent
1085 2463 1156 2506 cum
1181 2441 1309 2506 domino
1333 2441 1523 2524 Frederico,
1548 2462 1754 2506 romanorum
1782 2443 1975 2528 imperatore
2006 2463 2133 2528 semper

315 2559 452 2638 augusto
475 2559 508 2616 61
530 2573 608 2638 rege
632 2551 755 2632 Sicilie,
780 2552 848 2614 6166
872 2551 940 2636 1666
965 2549 1112 2614 dominns
1136 2547 1338 2630 Frederions,
1363 2569 1570 2612 romanorum
1593 2550 1768 2634 imperator
1792 2571 1864 2613 cunr
1888 2550 1934 2613 616
1957 2549 2074 2614 habet:
2098 2558 2131 2615 61

314 2660 465 2746 quicquid
489 2659 565 2724 (11611
588 2659 830 2740 Ρ6666661ο666,
848 2658 900 2720 661
924 2659 1028 2741 major
1052 2678 1127 2743 pars
1151 2678 1262 2720 eorum
1285 2655 1421 2719 166661661
1440 2677 1537 2741 66666
1553 2655 1705 2741 predictis
1721 2663 1753 2720 61
1769 2677 1827 2742 666
1844 2657 2006 2742 predictis,
2023 2664 2131 2721 ratum

315 2774 347 2830 61
369 2767 496 2830 firmum
518 2767 638 2830 habere
662 2765 897 2852 promiserunt,
920 2764 975 2850 qui
998 2764 1230 2828 Procuratores
1254 2763 1299 2826 sic
1324 2762 1511 2826 mandatum
1535 2771 1755 2848 susceperunt.
1779 2763 1907 2828 Horum
1930 2771 2038 2828 autem
2062 2763 2131 2828 166-

315 2880 390 2937 6661
412 2880 525 2938 testes:
543 2873 690 2938 dominus
708 2872 872 2936 Gerardus
894 2872 1096 2957 Raugonius,
1113 2871 1259 2935 Bononie
1277 2877 1431 2956 potestas,
1449 2869 1810 2954 dominnsBagarottus
1827 2871 2023 2954 6116661666
2042 2871 2131 2935 Sern-

313 2979 455 3065 prebene
479 2979 625 3044 doctores
648 2979 777 3064 legum,
802 2977 949 3042 dominus
974 2978 1166 3042 Tomasinus
1191 2975 1386 3040 Oazanimiei
1415 2984 1447 3040 61
1473 2975 1621 3040 dominus
1644 2976 1907 3040 Aldreveudinus
1931 2976 1970 3041 (16
1994 2976 2130 3042 Ρ66611-

313 3094 423 3172 66616,
448 3087 595 3150 dominus
618 3085 786 3150 Rolandns
810 3085 849 3150 de
874 3084 1060 3149 Gutelredis
1082 3083 1175 3167 bon,
1199 3083 1359 3146 Martinus
1382 3083 1527 3148 notarius
1551 3089 1583 3147 61
1611 3083 1803 3168 Bolognitus
1835 3085 1996 3167 notarius,
2021 3104 2131 3148 omnes

313 3193 537 3276 bononienses,
563 3201 595 3257 61
617 3193 769 3257 Petrinus
793 3193 832 3256 de
857 3192 1073 3277 Gorgouzola,
1099 3190 1243 3255 66166166
1267 3190 1306 3254 16
1331 3191 1475 3272 Mantua,
1500 3196 1532 3254 61
1556 3192 1665 3277 616666
1689 3191 1755 3255 alii.

401 3298 474 3384 Ego
497 3299 693 3364 Laurentius
717 3299 801 3364 66661
827 3298 941 3384 palatii
964 3297 1119 3380 notarius,
1144 3303 1176 3362 61
1200 3317 1284 3360 6666
1308 3296 1452 3361 66166166
1482 3295 1640 3361 dict-orum
1662 3296 1924 3380 Procuratorum,
1942 3296 2083 3376 16166161,
2099 3303 2132 3360 61

313 3403 352 3468 16
376 3404 529 3469 mandato
552 3405 810 3492 supradictorum
833 3404 1010 3469 1166166666
1032 3404 1156 3489 scripsi.

1174 3778 1269 3843 XXI.

1037 4011 1139 4095 1226,
1164 4011 1207 4073 21
1231 4009 1408 4075 croc-embra.

793 4243 846 4308 Ex
869 4243 983 4308 eodem
1007 4251 1094 4309 tomo
1118 4244 1299 4327 XXXVL,
1325 4266 1411 4308 num.
1436 4245 1591 4309 LXXIV.
1609 4243 1648 4308 (1)

399 4481 496 4545 Anno
520 4477 652 4543 Domini
675 4477 845 4541 millesimo
871 4477 1090 4541 ducentesimo
1114 4477 1271 4562 vigesimo
1295 4486 1398 4559 sexto,
1415 4477 1589 4541 indictione
1611 4477 1862 4561 quartadecima,
1880 4477 1930 4540 die
1947 4477 2052 4541 sabati
2076 4477 2130 4541 (16·

310 4591 392 4653 cimo
416 4587 565 4652 excuntis
588 4586 707 4649 mensis
732 4584 926 4668 novembris,
943 4585 976 4648 16
996 4585 1128 4648 61611616
1151 4584 1308 4666 Β666616,
1325 4585 1358 4648 16
1378 4584 1500 4670 6616116
1516 4583 1731 4670 Episcopatus
1747 4585 1964 4668 bononiensis,
1982 4585 2129 4652 dominus

308 4696 462 4760 Boeatius
485 4693 615 4776 Brema,
632 4692 764 4756 nuntius
784 4692 980 4756 marchionis
1004 4691 1043 4755 16
1068 4691 1311 4774 1166161666616,
1329 4691 1476 4755 dominus
1499 4691 1662 4756 Robertus
1683 4691 1722 4755 de
1740 4691 1917 4756 Concolezo
1934 4698 1966 4755 61
1982 4691 2130 4757 dominus

311 4803 454 4868 Ubertus
477 4802 517 4866 de
540 4801 693 4865 Marnace
718 4800 757 4865 de
781 4799 984 4882 Mediolano,
1010 4800 1158 4863 dominus
1182 4799 1314 4863 Ardicio
1336 4799 1378 4862 de
1406 4799 1621 4864 Ponteearalo
1645 4805 1677 4863 ct
1700 4799 1847 4863 dominus
1872 4799 2065 4864 Guillelmns
2089 4800 2129 4864 de

312 4911 430 4975 011666
453 4910 492 4974 16
515 4909 640 4992 Brixia,
665 4909 813 4972 dominus
838 4907 1031 4971 Guillelmus
1055 4907 1095 4970 de
1119 4908 1151 4970 16
1174 4907 1275 4971 Ρ6616
1299 4914 1332 4970 61
1352 4907 1499 4971 dominus
1523 4907 1665 4971 Ubertus
1688 4906 1877 4971 Vicceomes
1894 4907 1933 4970 16
1949 4906 2129 4991 Placentia,

311 5020 458 5083 dominus
482 5017 642 5082 Aioardus
665 5017 704 5080 de
728 5016 912 5080 Formivica
935 5021 967 5078 et
991 5014 1138 5078 dominus
1169 5015 1357 5078 Auliverius
1387 5015 1522 5078 Henrici
1554 5015 1691 5078 (1666611
1719 5015 1758 5078 16
1783 5015 1955 5098 Tarvixio,
1981 5015 2128 5079 dominus

312 5125 473 5191 Oldradus
496 5124 678 5190 Pocalodus
702 5131 734 5188 et
758 5123 905 5187 dominus
931 5122 1123 5186 Guillelmus
1147 5122 1186 5186 de
1211 5121 1359 5187 Soralolo
1383 5122 1422 5185 de
1445 5122 1570 5205 Laudo,
1594 5122 1742 5186 dominus
1771 5122 1964 5186 Guillelmus
1988 5123 2129 5187 Lazaro·

312 5255 372 5298 nus
402 5241 435 5297 et
466 5233 614 5297 dominus
647 5231 837 5296 Deutesalvi
861 5230 1042 5295 Cremensis
1066 5230 1105 5294 de
1128 5230 1310 5316 Bergamo,
1334 5231 1482 5294 dominus
1512 5231 1701 5294 Guidrixius
1723 5230 1825 5314 judex
1848 5231 1888 5295 16
1913 5230 2074 5317 Souperlis
2098 5238 2131 5296 et

311 5340 459 5404 dominus
483 5339 650 5404 Jolrannes
674 5337 856 5404 Orcmeusis
879 5337 919 5400 de
943 5337 1088 5420 Mantua,
1113 5337 1261 5401 dominus
1284 5337 1486 5422 Rustigellus
1507 5338 1610 5422 judex
1633 5337 1672 5402 de
1696 5337 1861 5421 Vicentia,
1886 5338 2034 5402 dominus
2057 5336 2129 5423 spi-

310 5447 458 5510 nabellus
479 5447 582 5531 judex
606 5453 637 5508 et
660 5445 807 5508 dominus
830 5444 973 5508 Ubertus
997 5444 1202 5509 Maltrarersi
1218 5445 1258 5508 de
1275 5445 1399 5526 Padua,
1417 5445 1564 5509 (lominus
1580 5445 1772 5510 Prodericus
1788 5445 1828 5508 de
1843 5445 2026 5530 Paxiponte
2040 5444 2079 5510 (2)
2097 5452 2130 5509 et

310 5554 458 5618 domiuus
484 5553 681 5617 Scanabicus
705 5552 744 5616 de
768 5535 948 5616 Arimondd
971 5552 1010 5615 16
1033 5551 1199 5634 Βο6ο616,
1224 5551 1371 5616 dominus
1404 5551 1603 5616 Marescotus
1627 5552 1786 5618 Johannis
1814 5551 1994 5616 Mariscotti
2017 5557 2049 5616 et
2073 5551 2129 5616 do-

311 5661 416 5724 661666
440 5660 640 5746 Henrigetus
663 5659 789 5745 Ugonis
812 5659 950 5744 Regaite
975 5659 1014 5723 dc
1039 5659 1214 5741 Faventia,
1240 5681 1349 5723 omncs
1373 5659 1528 5724 Rectores
1554 5659 1724 5725 Societatis
1748 5659 1960 5742 Lombardie,
1984 5659 2129 5723 Marchie

310 5775 342 5832 et
365 5768 567 5849 Romaniole,
592 5769 721 5832 nomine
744 5767 830 5830 illius
855 5767 1036 5849 Societatis,
1061 5775 1093 5830 et
1115 5788 1173 5852 pro
1196 5767 1268 5852 ipsa
1292 5766 1463 5850 Societate,
1488 5767 1723 5831 constituerunt
1746 5774 1778 5830 et
1801 5766 1946 5831 fecerunt
1969 5767 2128 5830 Procura-

309 5883 395 5940 tores
420 5875 584 5939 dominum
607 5875 777 5940 Bocatium
802 5874 971 5958 Brcmam,
997 5881 1029 5938 et
1053 5874 1217 5938 dominum
1244 5873 1493 5959 Mudalbergum
1515 5873 1675 5958 judicem,
1700 5882 1731 5938 61
1755 5873 1920 5937 dominum
1948 5872 2130 5937 (luidonem

310 5983 502 6046 Mamerium
526 5982 566 6046 16
590 5983 785 6065 Mediolano,
802 5982 966 6046 dominum
991 5982 1201 6045 Guillelmum
1217 5981 1257 6046 de
1273 5982 1305 6044 la
1320 5982 1422 6045 Porta
1438 5987 1470 6044 61
1486 5980 1650 6045 dominum
1666 5981 1826 6046 Ubertum
1842 5980 2074 6044 Vicecoruitem
2090 5981 2130 6044 de

393 6339 432 6404 (1)
452 6337 494 6388 le
513 6337 581 6407 ch.
595 6337 628 6388 V.
649 6337 764 6389 Honorii
783 6335 849 6403 111„
864 6337 911 6388 sol.
927 6339 987 6404 156,
1001 6335 1195 6402 neema,
1215 6335 1292 6388 XXI.
1312 6336 1474 6388 novembris.
1494 6335 1586 6388 Habet
1606 6335 1706 6388 alieubi
1726 6335 1863 6387 variantes
1882 6333 2023 6386 lectiones.

392 6429 429 6494 (2)
450 6427 502 6479 Sic.
