5490 7750
834 690 1063 740 SPEOTANTIA
1094 690 1143 740 AD
1173 689 1427 738 PROFESSORES
1456 688 1560 738 JURIS
1590 687 1723 738 CIVILIS
2135 669 2184 738 85

367 845 510 908 toletana
535 865 598 907 non
622 849 723 928 potes,
743 849 839 927 prout
862 842 904 905 ad
927 849 957 905 te
982 841 1021 904 de
1045 842 1177 926 antiqua
1202 841 1381 927 approbata
1398 849 1429 904 et
1444 841 1600 905 hactenus
1617 840 1748 926 pacifice
1766 841 1937 905 observata
1953 841 2183 905 consuetudine

334 927 345 944 .
367 951 516 1038 pertinet,
541 951 754 1036 personaliter
778 949 920 1029 visitare,
939 970 996 1012 uos
1022 949 1165 1012 volentes
1190 949 1222 1012 in
1246 949 1306 1012 hac
1330 956 1421 1034 parte
1450 954 1517 1011 tam
1540 948 1599 1012 tibi
1626 969 1722 1032 quam
1746 947 1958 1030 monasteriis,
1977 947 2183 1033 prioratibus,

367 1059 521 1140 ecclesiis,
539 1058 673 1140 clericis,
690 1057 835 1142 personis
860 1064 892 1120 et
915 1056 995 1120 locis
1018 1055 1171 1142 predictis
1195 1055 1234 1120 de
1259 1064 1438 1142 opportuno
1456 1055 1597 1119 remedio
1613 1055 1792 1141 providere,
1809 1061 1996 1140 tuamquam
2013 1075 2184 1142 personam

368 1166 460 1230 uobis
484 1166 524 1230 ob
549 1173 675 1228 tuorum
699 1164 899 1248 exigentiam
921 1163 1107 1226 meritorum
1133 1171 1308 1248 acceptam,
1326 1163 1407 1226 alias
1430 1162 1541 1226 farore
1566 1161 1717 1248 prosequi
1733 1162 1836 1246 gratie
1853 1162 2012 1248 specialis,
2028 1163 2092 1225 tuis
2108 1183 2182 1248 sup-

367 1271 594 1357 plicationibus
619 1271 773 1353 inclinati,
791 1278 827 1334 ut
850 1271 1003 1356 quamdiu
1027 1270 1113 1357 apud
1138 1270 1254 1334 Sedem
1278 1270 1434 1352 eamdem,
1451 1269 1502 1333 vel
1527 1269 1605 1333 alibi
1628 1269 1667 1332 dc
1692 1269 1791 1354 ipsius
1814 1269 1906 1334 Sedis
1923 1271 2074 1335 mandato
2091 1272 2182 1336 obsc-

367 1381 450 1466 quiis
474 1379 628 1443 institeris
652 1379 832 1460 antedictis,
857 1378 1062 1460 monasteria,
1086 1378 1258 1463 prioratus,
1280 1377 1442 1458 ecclesias,
1465 1397 1620 1462 personas
1644 1384 1676 1441 et
1699 1377 1770 1442 loca
1793 1377 1937 1463 predicta
1960 1399 2018 1464 per
2041 1378 2183 1465 aliquam

367 1509 424 1552 seu
447 1487 572 1572 aliquas
595 1507 749 1572 personas
774 1485 905 1550 idoneas
929 1485 1076 1567 visitare,
1093 1507 1131 1549 aa
1155 1486 1278 1549 rationo
1302 1485 1493 1548 visitationis
1517 1484 1702 1568 hujusmodi
1725 1485 1966 1571 procurationes
1989 1487 2023 1548 in
2046 1487 2183 1572 pecunia

368 1602 536 1659 numerata
560 1593 741 1658 moderatas
766 1594 908 1679 recipere
933 1609 965 1656 et
989 1593 1119 1678 exigere
1149 1593 1190 1656 ab
1221 1592 1341 1656 eisdem
1373 1592 1594 1674 monasteriis,
1618 1592 1830 1677 prioratibus,
1855 1592 2018 1676 eeclesiis,
2042 1594 2181 1678 clericis,

367 1702 511 1788 personis
535 1709 566 1765 et
590 1701 668 1765 locis
699 1701 807 1764 taliter
836 1700 991 1782 visitatis,
1017 1721 1075 1764 nec
1099 1721 1162 1764 non
1187 1721 1244 1786 per
1268 1699 1397 1762 easdem
1428 1721 1582 1784 personas
1613 1699 1769 1762 beneficia
1793 1700 2031 1782 ecclesiastica,
2056 1723 2118 1786 quc
2141 1702 2183 1766 ad

366 1819 454 1875 tuam
479 1809 682 1874 collationem
708 1809 830 1872 ratione
855 1808 930 1872 dicti
955 1808 1234 1872 archidiaconatus
1265 1807 1426 1892 pertinere
1459 1813 1643 1889 noscuntur,
1668 1806 1832 1890 conferre,
1856 1815 1888 1872 et
1912 1815 2018 1872 cetera
2047 1830 2108 1894 que
2132 1832 2183 1873 ra·

367 1919 453 1983 tione
477 1916 630 2002 sepedicti
654 1916 932 1980 archidiaconatus
957 1914 998 1979 ad
1022 1922 1112 1979 tuum
1136 1921 1282 2000 spectant
1306 1915 1459 1997 officium,
1483 1936 1634 1978 exercere
1657 1915 1758 1979 libere
1782 1914 1907 1996 valeas,
1929 1915 2182 2003 quibuscumque

367 2024 535 2090 contrariis
560 2023 840 2087 constitutionibus
866 2043 1069 2108 nequaquam
1093 2022 1305 2104 obstantibus,
1331 2022 1521 2086 auctoritate
1545 2022 1603 2085 tibi
1627 2022 1824 2107 presentium
1855 2021 2069 2107 indulgemus.
2093 2024 2183 2089 Nulli

368 2153 445 2218 ergo
471 2133 599 2196 omnino
623 2131 788 2194 hominum
812 2131 908 2194 liceat
930 2130 1013 2194 hanc
1037 2131 1190 2216 paginam
1214 2137 1322 2194 nostre
1346 2129 1560 2194 concessionis
1584 2129 1770 2214 intringere,
1787 2131 1840 2194 vel
1863 2130 1893 2194 ei
1914 2152 1995 2194 ausu
2011 2134 2182 2197 temerario

367 2239 544 2321 contraire3
570 2239 595 2301 si
620 2239 691 2323 quis
716 2245 824 2302 autem
848 2238 908 2301 hoc
932 2244 1091 2301 attentare
1110 2237 1350 2323 presumpserit,
1368 2237 1622 2321 indignationem
1639 2237 1865 2323 omnipotentis
1881 2237 1943 2301 Dei
1960 2259 1997 2302 aa
2013 2238 2180 2304 beatorum

367 2348 458 2412 Petri
480 2353 512 2409 et
535 2347 631 2410 Pauli
655 2345 886 2432 Apostolorum
909 2345 988 2427 eius,
1013 2366 1046 2408 se
1071 2345 1196 2410 noverit
1220 2345 1431 2410 incursurum.

454 2455 577 2519 Datum
601 2453 765 2535 Laterani,
791 2453 938 2516 kalendis
962 2452 1150 2534 decembris,
1175 2453 1379 2537 pontificatus
1404 2453 1505 2517 nostri
1528 2474 1612 2516 anno
1637 2453 1749 2539 primo.

1232 2773 1324 2837 LIII.

1096 2989 1192 3070 1305,
1217 2987 1260 3048 30
1283 2987 1456 3051 decenbris.

473 3202 525 3266 Ex
548 3201 691 3266 Archiro
713 3201 802 3266 Max.
826 3202 921 3284 bon,
947 3202 979 3264 in
1003 3201 1246 3265 llemorialibus
1270 3201 1435 3287 Aymerioi
1459 3201 1592 3284 Grandi,
1617 3223 1668 3265 an.
1693 3201 1868 3284 MOCOV.,
1893 3223 1957 3266 car.
1983 3205 2021 3266 31
2050 3225 2080 3267 v.

455 3416 627 3480 Millesimo
652 3416 876 3480 trecentesimo
901 3423 1003 3498 sexto,
1029 3416 1202 3480 indictione
1227 3423 1352 3501 quarta.
1377 3416 1428 3479 dic
1452 3416 1617 3500 trigesimo
1641 3416 1828 3480 decembris.

454 3523 674 3600 &Dominus
698 3521 856 3586 Martinus
881 3522 920 3586 de
946 3522 1134 3586 Sullimaais
1159 3522 1270 3587 doctor
1294 3523 1413 3609 legum,
1431 3523 1470 3586 de
1494 3523 1620 3609 capella
1644 3523 1747 3587 saneti
1770 3523 1966 3608 Geminianj‚
1983 3525 2062 3588 civis
2081 3526 2180 3590 bono·

366 3634 494 3714 niensis,
513 3653 609 3696 sanus
634 3655 691 3718 per
715 3631 835 3696 Christi
858 3632 998 3716 gratiam
1021 3638 1138 3713 mente,
1162 3639 1195 3695 et
1218 3653 1326 3714 sensu,
1350 3633 1496 3717 quamvis
1520 3653 1598 3718 eger
1620 3653 1764 3718 corpore,
1788 3632 1900 3696 nolens
1921 3631 2075 3696 decedere
2099 3635 2180 3698 inte·

366 3749 468 3805 status
485 3761 581 3825 super
594 3740 802 3826 dispositione
819 3739 960 3802 amalum
977 3761 1108 3802 suorum
1124 3739 1292 3821 bonorum,
1306 3761 1437 3824 presens
1456 3739 1708 3824 nuncupativum
1725 3745 1951 3803 testamentum
1969 3741 2037 3803 sine
2054 3742 2180 3826 scriptis

366 3847 507 3914 condidit
531 3849 563 3910 in
587 3848 672 3912 hunc
697 3847 844 3912 modum:
868 3846 979 3910 Primo
1005 3845 1134 3931 quidem
1158 3846 1288 3931 reliquit
1311 3847 1350 3910 de
1375 3847 1467 3910 bonis
1484 3848 1550 3910 suis
1566 3869 1624 3933 pro
1641 3847 1749 3910 anima
1765 3867 1838 3929 sua,
1856 3853 1888 3909 et
1904 3847 2005 3932 patris
2023 3855 2054 3910 et
2070 3849 2181 3912 matris

365 3978 433 4038 sue,
450 3962 482 4019 et
506 3955 667 4040 quondam
691 3955 818 4019 domino
842 3953 992 4018 Bolnircie
1017 3954 1127 4016 uxoris
1152 3975 1208 4017 sue
1229 3961 1390 4018 trecentas
1407 3954 1506 4018 libras
1524 3955 1775 4036 bononenorum,
1792 3954 1832 4016 de
1850 3954 1964 4039 quibus
1982 3954 2052 4018 dari
2068 3956 2180 4038 voluit,

365 4071 397 4127 ct
421 4063 585 4126 mandavit
608 4061 753 4146 Johanaj
777 4061 817 4125 de
842 4061 1025 4146 Solomone,
1050 4064 1103 4126 rel
1125 4065 1195 4147 ejus
1220 4061 1406 4143 heredibus,
1431 4070 1487 4126 aut
1511 4084 1568 4147 pro
1593 4063 1701 4126 anima
1724 4083 1800 4146 sua,
1824 4065 1851 4128 si
1875 4065 1968 4128 heres
1992 4086 2055 4129 non
2079 4085 2179 4150 appa·

365 4177 460 4252 reret,
481 4169 651 4234 duodecim
674 4169 773 4233 libras
795 4170 1049 4234 bononenorum.
1073 4171 1157 4235 Item
1181 4170 1251 4234 dari
1273 4171 1376 4234 voluit
1400 4171 1572 4256 Aymerico
1597 4171 1662 4235 filio
1686 4172 1848 4256 quondam
1872 4172 1998 4236 Alberti
2023 4173 2181 4258 Speeiarij

364 4279 403 4342 de
427 4277 530 4362 Regio
555 4277 666 4340 decem
689 4275 789 4340 libras
813 4277 1073 4361 bononenorum,
1098 4299 1178 4364 quas
1203 4278 1232 4341 ei
1257 4277 1395 4342 debebat
1419 4278 1504 4342 ultra
1528 4278 1577 4362 id,
1603 4278 1687 4364 qnod
1711 4278 1899 4344 DominIcus
1923 4279 2082 4344 Thebaidi
2106 4281 2179 4344 reli·

364 4386 432 4470 quit
457 4385 517 4449 sibi
541 4385 574 4447 in
597 4405 655 4448 suo
679 4391 883 4448 testamento.
909 4385 992 4449 Item
1017 4386 1087 4449 dari
1110 4385 1212 4450 voluit
1236 4387 1369 4450 ecclesie
1393 4387 1495 4449 sancti
1515 4385 1668 4472 Prosperi
1684 4386 1723 4450 de
1739 4387 1910 4472 Argellata
1927 4394 2065 4473 quatuor
2080 4388 2179 4452 libras

364 4493 616 4572 bononenorum,
631 4511 711 4577 quas
736 4491 817 4554 dixit
841 4513 875 4556 se
899 4493 1017 4556 debere
1041 4492 1124 4556 dicte
1149 4493 1293 4576 ecclesie,
1311 4499 1346 4555 nt
1370 4493 1531 4576 credebat,
1549 4499 1657 4556 tamen
1682 4515 1745 4557 non
1769 4501 1839 4558 erat
1862 4495 1943 4557 bene
1964 4503 2079 4559 certus.
2096 4496 2181 4560 Item

364 4599 434 4664 dari
450 4599 551 4663 voluit
568 4599 749 4662 Tlromaaio
765 4599 831 4663 filio
850 4600 1011 4684 quondam
1028 4600 1137 4664 fratris
1154 4599 1291 4664 Gerardi
1315 4601 1449 4686 triginta
1472 4600 1572 4664 libras
1596 4601 1848 4684 bononenorum,
1866 4601 2057 4666 includendo
2078 4603 2110 4666 in
2134 4605 2181 4668 eis

364 4706 515 4792 quicquid
539 4706 601 4789 sibj
630 4705 762 4770 deberet
790 4727 831 4770 ex
862 4729 1064 4792 quaerunque
1096 4729 1204 4771 causa.
1228 4707 1311 4771 Item
1343 4707 1414 4771 dari
1445 4708 1547 4771 voluit
1577 4707 1774 4772 Francischo
1805 4709 1871 4772 filio
1903 4709 2011 4772 fratris
2043 4707 2181 4774 Gerardi

365 4813 506 4899 quinque
530 4813 628 4876 libras
652 4813 905 4894 bononenorum,
924 4814 1116 4878 includendo
1139 4815 1170 4878 in
1194 4815 1240 4878 eis
1265 4814 1417 4900 quicquid
1440 4814 1502 4899 sibj
1526 4815 1658 4879 deberet
1682 4837 1723 4878 ex
1747 4835 1949 4900 quacumque
1973 4837 2081 4879 cansa.
2098 4816 2180 4880 Item

364 4921 433 4985 dari
451 4919 551 4984 voluit
569 4921 670 4984 sorori
687 4920 709 4985 J
711 4921 820 5000 acobe,
838 4921 902 4984 filie
920 4921 1083 5005 quondam
1099 4921 1207 4985 fratris
1225 4921 1375 5004 Gerardj,
1396 4922 1537 5008 quinque
1554 4922 1653 4986 libras
1670 4923 1922 5004 bononenorum,
1935 4922 2129 4988 includendo
2144 4925 2178 4987 in

364 5029 409 5092 eis
427 5027 578 5114 quicquid
594 5027 656 5090 sibi
681 5027 812 5092 deberet
828 5049 867 5090 ex
887 5049 1088 5113 quacumque
1105 5050 1213 5092 causa.
1230 5029 1313 5092 Item
1338 5029 1409 5093 dari
1430 5030 1533 5093 voluit
1557 5029 1649 5092 fratri
1673 5027 1866 5093 Homobono
1890 5030 1930 5094 de
1954 5029 2075 5094 Ordine
2099 5030 2179 5094 Fra-

363 5141 447 5198 trum
471 5133 715 5197 Predicatorum
739 5135 880 5220 quinque
905 5135 1003 5198 libras
1020 5135 1272 5200 bononenorum.
1290 5135 1372 5200 Item
1397 5135 1466 5199 dari
1489 5136 1591 5199 voluit
1614 5136 1748 5200 ecclesie
1772 5135 1875 5200 sancti
1899 5135 2084 5220 Geminianj
2109 5159 2179 5222 pre·

362 5242 445 5306 dicte
470 5242 611 5327 quinque
634 5241 734 5305 libras
758 5241 1001 5306 bononenorum
1025 5244 1057 5307 in
1081 5243 1239 5307 auxilium
1255 5243 1350 5308 unius
1375 5243 1483 5308 calicis
1506 5243 1642 5308 emendi.
1664 5243 1748 5308 Item
1769 5242 1839 5307 dari
1863 5251 1895 5308 et
1914 5244 2063 5308 satisfieri
2078 5244 2181 5309 voluit

362 5349 402 5413 de
426 5349 511 5413 dicta
534 5369 660 5412 summa
683 5349 848 5432 omnibus,
874 5371 1009 5436 quorum
1034 5371 1108 5414 eum
1140 5371 1209 5415 esse
1240 5351 1419 5415 debitorem
1447 5351 1658 5436 probabiliter
1689 5351 1868 5438 apparebit.
1892 5351 2071 5416 Residuum
2102 5373 2179 5416 vcro

361 5457 462 5520 voluit
486 5463 517 5520 et
542 5455 634 5518 iussit
658 5455 806 5520 distribui
830 5457 862 5520 in
886 5457 956 5543 pios
981 5479 1057 5521 usus
1081 5465 1114 5521 ot
1133 5457 1245 5523 ¹circha
1268 5457 1365 5522 funus
1389 5466 1421 5522 et
1449 5458 1647 5544 sepulturam
1675 5479 1785 5540 suam,
1811 5479 1908 5544 quam
1939 5459 2050 5544 ellegit
2080 5480 2179 5545 penes

361 5563 530 5629 ecclesiam
553 5561 706 5626 Fratrum
728 5564 974 5630 Predicatorum
999 5564 1038 5628 dc
1062 5564 1220 5648 Bononia,
1237 5565 1351 5629 iubens
1371 5585 1444 5628 eam
1467 5566 1546 5648 fieri,
1571 5572 1603 5629 et
1627 5565 1659 5628 in
1683 5587 1722 5630 ea
1745 5564 1876 5652 inpendi
1900 5565 1969 5630 sine
1993 5567 2103 5652 aliqua
2126 5588 2179 5631 su-

361 5671 541 5757 perfluitate
566 5671 693 5735 iunonis
717 5671 830 5756 glorie.
855 5671 938 5736 Item
963 5672 1105 5758 relliquit
1131 5672 1200 5736 inre
1231 5673 1391 5758 prelegati
1422 5673 1551 5737 domino
1582 5674 1686 5738 Paulo
1717 5673 1840 5738 doctori
1863 5674 1982 5759 legum,
2007 5675 2077 5759 ejus
2101 5673 2178 5755 filio,

360 5779 460 5842 libros
483 5779 617 5864 legales,
641 5800 721 5864 quos
745 5779 853 5861 habet,
878 5780 1002 5843 scilicet
1026 5779 1186 5863 Codicem,
1210 5779 1383 5866 Digestum
1405 5785 1508 5864 vetus,
1529 5781 1701 5866 Digestum
1726 5802 1855 5864 norum,
1873 5780 2089 5862 Infortiatum‚
2111 5780 2179 5846 Au·

359 5885 513 5949 teatinum
537 5893 569 5950 ct
592 5893 657 5950 tres
682 5886 781 5950 libros
805 5886 933 5970 codicis,
958 5895 990 5950 et
1015 5887 1167 5973 quicquid
1190 5888 1308 5951 mobile
1332 5888 1384 5951 vel
1408 5888 1569 5952 immobile
1594 5887 1655 5951 sibi
1679 5888 1849 5973 acquisivit
1872 5895 1905 5952 et
1928 5895 2026 5953 tanet.
2051 5889 2177 5953 debens

360 5991 401 6074 ei,
425 5999 460 6056 ut
483 5993 638 6079 suscipiat
660 6014 718 6080 pro
744 6014 782 6057 ec
806 5993 910 6057 honus
933 5993 1064 6079 legendj
1089 5994 1121 6058 in
1146 5995 1241 6059 scolis
1265 6016 1366 6080 usque
1399 5995 1441 6058 ad
1472 5996 1654 6080 proximum
1677 5995 1975 6060 vestumtllsancti
1998 5995 2177 6060 Michaelis.

361 6099 444 6164 Item
468 6101 598 6186 reliquit
621 6101 651 6164 ei
675 6101 785 6165 ductes
809 6101 920 6165 uxoris
945 6123 1012 6185 sue,
1029 6124 1090 6188 qne
1115 6103 1245 6168 luerunt
1269 6109 1398 6167 centum
1421 6103 1656 6188 quiuquagInta
1680 6103 1835 6167 librarum
1858 6103 2110 6167 bononenorum.
2135 6101 2179 6166 Et

359 6208 387 6272 si
411 6217 605 6293 apparerent
628 6208 738 6294 aliqua
762 6207 986 6292 instrumenta,
1012 6231 1148 6295 quorum
1172 6211 1339 6275 occasione
1363 6210 1526 6274 rideretur
1550 6231 1623 6274 eum
1647 6210 1857 6275 relaxarem
1881 6231 1973 6274 suam
1996 6218 2052 6274 aut
2080 6210 2178 6274 aliam

359 6337 531 6401 personam
551 6317 606 6401 jus
629 6317 749 6381 habere
766 6317 799 6380 in
815 6316 944 6403 podere,
959 6317 1045 6403 quod
1061 6317 1121 6381 luit
1136 6317 1227 6382 Petri
1242 6317 1411 6403 Maranisij
1428 6325 1459 6382 et
1476 6325 1524 6382 cst
1538 6319 1634 6402 juxta
1652 6317 1816 6404 Sapinam,
1834 6319 2002 6384 occasione
2018 6317 2177 6382 dictarum

438 6549 478 6614 (ι)
497 6548 549 6600 sa.
