5544 7750
1023 667 1105 718 nna.
1137 667 1208 718 cru.
1239 667 1286 716 nr
1316 665 1400 716 can.
1430 666 1537 717 naor.
2107 642 2181 713 349

477 826 526 898 II.
559 823 744 898 MCCCX.
775 823 875 895 Inter
912 847 972 896 eos
1005 824 1065 920 qui
1100 821 1315 896 cardinalem
1352 822 1566 918 Pelagruam
1599 821 1848 916 decedentem,
1878 820 2021 894 honoris
2060 844 2186 893 caussa

370 951 529 1023 comitati
558 957 651 1044 sunt,
672 948 740 1020 fuit
764 948 1007 1042 Macagnanus
1037 948 1079 1020 de
1109 947 1335 1043 Azaoguidis.
1366 946 1455 1018 Cum
1484 955 1603 1019 autern
1632 946 1680 1019 ibi
1709 971 1822 1042 neque
1851 955 1953 1044 pater
1981 945 2085 1018 huius
2104 945 2184 1018 Ma·

370 1075 522 1171 cagnani
550 1074 761 1168 nominetur,
792 1097 906 1168 neque
936 1074 1009 1170 ipse
1037 1073 1153 1146 doctor
1181 1072 1330 1168 dicatur,
1363 1071 1488 1144 merito
1516 1081 1633 1169 potest
1660 1071 1826 1166 dubitari,
1846 1079 1965 1143 utrum
1995 1071 2038 1143 de
2067 1070 2116 1166 I.,
2138 1097 2184 1144 an

371 1199 414 1272 de
443 1200 491 1273 II.
513 1224 628 1272 sermo
657 1199 713 1272 ait.
745 1196 1008 1292 Gbirardatius,
1038 1206 1063 1270 t.
1085 1196 1136 1293 1.,
1158 1222 1239 1294 pag.
1263 1201 1350 1291 545,
1376 1195 1546 1270 honorem
1574 1195 1669 1267 hunc
1696 1195 1921 1290 Macagnano
1948 1196 1998 1269 ΙΙ.
2028 1197 2184 1270 tribuere

370 1324 531 1421 videtur,
563 1350 644 1398 narn
674 1325 741 1398 etsi
769 1324 805 1395 in
834 1348 981 1421 corpore
1010 1323 1178 1396 historiae
1208 1323 1473 1421 Macoqnoaam
1502 1321 1543 1393 dc
1573 1321 1788 1418 Aazopaidis
1815 1321 2022 1418 simpliciter
2040 1322 2185 1418 scribat,

369 1450 423 1522 uti
450 1451 567 1548 reipsa
595 1451 631 1521 in
660 1459 781 1522 nostro
810 1448 1014 1522 authentico
1044 1448 1254 1520 documento
1284 1447 1454 1544 seriptum
1484 1455 1549 1541 est,
1569 1453 1690 1518 tamen
1716 1446 1752 1518 in
1776 1446 1891 1518 indice
1912 1448 1976 1519 sub
1995 1446 2062 1520 hoc
2082 1446 2185 1520 titulo

370 1575 617 1673 Macaqaonus
649 1573 813 1672 Gregorii
841 1575 883 1646 dc
910 1573 1145 1669 Azaoqaidia,
1174 1572 1343 1646 honorem
1379 1573 1485 1644 istum
1524 1579 1693 1667 tanquam
1724 1571 1769 1643 ad
1800 1571 1916 1668 ipsum
1950 1572 2187 1667 pertinentem

371 1701 481 1796 ponit.

477 1825 544 1897 III.
576 1823 798 1918 MCCOXI,
819 1847 939 1896 mense
969 1822 1107 1896 martio.
1140 1821 1230 1894 Cum
1258 1820 1436 1893 Henricus
1464 1821 1657 1918 imperator
1685 1821 1720 1892 in
1748 1820 1855 1894 Italia
1878 1831 2093 1920 versaretur,
2114 1824 2185 1898 Bo-

368 1950 556 2023 nonienses
585 1957 773 2046 postquam
803 1948 920 2021 omnia
945 1972 1009 2020 sua
1037 1945 1182 2020 castella
1211 1946 1278 2018 rite
1298 1945 1513 2040 munierunt,
1534 1945 1670 2041 legatos
1690 1954 1763 2018 tres
1783 1946 1828 2018 ad
1848 1970 1969 2041 regem
1987 1946 2187 2021 Robertnm

370 2076 553 2170 miserunt,
584 2074 643 2170 qni
672 2073 784 2147 eidem
813 2073 910 2146 urbis
940 2073 1201 2170 praefecturam
1230 2070 1410 2144 offerrent.
1439 2069 1523 2166 Ille,
1546 2070 1692 2143 laudata
1720 2071 1855 2168 optima
1888 2095 1973 2167 erga
2001 2097 2038 2144 se
2066 2073 2185 2146 Bono·

370 2200 543 2273 niensium
571 2198 769 2293 voluntate,
791 2197 1050 2295 praefecturam
1080 2205 1211 2292 tamen,
1237 2195 1456 2292 gravissimis
1484 2193 1561 2268 aliis
1588 2195 1739 2291 negotiis
1768 2204 1973 2292 occupatus,
1993 2199 2184 2272 recusavit.

369 2325 529 2397 fuerunt
556 2323 665 2418 legati
693 2323 938 2418 Macagnanus
962 2321 1004 2395 de
1034 2321 1250 2417 Azaoguidis
1279 2321 1392 2418 tapam
1412 2320 1538 2416 doctor,
1556 2320 1742 2418 Bonapars
1762 2321 1911 2394 Joannis
1931 2322 1974 2394 de
1995 2322 2186 2397 Ulmedula

370 2457 406 2524 et
434 2450 618 2522 Rolandus
647 2446 815 2520 Casottus
831 2444 881 2520 (¹).
912 2447 1002 2520 Rern
1031 2447 1133 2540 hanc,
1157 2447 1200 2519 ob
1229 2471 1271 2519 ea
1301 2470 1391 2542 quae
1420 2469 1528 2543 supra
1556 2446 1630 2518 dixi
1657 2447 1677 2540 ξ
1705 2446 1748 2540 I.,
1770 2447 1814 2519 ad
1842 2446 2105 2542 Macagnannm
2134 2448 2183 2523 II.

370 2574 548 2671 pertinere
578 2582 675 2668 puto.

477 2697 543 2770 IV.
573 2694 815 2790 MOOOXII,
844 2695 912 2769 III.
944 2696 1108 2768 octobris.
1138 2695 1328 2791 Eliguntur
1357 2695 1542 2793 Sapientes
1569 2696 1680 2791 XX,
1708 2697 1835 2791 quibus
1864 2720 1935 2768 una
1964 2721 2043 2768 curn
2072 2699 2184 2794 magi-

370 2824 541 2896 stratibus
569 2822 750 2917 negotium
779 2821 884 2893 datur
911 2821 1149 2894 constituendi
1178 2821 1347 2918 quidquid
1376 2821 1543 2918 expedire
1572 2820 1806 2893 iudicaverint
1834 2846 1898 2919 pro
1933 2824 2186 2920 recuperandis

370 2947 472 3020 bonis
501 2945 707 3020 Communis
734 2945 929 3042 Bononiae,
955 2944 1151 3040 colligenda
1180 2946 1342 3041 pecunia,
1372 2944 1570 3018 reficiendis
1598 2944 1789 3042 fortalitiis,
1819 2944 1988 3018 solvendo
2017 2947 2187 3022 militibus

370 3072 546 3171 stipendio
576 3071 759 3145 occasione
788 3071 882 3144 vitae
912 3079 947 3143 et
975 3093 1162 3167 processus
1190 3071 1284 3164 regis
1311 3070 1554 3143 Romanorum
1583 3070 1727 3167 eiusque
1761 3071 1966 3166 sequacium
2002 3072 2187 3146 rebellium

371 3207 517 3270 sauctae
546 3219 714 3268 romanae
742 3195 948 3269 Ecclesiae:

1119 3319 1176 3392 Ea
1204 3319 1298 3392 triba
1330 3321 1435 3393 Piera

879 3446 1125 3542 Macagnanus
1153 3443 1196 3516 de
1225 3447 1453 3542 Azzoguidis,
1483 3445 1600 3542 legum
1630 3447 1765 3541 doctor,

878 3571 1090 3644 Franciscus
1119 3572 1162 3644 de
1190 3571 1313 3667 Gatt0,
1343 3572 1462 3644 iudex.

1178 3697 1236 3770 Ea
1266 3697 1384 3770 Sticra

880 3824 1061 3896 Romaeus
1089 3823 1256 3922 Pepulus.

1175 3949 1391 4047 Raoepaoaa

878 4075 1008 4146 Petrus

880 4200 1025 4295 Eganus

879 4324 1104 4397 Gozzadinus
1133 4324 1175 4396 de
1205 4323 1429 4397 Gozzadinis.

476 4452 595 4524 Etiam
623 4450 710 4523 haee
740 4451 785 4522 ad
814 4451 1076 4546 Macagnanum
1105 4450 1153 4523 Il.
1184 4449 1338 4522 arbitror
1365 4449 1555 4546 pertinere,
1586 4472 1668 4520 narn
1697 4449 1826 4521 dicitur
1854 4449 1978 4522 doctor
1992 4447 2043 4523 (²).

476 4576 565 4649 Cum
594 4576 773 4648 Henricus
805 4576 887 4648 VII.
920 4584 999 4673 post
1027 4583 1209 4672 acceptam
1239 4575 1375 4646 Romae
1405 4597 1571 4646 coronam
1600 4573 1757 4670 Imperii,
1787 4599 1809 4646 a
1837 4575 1997 4671 profugis
2024 4574 2187 4649 Etruscis

368 4705 561 4776 accersitus
580 4703 800 4776 Florentiam
819 4702 1009 4798 obsideret,
1030 4702 1116 4774 socii
1144 4725 1264 4774 omnes
1292 4701 1580 4774 florentinorum
1599 4699 1733 4773 auxilia
1760 4698 1847 4798 ipsis
1873 4700 2043 4773 miserunt
2063 4710 2188 4775 contra

368 4827 584 4924 Henricum,
615 4827 823 4900 nominatim
853 4852 936 4900 vero
964 4827 1207 4900 Bononienses
1235 4827 1372 4923 equites
1401 4824 1476 4899 OD.
1507 4833 1542 4899 et
1570 4825 1707 4922 pedites
1734 4824 1784 4897 M.
1802 4821 1841 4886 (3)
1864 4824 1931 4897 His
1960 4825 2069 4920 igitur
2096 4825 2187 4898 mili·

368 4954 463 5027 tibus
491 4962 530 5025 nt
559 4953 747 5026 satisfieret
776 4953 906 5026 electos
935 4953 1090 5025 arbitror
1117 4953 1303 5049 Sapientes
1331 4952 1373 5024 de
1403 4952 1530 5048 quibus
1558 4951 1593 5022 in
1621 4951 1690 5025 boc
1718 4951 1963 5025 instrumento.

476 5078 523 5152 V.
555 5077 793 5174 MOOOXV,
815 5078 998 5150 XXVIII.
1030 5078 1195 5150 octobris.
1225 5077 1372 5172 Eligant
1400 5077 1554 5150 Anniani
1588 5075 1783 5148 Consilium
1822 5076 2030 5174 Sapientum
2062 5077 2127 5172 L.,
2152 5085 2188 5152 et

371 5202 585 5301 Capitoneos
616 5228 745 5298 magno
774 5228 932 5276 numero.
963 5204 1005 5274 In
1041 5202 1095 5274 his
1135 5203 1322 5299 postremis
1358 5202 1427 5274 fuit
1462 5202 1707 5297 Macagnanus
1745 5203 1990 5298 Azzoguidus:
2020 5203 2079 5299 qui
2108 5227 2189 5276 cum

369 5328 493 5401 doctor
521 5353 591 5400 non
621 5328 771 5402 dicatur.
801 5327 953 5400 fortasse
981 5327 1049 5400 fuit
1077 5326 1107 5400 Ι.
1124 5325 1163 5388 (⁴)

480 5451 543 5524 VI.
575 5450 839 5545 dcccxxi,
861 5451 929 5524 IX.
955 5451 1121 5524 octobris.
1152 5450 1375 5546 Macagnano
1404 5451 1528 5523 datum
1551 5451 1732 5546 negotium
1753 5476 1774 5523 a
1793 5451 2075 5524 Bononiensibus
2095 5476 2188 5525 oom-

370 5577 554 5674 ponendae
574 5575 645 5648 litis
661 5574 711 5672 (⁵),
733 5601 823 5673 quae
845 5601 907 5674 pro
928 5575 1128 5674 represaliis
1157 5584 1235 5648 orta
1264 5585 1341 5649 erat
1369 5576 1462 5648 inter
1489 5576 1583 5673 ipsos
1612 5585 1647 5648 et
1676 5576 1846 5671 Venetos,
1868 5584 1903 5648 et
1931 5577 2095 5674 princeps
2121 5576 2189 5649 fuit

368 5701 555 5797 legationis
584 5703 629 5774 ad
658 5702 753 5798 ipsos
782 5703 941 5774 Venetos
969 5727 1033 5799 pro
1062 5702 1216 5775 ineunda
1245 5702 1432 5775 concordia
1460 5710 1499 5775 ut
1528 5709 1667 5774 constat
1696 5727 1741 5774 ex
1772 5702 1851 5776 Lib.
1883 5702 1964 5796 Bes.
1981 5699 2021 5764 (⁶)

1095 4137 1138 4209 de
1167 4136 1417 4231 Lambertinis,

449 6038 488 6104 (1)
508 6037 727 6100 Ghirsradccius,
748 6041 766 6087 t.
788 6036 819 6102 I.,
839 6053 901 6104 pag.
916 6040 977 6102 552,
997 6053 1031 6088 ex
1050 6037 1110 6088 Lib.
1125 6037 1202 6088 Proe.
1222 6039 1250 6102 †‚
1306 6037 1374 6103 liora,
1387 6038 1434 6089 ubi
1452 6038 1662 6090 instrumentum
1676 6038 1812 6103 inseritur,
1825 6037 1897 6106 quod
1915 6040 2069 6089 extractum
2089 6037 2188 6090 dicitur

369 6125 416 6178 fol.
438 6130 470 6178 12
490 6132 517 6179 et
539 6132 580 6178 14.
1308 6144 1343 6180 ex
1361 6127 1446 6179 Lr'bro
1464 6127 1524 6193 Res.
1544 6129 1572 6194 †,
1592 6128 1639 6179 fol.
1659 6131 1702 6191 26,
1722 6131 1764 6180 27.

448 6217 487 6281 (2)
509 6215 579 6268 Vide
599 6233 668 6284 sup,
687 6217 701 6282 ξ
722 6217 743 6267 I.
1389 6219 1427 6283 (5)
1448 6217 1478 6268 In
1505 6217 1554 6269 Vit.
1575 6219 1768 6284 Azzopuidorz,
1788 6217 1859 6283 511.

449 6307 488 6372 (3)
508 6306 608 6358 Ioann.
622 6306 734 6370 Villani,
755 6306 801 6358 lib.
816 6307 864 6359 IX.
885 6307 1111 6375 Ghirardaccius,
1131 6313 1194 6360 tom.
1215 6307 1251 6372 I.,
1386 6309 1424 6374 (6)
1446 6325 1460 6357 ι
1480 6345 1487 6360 .
1507 6345 1513 6358 .
1535 6346 1541 6358 .
1561 6307 1626 6358 Itoni
1641 6309 1758 6358 dominia
1771 6306 2004 6373 Machaonauode
2017 6306 2189 6372 Azzopuidfs,

369 6411 432 6464 pag.
452 6399 513 6448 559.
1305 6397 1407 6450 doctori
1430 6397 1533 6464 legum,
1552 6399 1660 6449 domino
1679 6397 1779 6448 Bfoxio
1798 6395 2005 6462 Marrpbaeuclra
2033 6403 2057 6448 et
2083 6397 2192 6448 domino

450 6486 489 6550 (4)
510 6484 650 6553 Ghirard.,
668 6491 687 6538 t.
701 6485 737 6552 I.,
756 6487 783 6538 in
803 6487 897 6539 Indice
912 6487 994 6540 verbo
1008 6487 1132 6539 Furtimre
1147 6487 1254 6539 Gbibcf-
1309 6487 1386 6539 Petro
1405 6487 1578 6539 Moatatrarii
1595 6486 1817 6539 deliberator-ibus
1836 6486 1992 6538 Communis
2010 6485 2129 6539 Bononia
2146 6488 2190 6539 de-
