5484 7746
594 657 668 726 282

658 831 794 916 Capituli
817 830 888 894 libri
911 829 974 896 IV.
1000 853 1085 894 crecere.
1105 829 1217 894 LVII.
1242 831 1279 894 de
1304 829 1477 913 Prieilcqiis

586 946 789 1022 pertractant,
805 939 943 1023 nihilque
966 941 997 1001 in
1022 937 1128 1002 iisdem
1148 939 1313 1020 reperitur,
1332 937 1413 1021 qnod
1435 936 1478 1000 ud

592 1045 673 1110 idem
696 1054 912 1131 orqnmcntnm
935 1066 995 1108 non
1013 1051 1129 1129 spectet.
1146 1043 1233 1108 Idem
1247 1044 1317 1127 sore
1335 1044 1425 1106 dicito
1439 1043 1477 1106 de

592 1155 629 1216 iis
651 1155 850 1238 arqnmentis,
869 1174 945 1238 qcrae
968 1155 1002 1214 iu
1026 1151 1150 1215 rubrica
1170 1152 1311 1235 saperius
1328 1152 1477 1234 erscripto

1344 674 1666 724 Monunuu'roauu

1544 827 1650 894 Codice
1672 829 1824 893 traberna
1850 827 1905 892 areb
1928 831 2050 892 nomine
2066 830 2205 892 Ausclnu'
2227 830 2364 895 lucensis.
2380 830 2420 893 ln

1541 935 1624 1000 XII.
1641 936 1733 1000 libros
1748 937 1909 1019 diriditnr;
1924 944 2024 1022 utque,
2040 939 2067 1000 si
2082 940 2213 1021 recipias
2228 937 2340 1001 librum
2358 936 2420 1001 XI.

1540 1045 1577 1108 de
1601 1043 1800 1126 Paenitentia,
1817 1045 1930 1128 reliqui
1952 1045 2132 1129 respondent
2157 1047 2205 1124 iis,
2222 1046 2276 1129 qui
2290 1047 2322 1108 iu
2340 1044 2421 1109 Bar·

1539 1151 1643 1215 berireo
1666 1159 1821 1214 notantur.
1840 1150 1970 1237 Sinqnlu
1992 1152 2059 1234 sere
2082 1154 2181 1236 capita
2198 1159 2225 1215 et
2239 1160 2420 1236 urqnmentn

592 1267 878 1324 corrnuemorautnr.
914 1258 1004 1322 Libri
1039 1257 1075 1322 V.
1106 1259 1240 1342 capitula
1268 1265 1477 1321 munerantur
1534 1259 1723 1344 praeferunt
1746 1279 1853 1323 nornen
1878 1262 2000 1323 romani
2028 1259 2184 1342 Pontificis
2214 1281 2250 1322 cr
2282 1282 2340 1344 quo
2370 1261 2421 1324 de-

595 1367 780 1450 LXXIII„
797 1368 846 1431 lib.
875 1366 947 1450 VI,
968 1365 1103 1449 CCXL,
1120 1367 1169 1430 lib.
1188 1387 1257 1430 cero
1281 1364 1375 1448 VII,
1395 1364 1475 1429 CCI.

656 1477 885 1540 Desiderantnr
911 1477 943 1539 in
967 1476 1020 1538 lroc
1043 1476 1140 1539 codice
1165 1475 1275 1559 reliqui
1294 1473 1366 1538 libri
1382 1495 1478 1558 nsque

593 1585 635 1650 ad
647 1583 749 1648 XIII.
765 1583 827 1648 Sub
849 1584 911 1667 fine
934 1591 1036 1647 antem
1060 1583 1124 1646 ulia
1147 1583 1298 1646 rrannulla
1315 1582 1477 1646 decreturi

592 1713 720 1756 curiones
743 1692 933 1774 afferrnrtnr,
955 1691 1007 1754 scd
1030 1712 1066 1754 eu
1089 1692 1182 1753 rariis
1206 1691 1387 1774 incertisque
1406 1687 1476 1770 fon·

592 1798 672 1862 tibus
694 1799 886 1882 depromptu,
912 1797 997 1862 rrullo
1020 1804 1136 1862 serrato
1158 1797 1277 1877 ordine,
1294 1803 1321 1860 et
1335 1803 1476 1880 praeter·

593 1910 683 1972 misso
706 1910 797 1970 etiam
820 1909 853 1969 in
877 1905 1059 1990 qnilnrsdam
1083 1913 1141 1968 toto
1163 1912 1352 1989 (tegumento.

658 2015 814 2079 Postrema
832 2017 951 2099 popina
973 2013 1059 2076 birros
1087 2013 1226 2096 epistolas
1254 2013 1401 2092 corrtinet,
1424 2010 1477 2074 scd

591 2125 710 2188 alienae
731 2130 803 2186 sunt
831 2124 1063 2206 recentiorisque
1087 2140 1206 2182 rucruecs.
1223 2118 1355 2182 Easdem
1373 2125 1475 2181 autern

591 2231 639 2294 tic
662 2229 878 2294 exscribamus:

656 2339 863 2403 Innocentius
891 2337 1071 2422 episcopus,
1089 2357 1201 2400 servus
1218 2355 1385 2399 servorum
1402 2333 1475 2417 Dei,

592 2447 631 2512 B.
649 2445 839 2531 cappellano
864 2444 997 2508 ecclesie
1020 2443 1122 2507 sancti
1139 2443 1273 2524 Iuliani,
1292 2442 1477 2505 salutemet

594 2554 804 2641 apostolicam
836 2552 1102 2615 benedictionem.
1130 2550 1195 2614 Per
1225 2551 1387 2636 presentia
1419 2549 1475 2612 tibi

594 2663 713 2748 scripta
737 2659 928 2723 mandamus
952 2667 1110 2744 quatenus
1135 2659 1251 2721 dilecto
1276 2656 1342 2720 filio
1367 2664 1476 2720 nostro

592 2770 625 2835 J.
646 2769 745 2854 priori
772 2775 803 2832 et
828 2766 983 2830 fratribus
1011 2766 1145 2829 ecclesie
1174 2765 1277 2828 sancti
1304 2762 1476 2846 F[ridiani]

595 2877 737 2958 obedias,
748 2883 858 2961 utpote
876 2874 991 2960 quibus
1009 2895 1028 2936 a
1045 2873 1136 2937 nobis
1153 2873 1255 2936 saneti
1268 2871 1476 2935 Pantaleonis

594 2985 730 3050 ecclesia
754 2991 802 3046 cst
826 2983 1005 3046 commissa.
1032 2980 1126 3054 Quod
1147 2981 1174 3043 si
1194 2981 1240 3044 eis
1258 2979 1386 3043 obedire
1404 3001 1477 3042 con·

594 3091 773 3178 tempseris,
791 3090 919 3154 noveris
943 3087 1063 3152 eisdem
1088 3109 1106 3150 a
1131 3087 1223 3151 nobis
1240 3086 1403 3151 licentiam
1420 3085 1477 3148 dn·

595 3208 661 3264 tam
686 3220 755 3262 esse
779 3205 810 3260 te
838 3196 955 3260 exinde
988 3195 1159 3259 aurovencli
1187 3201 1218 3258 et
1243 3195 1348 3257 locum
1371 3193 1477 3279 ipsum

596 3306 637 3370 ad
660 3307 816 3370 honorem
840 3303 901 3367 Dei
921 3311 953 3367 et
976 3303 1112 3366 salutem
1134 3301 1278 3366 Ecclesie
1296 3300 1475 3364 ordinandi.

594 3414 716 3478 Datum
740 3413 842 3476 Rome
868 3410 1015 3474 kalendis
1040 3409 1234 3473 novembris.

654 3627 863 3692 Innocentius
887 3625 1067 3712 episcopus,
1084 3645 1195 3687 servus
1220 3644 1385 3686 servorum
1402 3621 1474 3704 Dei,

591 3734 775 3800 Raimundo
795 3733 931 3797 Rustico
956 3738 1052 3816 atque
1069 3731 1191 3796 Baroui
1214 3730 1400 3816 presbIteris
1424 3751 1474 3792 sa·

590 3843 692 3907 lutam
720 3848 751 3905 et
785 3841 995 3927 apostolicam
1027 3838 1294 3903 benedictionem.
1319 3837 1393 3900 Nou
1417 3837 1475 3901 du-

591 3951 681 4014 bium
703 3949 795 4013 robis
819 3956 868 4012 est
897 3947 982 4033 quod
1014 3947 1183 4010 ecclesiam
1214 3946 1318 4008 sancti
1340 3943 1474 4027 P[anta·

590 4057 706 4140 leonis]
719 4057 760 4120 ad
773 4056 1011 4120 reformandam
1026 4055 1057 4117 in
1071 4054 1184 4118 eodem
1201 4054 1271 4117 loco
1285 4052 1476 4138 religionem

591 4165 716 4228 dilectis
740 4163 814 4227 filiis
837 4163 955 4227 nostris
979 4162 1011 4227 J.
1029 4160 1128 4248 priori
1151 4169 1183 4223 et
1201 4159 1356 4223 fratribus
1373 4159 1476 4223 sancti

590 4273 736 4337 Fridiani
749 4271 884 4336 ecclesie
898 4269 1125 4334 commisimus.
1135 4268 1287 4350 Proinde,
1299 4267 1477 4353 apostolica

592 4381 683 4445 vobis
711 4379 902 4443 auctoritate
933 4377 1129 4463 precipimus
1153 4383 1206 4458 ut,
1232 4375 1317 4461 quod
1341 4396 1360 4438 a
1384 4375 1476 4438 uobis

591 4487 708 4552 exinde
730 4487 861 4569 factum,
879 4493 928 4549 est
944 4484 1213 4569 irrefragabiliter
1230 4483 1417 4548 observetis.
1434 4481 1477 4546 Et

591 4616 696 4680 neque
720 4594 752 4657 in
776 4592 890 4656 eadem
915 4592 1061 4674 ecclesie,
1080 4612 1138 4655 nec
1162 4592 1195 4655 in
1219 4591 1327 4675 aliquo
1348 4589 1419 4654 loco
1436 4589 1477 4652 ad

592 4725 664 4768 eam
688 4703 869 4789 pertinente
892 4702 1014 4787 absque
1031 4700 1207 4764 eorundem
1224 4699 1361 4763 fratrum
1377 4698 1476 4762 licen·

592 4812 637 4875 tia
660 4810 828 4874 maneatis.
847 4809 942 4884 Quod
966 4809 993 4871 si
1018 4807 1268 4872 contradictores
1294 4806 1475 4888 extiteritis,

591 4921 653 4984 nisi
677 4920 762 4982 iufra
785 4941 839 4982 xv.
858 4918 926 4982 dies
950 4925 1023 5004 post
1047 4917 1283 5002 susceptionem
1300 4915 1476 5001 presentia-

591 5050 662 5092 rum
687 5027 853 5091 literarum
878 5027 918 5090 ab
936 5023 1122 5110 hujusmodi
1138 5022 1317 5110 pertinacia
1333 5022 1476 5107 resipue-

590 5136 675 5218 ritis,
700 5141 840 5198 extunc
865 5133 1011 5196 divinum
1034 5131 1126 5196 vobis
1151 5131 1289 5195 officium
1314 5128 1476 5192 interdici-

591 5265 672 5307 mus.
698 5243 786 5307 Dntu
809 5242 964 5305 Laterani
988 5241 1022 5324 ij.
1048 5239 1120 5303 idus
1144 5238 1293 5302 octobris.

653 5353 755 5435 Atque
777 5349 850 5414 baec
876 5349 1034 5432 sufficiant
1066 5347 1167 5432 quood
1198 5346 1354 5430 Spectmen
1384 5345 1477 5408 huius

594 5458 782 5522 Collectionis
818 5456 989 5520 Cunanum.
1015 5453 1087 5518 Non
1121 5453 1320 5518 omittendum
1355 5461 1475 5534 tamen,

596 5567 734 5632 Codicum
751 5567 923 5628 fruticantem
945 5564 1128 5628 unm.1364
1143 5562 1223 5626 loric
1239 5561 1364 5626 carrdem
1381 5559 1476 5625 Colle·

590 5677 717 5740 ctionem
737 5671 1076 5753 conmemoratione,
1093 5690 1189 5754 neque
1204 5671 1238 5732 in
1259 5689 1291 5732 eo
1306 5669 1477 5732 desiderari

585 5791 754 5869 postremos
788 5778 888 5842 libros.
920 5779 1113 5862 Quapropter
1148 5784 1173 5841 et
1203 5777 1289 5840 iltius
1320 5775 1476 5858 Spectmen

590 5889 741 5955 dubiusne.

656 5997 758 6062 Codes
780 5999 834 6062 istc
857 6003 898 6060 est
927 5997 960 6058 in
991 5993 1169 6058 nrerrrlnuno
1199 5993 1232 6055 in
1262 5998 1382 6076 quarto,
1405 5997 1476 6054 aute

591 6103 674 6169 XII.
691 6104 847 6169 soeculum
863 6103 1058 6186 conscriptus.
1075 6099 1197 6164 Nullibi
1212 6099 1352 6163 Anselmi
1366 6118 1475 6161 nonren

584 6213 737 6298 praefert.
754 6211 874 6276 Eodem
895 6231 964 6275 vcro
986 6211 1116 6273 continet
1146 6229 1224 6293 quoe
1246 6209 1279 6270 in
1303 6204 1477 6269 Barborino

654 6465 693 6530 (1)
715 6462 872 6532 [regendum
892 6460 1025 6524 Jolrunni,
1044 6463 1074 6511 ut
1093 6459 1120 6510 in
1141 6458 1230 6511 editis.

653 6555 692 6620 (2)
713 6552 745 6603 In
765 6551 845 6604 editis
865 6555 978 6603 vocatur
997 6549 1149 6616 capitulare
1169 6547 1192 6599 I.
1211 6552 1235 6598 et
1254 6546 1294 6598 II.

1539 1374 1654 1430 cretmn
1679 1369 1822 1430 sunu’tur.
1840 1367 1914 1429 Alia
1930 1367 2082 1430 nonnullo
2093 1370 2298 1451 praemittunt
2313 1389 2420 1431 nornen

1539 1476 1672 1538 alicuius
1687 1473 1815 1537 Consilii
1832 1474 1876 1537 cel
1891 1476 1988 1537 sarecti
2005 1473 2119 1556 Patris,
2132 1475 2314 1558 quandoque
2333 1477 2421 1538 diam

1541 1584 1743 1666 imperatoris.
1763 1581 1865 1644 Placet
1881 1589 1983 1645 autern
1999 1583 2151 1644 nonrmlla
2170 1582 2329 1663 adnotare,
2347 1604 2423 1666 quac

1543 1711 1579 1754 ur
1603 1689 1648 1752 Μ.
1675 1689 1824 1773 Greqorio
1846 1689 2025 1772 deprompta
2048 1696 2130 1752 secut.

1605 1794 1679 1879 Cap.
1706 1793 1815 1858 LXX.
1839 1794 1911 1858 libri
1929 1797 2047 1879 primi:

1602 1903 1696 1977 Quod
1721 1923 1814 1966 nemo
1838 1908 1944 1988 potest
1968 1902 2120 1966 accedere
2144 1902 2186 1965 ad
2210 1903 2298 1966 beuti
2327 1904 2421 1966 Pauli

1540 2033 1656 2097 corpus
1673 2019 1704 2073 et
1721 2010 1886 2073 sudarium
1910 2011 1991 2093 ejus,
2009 2009 2048 2073 ds
2073 2010 2165 2094 eujus
2189 2017 2305 2073 catena
2325 2011 2422 2075 inter·

1540 2117 1617 2182 dum
1640 2117 1747 2180 limari
1771 2124 1886 2202 potest,
1911 2116 2072 2180 interdum
2096 2137 2170 2180 non.

1603 2224 1780 2310 Gregorius
1795 2223 2005 2288 Constantine
2021 2223 2227 2309 imperatrici,
2241 2231 2301 2288 cte.
2319 2224 2421 2288 Suda-

1541 2333 1623 2396 rium
1648 2333 1744 2397 beato
1768 2331 1864 2396 Pauli
1887 2331 2047 2416 Apostoli,
2071 2338 2132 2396 etc.

1606 2440 1679 2524 Cup.
1704 2438 1872 2503 LXVIII.
1896 2438 1970 2502 libri
1992 2439 2136 2503 secundi:

1604 2547 1698 2620 Quod
1722 2546 2073 2632 constantinopolitana
2096 2546 2261 2628 Ecclesia,
2286 2546 2366 2610 sicut
2390 2553 2422 2610 et

1541 2663 1646 2720 cetere
1671 2677 1792 2738 ornnes,
1810 2675 1941 2719 romane
1968 2654 2042 2718 Sedi
2067 2654 2162 2718 debet
2179 2676 2249 2718 esse
2266 2655 2421 2739 subjecta.

1604 2763 1781 2848 Gregorius
1794 2761 1899 2849 Apta
1913 2761 2117 2844 Siracusano,
2127 2764 2207 2826 inter
2218 2769 2324 2826 cetera.
2338 2761 2421 2826 Nem

1540 2871 1580 2935 de
1598 2870 1946 2955 constantinopolitana
1962 2869 2118 2952 Ecclesia,
2133 2890 2194 2954 que
2211 2869 2337 2952 dicitur,
2351 2871 2422 2956 quis

1540 3001 1611 3043 enm
1634 2979 1758 3042 dubitet
1783 2977 1858 3041 Sedi
1876 2977 2050 3062 apostolice
2067 2997 2136 3040 esse
2153 2977 2342 3061 subjectam,
2359 2985 2421 3040 stc.

1604 3085 1672 3150 Lib.
1697 3083 1763 3149 III.
1787 3107 1852 3168 cap.
1879 3082 2014 3147 XXX..-

1602 3194 1647 3258 Ut
1671 3194 1698 3256 si
1721 3193 1823 3258 laicus
1845 3199 1958 3256 contra
1975 3192 2126 3256 clericum
2143 3213 2273 3256 causam
2290 3191 2421 3273 habeat,

1540 3303 1737 3388 Episcopum
1761 3300 1866 3364 adeat.

1603 3408 1779 3493 Gregorius
1796 3407 1943 3472 Romano
1960 3407 2122 3471 defensori
2136 3406 2254 3471 Sicilie.
2269 3407 2423 3470 Pervenit

1539 3516 1582 3580 ad
1605 3537 1680 3598 nos,
1707 3515 1782 3600 qnia
1816 3515 1843 3578 si
1876 3515 1947 3600 quis
1971 3521 2083 3578 contra
2107 3514 2267 3600 quoslibet
2290 3514 2426 3578 clericos

1539 3645 1669 3687 eausam
1692 3623 1821 3704 habeat,
1846 3622 2005 3708 despectis
2029 3642 2140 3686 eorum
2163 3621 2342 3708 Episcopis‚
2360 3629 2423 3685 etc.

1603 3730 1671 3794 Lib.
1696 3729 1764 3794 III.
1788 3752 1853 3814 cap.
1882 3728 2010 3794 LXIX.
2020 3753 2030 3792 .·

1601 3838 1695 3913 Quod
1712 3839 1875 3902 damnatio
1889 3843 1921 3901 et
1933 3837 2092 3902 absolutio
2107 3839 2177 3920 ejus
2192 3837 2283 3900 irrita
2296 3845 2353 3918 est,
2368 3858 2425 3900 cu-

1536 3948 1590 4032 jus
1607 3967 1704 4010 causa
1719 3967 1780 4009 non
1798 3955 1847 4009 cst
1863 3945 2024 4009 subtiliter
2037 3946 2233 4026 examinata3
2248 3951 2279 4007 et
2291 3951 2426 4030 propter

1538 4062 1698 4120 extortam
1715 4054 1949 4118 confessionem
1966 4053 2113 4116 damnari
2129 4052 2236 4116 nullus
2254 4052 2380 4116 debeat.

1603 4162 1780 4247 Gregorius
1791 4161 2001 4226 Constantino
2014 4162 2165 4246 episcopo
2178 4160 2423 4224 mediolanensi.

1539 4270 1696 4335 Perfectis
1722 4268 1882 4355 epistolis,
1909 4289 1989 4355 quas
2013 4268 2054 4331 ad
2079 4289 2137 4331 nos
2159 4288 2218 4353 per
2240 4267 2426 4331 Marianum

1541 4379 1676 4442 latorem
1701 4376 1897 4462 presentium
1921 4375 2154 4457 transmisistis,
2179 4382 2306 4460 gratem
2330 4375 2425 4438 nobis

1541 4485 1799 4566 sollicitudinem,
1824 4491 1884 4547 etc.

1602 4591 1752 4656 Eiusdem
1774 4591 1825 4654 lib.
1849 4589 1915 4654 III.
1940 4612 2005 4674 cup.
2031 4589 2230 4654 LXXXIX.
2241 4613 2252 4654 .·

1602 4699 1889 4764 Commonitorium
1919 4720 2003 4784 pape
2028 4698 2178 4784 Gregorii
2197 4697 2340 4762 Johauui
2367 4696 2425 4760 de-

1541 4808 1671 4889 fensori,
1689 4807 1764 4893 quia
1792 4807 1881 4870 litem
1906 4827 2003 4892 agere
2027 4807 2144 4870 debeat
2168 4805 2207 4869 de
2232 4805 2427 4890 quibusdam

1540 4915 1697 5002 episcopis
1717 4915 1836 4998 injuste
1861 4914 2020 4978 damnatis
2044 4921 2078 4978 et
2097 4914 2136 4978 de
2153 4911 2339 5000 presbiteris
2355 4913 2427 4998 qui·

1540 5022 1687 5104 busdam,
1712 5029 1772 5086 etc.

1603 5130 1780 5215 Gregorius
1802 5129 2081 5194 commonitorium
2093 5127 2132 5194 (2)
2145 5128 2289 5193 Iohanni
2313 5127 2426 5191 defen-

1540 5239 1604 5303 sori
1628 5238 1717 5302 eunti
1740 5239 1773 5300 iu
1789 5237 1994 5323 Hispaniam.
2012 5236 2050 5300 In
2067 5236 2178 5322 primis
2195 5235 2425 5321 requirendum

1540 5346 1580 5410 de
1605 5367 1742 5433 persona
1762 5345 1933 5432 presbiteri
1949 5343 2149 5408 dilectissimi
2164 5343 2273 5406 fratris
2296 5350 2329 5407 et
2351 5365 2427 5407 coe-

1540 5454 1663 5540 piscopi
1680 5452 1780 5516 nostri
1796 5451 1957 5534 Ianuarii,
1974 5456 2007 5514 et
2022 5451 2049 5514 si
2065 5452 2111 5514 ita
2127 5473 2161 5514 se
2178 5452 2298 5514 veritas
2313 5450 2426 5532 habet,

1540 5561 1623 5624 sicut
1646 5559 1791 5645 ejusdem
1815 5558 1957 5645 episcopi
1986 5557 2098 5644 petitio
2122 5557 2285 5640 continet,
2309 5557 2341 5619 in
2372 5578 2426 5620 ec-

1540 5668 1638 5734 clesia
1663 5676 1760 5753 atque
1784 5667 1854 5731 loco
1874 5687 1932 5730 suo
1954 5666 2039 5730 idem
2054 5665 2213 5752 presbiter
2229 5665 2331 5730 modis
2354 5686 2426 5728 om-

1539 5776 1634 5840 nibus
1658 5782 1837 5856 revocetur,
1863 5781 1922 5837 stc.

1603 5883 1744 5962 Occatnor
1755 5889 1879 5966 occupat
1888 5883 2023 5967 pupinus
2037 5879 2309 5944 Commonitorium
2327 5881 2425 5944 istud.

1601 5990 1717 6055 Eodem
1740 5990 1827 6072 libro,
1850 6011 1914 6073 cap.
1939 5987 2089 6052 XCIX:

1603 6097 1696 6171 Quod
1721 6098 1833 6183 primis
1844 6097 1882 6162 (³)
1898 6096 2121 6160 defensoribus
2146 6095 2295 6181 adjunxit
2318 6097 2429 6181 regio·

1540 6207 1667 6269 narium
1691 6205 1845 6268 honorem
1871 6212 1903 6267 et
1926 6211 1961 6267 ut
1983 6203 2067 6267 inter
2090 6203 2222 6267 clericos
2247 6203 2372 6268 sedent.

1604 6455 1940 6522 fflhfflmww
