5544 7750
1030 642 1112 691 166.
1143 642 1215 691 orv.
1245 643 1292 690 61
1321 642 1405 690 can.
1436 641 1543 692 anor.
2116 619 2191 690 357

380 800 474 872 iuter
501 799 739 872 Jeremienses
767 807 803 871 61
832 798 1118 872 Lambertaccios
1155 805 1236 870 acta
1269 823 1310 870 ac
1344 799 1486 895 optimis
1522 796 1659 892 legibus
1693 799 1928 892 communita,
1959 822 2039 869 cum
2077 796 2194 869 omnia

382 925 523 1019 egregie
552 925 747 1022 composita
776 931 811 996 et
839 923 1032 996 constituta
1061 922 1173 995 videri
1193 931 1353 1019 possent,
1374 923 1408 993 in
1435 923 1597 1018 sequenti
1621 947 1712 994 anno
1742 923 1897 1019 partium
1926 921 2051 993 studiis
2079 921 2194 992 denuo

382 1048 417 1121 iu
446 1049 590 1121 civitate
619 1049 924 1143 reviviscentibus,
955 1073 996 1120 eo
1024 1071 1081 1119 166
1110 1047 1264 1119 adducta
1292 1056 1365 1142 est,
1395 1055 1454 1142 ut,
1485 1046 1653 1118 districtis
1690 1046 1726 1118 iu
1763 1047 1856 1119 Foro
1893 1044 2035 1140 gladiis,
2065 1045 2196 1118 aeriter

383 1173 621 1248 Jeremieuses
652 1173 687 1270 [a
715 1171 994 1245 Lambertacciis
1022 1172 1181 1269 oppressi
1209 1171 1306 1266 61611.

488 1297 627 1370 Nicolai
655 1298 724 1372 III.
753 1298 850 1371 16666
879 1322 971 1370 6666
1003 1296 1321 1369 MCOLXXVIII.
1351 1295 1388 1367 in
1426 1295 1643 1393 provinciam
1678 1296 1890 1369 Flaminiam
1929 1320 2009 1368 cum
2047 1294 2195 1392 imperio

381 1434 529 1500 11666161
558 1423 757 1496 Cardiualis
785 1423 935 1495 Latinus
965 1446 1010 1493 ex
1039 1421 1171 1494 Ordine
1201 1421 1504 1516 Praedicatorum,
1526 1420 1656 1494 sororis
1677 1421 1858 1494 Pontificis
1877 1419 1980 1517 filius,
2002 1421 2197 1517 eodemque

378 1553 474 1622 ’6666
502 1547 743 1644 gubernacula
772 1548 927 1621 eiusdem
957 1547 1159 1644 provinciae
1188 1546 1342 1643 suscepit
1370 1544 1597 1642 Bertholdus,
1628 1571 1732 1642 quem
1760 1545 1819 1619 alii
1847 1545 1988 1618 Nicolai
2015 1556 2193 1644 nepotem,

381 1674 452 1770 6111,
474 1676 670 1772 etquidem
699 1675 829 1770 verius,
850 1673 998 1746 fratrem
1026 1673 1220 1746 nominant.
1242 1671 1371 1744 Latino
1400 1697 1490 1768 quae
1520 1672 1664 1745 adrem
1688 1671 1916 1746 christianam
1942 1672 2094 1745 maxime
2113 1697 2195 1769 per-

381 1799 547 1895 tinerent,
568 1798 763 1872 Bertholdo
791 1823 881 1895 quae
910 1798 955 1870 ad
984 1797 1100 1869 civilia
1128 1796 1276 1892 negocia
1305 1805 1507 1893 spectarent
1537 1797 1751 1870 demandata
1779 1797 1896 1892 luere;
1917 1797 1980 1870 sed
2007 1797 2043 1868 iu
2072 1796 2195 1893 primis

380 1923 520 2019 utrique
550 1924 738 2018 diligenter
765 1921 980 1996 inculcatum
1009 1947 1030 1995 6
1059 1922 1203 1995 Summo
1231 1920 1403 1994 Pontifiee
1432 1931 1471 1994 ut
1500 1921 1683 1994 discordiis
1713 1921 1839 2017 [finem
1867 1919 2147 2019 imponeretur}

487 2049 543 2120 Ex
573 2048 684 2120 literis
712 2049 868 2120 eiusdem
897 2047 1037 2121 Nicolai
1064 2047 1156 2119 datis
1177 2047 1211 2118 in
1231 2046 1323 2119 hanc
1342 2070 1429 2142 rem,
1450 2058 1485 2118 et
1506 2071 1595 2143 quae
1617 2047 1796 2119 61166116
1817 2046 1947 2120 Codice
1967 2045 2194 2144 diplomatico

380 2175 546 2269 civitatis,
567 2173 653 2246 illud
673 2198 797 2246 eruere
827 2173 920 2268 licet,
942 2172 1150 2246 Pontificem
1179 2173 1215 2245 iu
1244 2180 1319 2244 toto
1347 2170 1414 2245 hoo
1441 2172 1588 2266 negocio
1617 2173 1836 2269 propositum
1852 2173 2010 2266 ,maxime
2028 2170 2194 2245 habuisse

381 2307 421 2373 ut
450 2324 514 2398 per
541 2298 718 2393 Legatum
747 2307 782 2370 et
810 2297 1014 2395 provinciae
1043 2298 1261 2394 praefectum
1291 2296 1568 2368 Bononiensium
1595 2321 1652 2368 res
1681 2296 1851 2394 peculiari
1886 2297 2027 2393 quidem
2065 2296 2194 2393 studio,

381 2425 442 2497 sed
470 2449 601 2518 magna
629 2424 736 2496 etiem
765 2422 980 2495 dexteritate
1000 2431 1036 2495 et
1062 2423 1215 2519 quadam
1243 2421 1354 2494 veluti
1373 2422 1558 2501 ‚suavitate
1587 2432 1789 2516 agerentur,
1816 2446 1858 2494 ne
1888 2421 2056 2518 opulenta
2076 2433 2194 2495 6166-

379 2549 458 2623 bilis
486 2549 675 2621 admodum
704 2548 830 2620 civitas
859 2548 905 2620 ad
934 2549 1076 2621 duriora
1105 2547 1328 2644 suscipienda
1357 2545 1502 2621 consilia
1535 2547 1793 2643 quodammodo
1822 2555 2021 2643 cogeretur,
2046 2547 2075 2620 si
2102 2549 2195 2620 forte

378 2675 481 2748 nimis
510 2698 674 2770 asperam
700 2673 737 2745 in
766 2697 803 2745 se
832 2698 975 2746 manum
1004 2674 1182 2746 sensisset.

485 2799 611 2896 Itaque
641 2823 810 2897 prospero
839 2799 981 2895 quidem
1009 2823 1114 2870 eursu
1143 2799 1187 2871 ab
1216 2799 1301 2896 ipsis
1334 2823 1390 2870 res
1426 2805 1572 2894 coeptae
1608 2807 1643 2870 et
1680 2797 1859 2895 perlectae
1893 2797 1930 2869 in
1963 2797 2194 2872 Romauiolae

378 2925 600 3019 civitatibus,
631 2924 723 3020 quod
754 2948 892 2996 summa
919 2925 1148 2996 consensione
1186 2933 1334 2996 narrant
1372 2924 1431 3020 qui
1466 2947 1522 2996 166
1560 2922 1701 2995 11161661
1736 2931 1935 3020 temporum
1962 2923 2192 3021 scripserunt.

380 3051 448 3125 Sed
478 3050 620 3122 maioris
649 3073 733 3123 sane
763 3074 868 3122 66166
897 3058 933 3121 61
961 3048 1092 3122 leheris
1120 3050 1187 3121 fuit
1215 3049 1457 3122 Bononieuscs
1481 3050 1527 3121 ad
1547 3049 1699 3121 officium
1721 3073 1899 3121 revocare.
1920 3048 2013 3120 Nam
2034 3051 2099 3123 sub
2118 3051 2196 3147 ipsa

378 3177 479 3249 initia
507 3177 591 3248 anni
617 3174 898 3248 MOCLXXIX.
920 3200 965 3248 ex
994 3174 1133 3247 Nicolai
1161 3174 1273 3247 literis
1297 3173 1524 3269 intelligimus
1553 3199 1663 3248 novos
1684 3174 2034 3270 vehementioresque
2055 3175 2088 3246 in
2109 3175 2194 3248 eivi-

378 3309 453 3374 tate
481 3311 598 3374 motus
627 3301 807 3396 extitisse,
837 3301 963 3397 quihus
999 3300 1251 3397 componendis
1279 3299 1461 3394 graviores
1497 3299 1615 3371 intulit
1643 3299 1756 3371 minas
1785 3299 2080 3397 Bononiensibus,
2107 3325 2194 3397 quos

378 3451 593 3523 magnopere
630 3424 859 3522 reprehendit
888 3425 981 3522 quod
1011 3425 1229 3521 contemptui
1256 3451 1298 3497 66
1327 3424 1444 3498 omnia
1472 3424 1672 3519 habuerint,
1701 3424 1746 3496 ad
1775 3449 1864 3520 quae
1892 3424 2102 3521 iampridem
2131 3449 2195 3522 per

377 3551 537 3650 publicos
566 3559 726 3624 oratores
754 3550 800 3623 ad
828 3575 864 3624 66
894 3550 1089 3623 destinatos
1118 3550 1332 3622 sacramenti
1359 3549 1437 3644 lege
1466 3573 1503 3622 se
1524 3549 1809 3622 obstrinxissent.
1832 3548 1921 3621 Cum
1941 3559 2061 3621 autem
2079 3575 2194 3647 neque

377 3677 546 3750 Pontifex
575 3701 595 3749 a
624 3675 846 3748 suasionibus
875 3683 1046 3770 cessaret,
1076 3699 1189 3772 usquc
1217 3674 1366 3748 Latinus
1396 3673 1595 3747 Cardiualis
1624 3683 1659 3747 et
1686 3673 1901 3747 Bertholdus
1930 3675 2124 3747 industriae
2153 3700 2195 3749 ao

376 3801 490 3874 labori
518 3808 717 3898 parcerent,
740 3800 884 3872 tandem
908 3826 929 3872 6
957 3798 1075 3873 sextili
1094 3825 1226 3894 meuse,
1249 3809 1286 3871 ut
1306 3825 1372 3894 ego
1397 3801 1538 3896 quidem
1560 3799 1718 3894 coniicio,
1739 3799 1896 3872 ciusdem
1916 3801 1999 3872 anni
2019 3825 2090 3898 pax
2110 3825 2193 3874 con·

378 3936 485 4000 venta
514 3935 568 3998 est
596 3933 631 3997 et
660 3925 796 3997 sancita
824 3925 917 3996 iuter
945 3925 1208 3998 Hieremienses
1228 3933 1263 3998 et
1286 3925 1574 3997 Lambertaccios
1598 3921 1792 4021 eademq'ue
1821 3924 1974 4022 optimis,
1997 3933 2032 3998 et
2057 3925 2194 3998 diutur-

378 4051 483 4124 nitati
510 4051 630 4147 ipsius,
662 4059 700 4122 ut
728 4049 928 4145 videbatur,
957 4075 1173 4147 magnopere
1202 4039 1452 4145 6666166116116,
1482 4048 1619 4144 legibus
1647 4049 1874 4122 communita.

485 4177 604 4250 Serius
633 4175 668 4247 in
697 4174 986 4248 forocorneliensi
1013 4177 1100 4248 urhe
1135 4177 1257 4272 peragi
1294 4183 1460 4274 coeptum
1494 4175 1537 4247 de
1575 4199 1662 4272 pace
1698 4175 1910 4271 sancienda,
1941 4200 2031 4272 quae
2067 4175 2194 4249 deinde

377 4301 559 4375 Bononiae
589 4324 708 4372 mense
738 4301 878 4394 augusti
908 4301 952 4373 ad
982 4301 1117 4372 exitum
1146 4300 1297 4372 feliciter
1325 4309 1379 4372 661
1408 4301 1573 4372 adducta.

485 4426 575 4497 (lum
596 4435 715 4498 autem
735 4426 800 4498 sub
819 4424 924 4497 finem
950 4426 1107 4498 eiusdem
1127 4426 1222 4521 6661,
1243 4427 1453 4523 perturbata
1472 4425 1600 4497 iterum
1621 4426 1776 4521 civitate,
1799 4425 1842 4498 ad
1864 4450 1964 4498 arma
1984 4450 2194 4499 concursum

378 4559 452 4648 est,
482 4560 517 4624 et
545 4551 618 4624 6611
651 4551 944 4623 interfectiones
974 4551 1158 4624 6661161666
1187 4549 1321 4648 proelio
1348 4551 1383 4622 16
1412 4551 1509 4645 1616,
1539 4550 1639 4623 161116
1673 4551 1815 4646 quidem
1843 4529 2192 4624 Lambertaceiorum

377 4701 434 4749 res
462 4701 538 4749 6666
568 4676 704 4771 erigere
733 4675 959 4772 videbantur,
980 4676 1040 4748 sed
1065 4675 1370 4749 Hieremiensibus
1399 4676 1515 4748 animo
1544 4676 1686 4748 minime
1709 4675 1982 4748 concedentibus
2002 4701 2043 4748 ao
2063 4675 2194 4749 bellum

377 4825 508 4897 magna
536 4801 571 4873 vi
599 4801 892 4887 instaurantibus,
913 4800 1201 4876 Lambertaeeios
1230 4801 1374 4874 tandem
1402 4801 1545 4874 fortuna
1574 4825 1693 4873 161661
1711 4800 1947 4873 humanarum
1967 4809 2003 4873 et
2021 4800 2195 4875 bellorum

377 4927 413 4999 in
442 4926 564 5023 primis
593 4925 746 5020 domina,
770 4926 954 5021 deterruit,
976 4951 1018 4999 ac
1046 4926 1222 5023 plerisque
1252 4951 1373 4998 eorum
1403 4950 1465 5025 per
1495 4926 1646 4999 victores
1675 4925 1799 5020 eaesis,
1820 4925 1881 5021 qui
1905 4924 2031 5021 reliqui
2050 4925 2195 4999 1661661

380 5051 524 5123 61111616
555 5050 726 5122 excedere
757 5050 870 5122 coacti
896 5060 989 5122 sunt.
1011 5050 1172 5122 Bononia
1192 5050 1262 5122 iam
1281 5050 1492 5122 discesserat
1512 5049 1711 5122 Cardinalis
1730 5048 1881 5121 Latinus
1909 5057 1949 5120 ut
1977 5048 2195 5122 Florentiam

377 5176 627 5271 contenderet,
658 5200 747 5271 quae
783 5175 890 5246 etiam
928 5175 1104 5247 communi
1133 5175 1289 5247 omnium
1316 5173 1443 5248 Italiae
1481 5174 1665 5247 civitatum
1695 5175 1817 5247 morbo
1846 5172 2044 5247 laborabat.
2073 5176 2194 5270 Aegre

378 5301 520 5398 quidem
548 5298 642 5373 huuc
672 5298 872 5372 Cardinalis
900 5299 1092 5372 discessum
1121 5299 1253 5372 tulerat
1280 5300 1460 5395 Pontifex,
1481 5299 1539 5396 qui
1569 5323 1658 5394 6661,
1681 5323 1771 5396 quae
1799 5298 1857 5371 hic
1886 5307 2010 5397 postea
2038 5299 2195 5373 excitata

378 5435 443 5523 661,
466 5434 714 5524 tempestatem
745 5435 925 5522 tamquam
955 5451 999 5497 ex
1028 5425 1102 5498 alta
1131 5426 1274 5522 specula
1299 5434 1533 5523 prospexerat
1553 5425 1784 5520 simultatum,
1806 5424 1899 5497 euim
1922 5424 2035 5496 veluti
2056 5426 2194 5499 radices

377 5551 529 5648 relinqui
557 5551 643 5624 satis
672 5550 904 5646 intelligebat,
926 5575 1013 5647 quas
1037 5551 1163 5624 iccirco
1193 5550 1344 5623 evellere
1373 5559 1563 5648 oporteret.
1587 5550 1655 5624 Sed
1680 5550 1830 5622 Latinus
1858 5549 1985 5622 harum
2014 5548 2194 5623 molestia-

377 5701 456 5750 rum
485 5674 677 5773 perlaesus,
708 5676 774 5748 etsi
803 5676 954 5749 fortasse
982 5676 1258 5749 Bononieusium
1288 5701 1344 5748 res
1372 5675 1514 5749 minime
1542 5677 1587 5748 ad
1617 5675 1887 5748 diuturnitatem
1917 5675 2130 5772 compositas
2159 5684 2195 5749 et

379 5802 590 5876 constitutas
610 5825 695 5898 prae
715 5801 790 5897 ipso
807 5801 978 5900 Pontifice
999 5810 1219 5897 agnosceret,
1237 5810 1395 5874 attamen
1416 5809 1596 5874 tantarum
1612 5801 1855 5874 molestiarum
1870 5799 2063 5897 perlaesus,
2081 5801 2194 5874 disce·

379 5927 507 6022 dendo,
537 5926 631 6023 quod
661 5936 827 6022 caeperat
864 5927 1047 6000 consilium
1075 5953 1144 6000 non
1175 5928 1341 6000 deseruit.
1370 5927 1497 6024 Itaque
1536 5937 1616 6024 post
1646 5952 1756 6000 novos
1784 5927 1820 5999 in
1849 5927 1994 5999 civitate
2023 5927 2195 6000 tumultus

378 6059 534 6147 61161166,
565 6076 608 6123 66
637 6050 680 6123 ad
711 6050 879 6124 Latinum
908 6052 1106 6150 pontificias
1135 6053 1284 6148 litteras,
1306 6052 1432 6149 quibus
1462 6077 1590 6148 magno
1619 6052 1736 6124 studio
1765 6051 1947 6124 contendit
1976 6060 2025 6146 ut,
2046 6050 2194 6124 Floren-

458 6458 496 6521 (1)
516 6455 622 6508 Desunt
648 6457 691 6508 hic
711 6458 794 6509 verba
813 6458 847 6509 ed
866 6458 969 6526 periodi
989 6458 1187 6510 absolutionem
1207 6459 1369 6512 necessaria.
