5492 7750
627 656 677 726 44
1411 673 1652 726 nouumnrvcn

626 830 803 895 secundnm
826 830 911 916 quod
934 828 1089 916 scriptum
1113 836 1161 893 est
1184 851 1242 915 per
1267 829 1430 894 Simonem
1453 829 1620 894 Bonaeose
1644 829 1812 916 Raugonis
1837 829 2012 914 notarium,
2036 831 2153 896 debeat
2184 832 2366 897 busohizari
2393 833 2446 896 vel

627 939 765 1025 sterpari
788 937 852 1002 aud
876 937 992 1019 incidi,
1016 945 1048 1002 et
1072 959 1112 1002 ne
1136 936 1275 1002 debeant
1298 937 1372 1002 inde
1397 938 1486 1023 ligna
1509 937 1692 1024 exsportari
1714 959 1773 1024 per
1795 957 1867 1020 eos,
1891 938 1944 1002 vel
1968 959 2026 1025 per
2049 939 2174 1026 aliquos
2197 961 2256 1027 pro
2279 941 2344 1024 eis,
2369 961 2445 1025 quo·

626 1067 728 1130 usqne
752 1045 958 1109 interdictum
981 1044 1079 1109 fuerit
1103 1045 1288 1109 relasatum.
1305 1043 1348 1108 Et
1371 1045 1432 1108 hoc
1455 1045 1538 1128 ideo,
1556 1045 1632 1132 quia
1655 1049 1791 1130 utraque
1815 1067 1890 1131 pars
1913 1045 1994 1110 illud
2018 1045 2139 1131 allegat
2162 1047 2203 1112 ad
2226 1067 2260 1111 se
2284 1047 2445 1133 pertinere

626 1159 659 1218 et
683 1175 717 1217 se
740 1153 915 1238 possidere,
940 1159 971 1218 et
994 1175 1052 1240 pro
1076 1153 1170 1218 dictis
1194 1154 1362 1217 laudatum
1385 1174 1455 1217 esse
1478 1153 1562 1218 inter
1585 1175 1640 1218 eos
1663 1153 1784 1218 factum
1808 1175 1867 1240 per
1886 1154 2051 1219 dominum
2067 1155 2228 1220 Johanem
2244 1155 2284 1219 de
2302 1155 2444 1237 (lanova,

626 1261 853 1325 arbitratorem
878 1261 1039 1325 intereos
1064 1260 1212 1344 electum,
1237 1260 1391 1347 scriptum
1413 1281 1472 1347 per
1496 1261 1671 1326 illartinum
1695 1261 1734 1325 de
1758 1260 1883 1326 Urbino
1907 1262 2083 1346 notarium
2107 1271 2139 1326 et
2163 1283 2202 1327 ne
2226 1263 2350 1349 possint
2372 1282 2445 1349 pro-

625 1375 697 1454 pter
720 1369 781 1434 hoc
805 1367 846 1432 ad
870 1389 961 1432 arma
992 1375 1024 1432 et
1054 1369 1143 1432 rixas
1173 1369 1360 1454 pervenire,
1385 1375 1417 1432 et
1439 1367 1497 1432 fiat
1527 1367 1647 1433 dietum
1678 1368 1883 1434 interdictum
1907 1370 2034 1456 utrique
2057 1369 2143 1455 parti
2166 1370 2226 1435 sub
2250 1378 2338 1434 certa
2361 1389 2446 1456 pena

623 1475 742 1560 judicis
770 1474 904 1540 arbitrio
936 1475 1118 1540 statuenda.
1141 1474 1184 1539 Et
1208 1482 1243 1539 ut
1267 1475 1410 1540 Oomune
1433 1475 1580 1540 Bononia
1607 1475 1738 1563 plenam
1768 1475 1808 1540 do
1840 1476 1993 1562 predictis
2023 1477 2143 1541 habeat
2171 1478 2376 1542 securitatem
2404 1499 2444 1542 ne

625 1583 727 1670 possit
749 1582 980 1648 monasterium
1004 1583 1271 1666 nonantulanum,
1300 1583 1413 1648 sinon
1439 1589 1593 1666 servaret,
1622 1582 1684 1648 lori
1707 1583 1913 1670 privilegium
1936 1585 2090 1669 allegare,
2115 1591 2264 1650 teneatur
2295 1583 2446 1670 syndicus

626 1690 785 1754 satisdare
809 1689 848 1754 de
873 1711 974 1777 pena,
999 1711 1061 1776 que
1086 1690 1265 1776 imponeret
1288 1689 1460 1773 solvenda,
1486 1691 1513 1754 si
1541 1690 1663 1756 taceret
1687 1691 1917 1755 monasterium
1940 1697 2053 1756 contra
2076 1691 2325 1776 inter[di]otum;
2350 1699 2382 1756 et
2405 1713 2446 1756 ne

627 1799 730 1884 possit
754 1797 863 1883 aliqua
887 1797 1029 1884 partium
1052 1819 1171 1882 magno
1194 1797 1396 1862 incommodo
1420 1797 1514 1880 affici,
1531 1819 1573 1862 ex
1596 1819 1634 1862 eo
1659 1798 1745 1884 quod
1767 1798 1913 1884 predicta
1935 1806 2020 1862 esset
2043 1799 2163 1864 diutins
2187 1800 2246 1864 sub
2264 1799 2444 1882 interdicto,

626 1905 720 1969 detur
743 1927 762 1968 a
784 1905 893 1990 judice
924 1905 1080 1969 terminus
1105 1905 1313 1990 [qluindecim
1341 1905 1466 1969 dierum
1497 1905 1624 1991 utrique
1656 1905 1741 1992 parti
1772 1905 1813 1970 ad
1842 1906 2044 1992 probandum
2077 1915 2109 1971 et
2140 1907 2374 1972 ostendendum
2403 1906 2444 1971 de

623 2014 698 2098 jure
722 2034 780 2076 suo
804 2019 836 2076 et
860 2012 1038 2077 confinibus
1062 2013 1161 2076 laudi.
1187 2012 1312 2086 Quibus
1336 2013 1449 2076 diebus
1473 2013 1602 2098 elapsis,
1625 2013 1729 2098 possit
1751 2013 1855 2076 dictus
1875 2013 1989 2098 judex,
2013 2013 2065 2078 cui
2096 2021 2128 2078 et
2160 2015 2289 2100 quando
2312 2015 2373 2078 ribi
2396 2013 2444 2078 vi·

626 2120 764 2203 debitur,
781 2120 895 2184 tollere
917 2127 949 2184 et
972 2119 1161 2184 confirmare
1186 2120 1410 2202 interdictum
1432 2127 1464 2184 et
1487 2120 1515 2184 si
1538 2120 1699 2184 videbitur
1719 2120 1831 2204 judici,
1848 2121 1949 2206 possit
1972 2121 2091 2186 dictam
2107 2121 2312 2186 dilectionem
2329 2121 2443 2186 abbre-

626 2228 715 2291 viare
739 2233 772 2291 et
794 2248 970 2313 prorogare
994 2247 1052 2290 suo
1077 2227 1220 2290 arbitrio.
1237 2227 1321 2290 Lata
1345 2227 1406 2290 fuit
1429 2227 1488 2290 hec
1513 2228 1682 2310 sententia,
1700 2233 1733 2291 et
1753 2229 1790 2312 jn
1813 2227 1940 2314 scriptis
1963 2229 2175 2314 pronunciata
2198 2249 2257 2315 per
2280 2229 2444 2293 dominum

625 2334 891 2418 Bonincontrum,
906 2335 1049 2419 judicem
1066 2343 1097 2398 et
1114 2355 1309 2398 assessorem
1333 2334 1453 2399 domini
1477 2334 1633 2419 Bonifatij
1657 2334 1696 2398 do
1722 2335 1806 2399 Salis
1829 2335 2005 2400 Potestatis
2021 2335 2166 2401 Bononie
2190 2337 2251 2400 sub
2272 2357 2356 2400 anno
2377 2335 2444 2402 Do·

626 2442 704 2506 mini
728 2441 897 2505 millesimo
922 2441 1141 2504 ducentesimo
1165 2441 1432 2526 quiuquagesimo
1456 2441 1575 2528 primo,
1600 2441 1774 2505 indictione
1798 2463 1898 2525 nona,
1922 2441 1973 2506 dio
2005 2441 2194 2507 duodecimo
2225 2449 2364 2507 exeunte
2396 2463 2445 2506 se-

625 2549 780 2634 ptembri,
805 2549 837 2612 in
862 2549 984 2634 palatio
1007 2549 1109 2612 veteri
1134 2547 1286 2612 Comanis
1310 2548 1473 2630 Bononio,
1498 2548 1701 2634 presentibus
1731 2548 1860 2614 domino
1890 2549 2026 2614 Alberto
2058 2549 2289 2634 Oazzanimizi,
2314 2549 2443 2614 domino

626 2656 775 2721 Gabriele
799 2657 838 2720 de
862 2662 974 2721 sancto
998 2657 1106 2738 Petr0,
1132 2656 1260 2719 domiuo
1284 2656 1524 2742 Paxipaupero,
1546 2657 1676 2721 doctore
1699 2657 1819 2742 legum,
1844 2657 1973 2722 domino
1996 2657 2253 2742 Merchadan[t]e
2276 2659 2316 2723 de
2339 2658 2444 2744 Migo·

626 2787 706 2830 rano
731 2772 762 2828 et
785 2764 917 2827 Vallino
942 2764 1078 2845 notario,
1096 2763 1241 2826 testibus.
1262 2763 1333 2837 Que
1358 2764 1487 2848 quidem
1511 2764 1671 2828 sententia
1694 2765 1814 2850 scripta
1838 2772 1908 2828 erat
1929 2787 2028 2829 manu
2051 2765 2127 2830 dieti
2152 2765 2291 2830 Simonis
2316 2767 2444 2832 notarii.

717 2873 926 2950 &Volentes
950 2871 1043 2935 anrbe
1068 2877 1176 2957 partes
1200 2871 1239 2934 dc
1264 2871 1415 2957 predictis
1440 2871 1481 2935 ad
1505 2871 1709 2936 concordiam
1734 2871 1913 2958 pervenire,
1931 2873 2218 2958 compromiserunt
2242 2873 2345 2938 dictus
2363 2873 2445 2960 Syn·

628 2980 718 3044 dicus
742 2979 982 3044 nonantulanus
1006 2985 1038 3042 et
1062 2978 1209 3042 (lominus
1233 2977 1346 3042 Abbas
1369 2979 1530 3064 prefatus,
1555 2979 1683 3042 nomine
1707 2979 1843 3064 predicti
1866 2981 2071 3064 monasterij,
2096 2987 2127 3044 et
2150 3002 2209 3067 pro
2233 2981 2302 3065 ipso
2334 3001 2444 3045 mona-

627 3089 724 3152 sterio
748 3109 791 3151 ex
814 3108 880 3150 una
903 3092 1005 3170 parte,
1023 3093 1055 3150 et
1075 3085 1224 3149 dominus
1240 3086 1439 3150 Arimundus
1455 3086 1571 3151 Jacobi
1591 3086 1630 3150 de
1646 3087 1825 3169 Bernardo,
1842 3087 1991 3151 Potestas
2008 3087 2160 3151 Comunis
2176 3089 2280 3152 sancti
2296 3088 2444 3172 Johanis,

628 3203 661 3259 et
684 3194 830 3282 prefatus
853 3194 1005 3280 syndicus
1029 3193 1174 3277 ejusdem
1198 3194 1418 3257 universitatis
1446 3195 1574 3258 nomine
1598 3194 1744 3278 ejusdem
1767 3195 1986 3258 universitatis
2006 3199 2038 3258 et
2061 3216 2119 3280 pro
2141 3195 2211 3281 ipsa
2234 3196 2444 3262 universitate

626 3324 668 3366 ex
692 3303 810 3384 altera,
835 3301 874 3365 de
898 3301 1044 3387 predicta
1067 3301 1123 3364 lite
1147 3309 1179 3364 et
1202 3301 1373 3364 interdicto
1397 3309 1430 3366 et
1453 3302 1621 3385 questione
1653 3309 1685 3365 et
1715 3301 1936 3388 possessione,
1960 3301 2012 3365 vel
2038 3302 2147 3386 quasi,
2172 3309 2204 3367 et
2227 3303 2369 3368 dominio
2392 3305 2445 3368 vel

626 3410 729 3495 quasi,
754 3411 825 3492 ejus
849 3409 948 3473 totius
972 3408 1057 3494 quod
1082 3409 1186 3471 estin
1212 3409 1389 3493 questione,
1414 3409 1447 3472 in
1471 3409 1616 3474 dominos
1640 3409 1860 3495 Bonapartem
1890 3409 1930 3473 de
1962 3409 2110 3474 Gisleriis
2140 3417 2172 3474 et
2205 3409 2445 3476 Sinenominem

625 3517 747 3582 domini
772 3516 998 3598 Sinenominis,
1016 3516 1163 3579 doctores
1187 3515 1325 3600 Legum,
1342 3522 1507 3601 tamquam
1524 3517 1557 3579 in
1574 3517 1711 3581 arbitros
1729 3523 1760 3580 et
1784 3516 2003 3600 arbitratures,
2021 3525 2053 3581 et
2069 3518 2254 3583 amicabiles
2271 3519 2443 3606 compossi-

626 3631 724 3706 tores,
749 3645 806 3688 seu
829 3623 1033 3706 laudatores;
1057 3623 1281 3708 promittentes
1305 3623 1388 3686 inter
1412 3645 1446 3687 se
1470 3624 1683 3706 adinvicem,
1707 3629 1738 3687 et
1762 3623 1840 3709 ipsis
1865 3625 1994 3688 arbitris
2025 3645 2083 3688 seu
2114 3626 2360 3690 arbitratoribus
2387 3649 2445 3690 seu

627 3731 876 3795 amichabilibus
901 3730 1194 3817 compossitoribus,
1216 3738 1312 3812 stare,
1336 3751 1461 3817 parere,
1486 3731 1668 3814 aetendere,
1692 3752 1822 3795 servare
1846 3752 1939 3795 omne
1964 3753 2075 3796 eorum
2098 3731 2240 3816 laudum,
2265 3733 2443 3818 arbitrium,

627 3846 826 3925 preceptum,
851 3838 1057 3920 divisionem,
1083 3837 1357 3922 designationem,
1380 3837 1654 3920 adjudicationem
1677 3837 1836 3902 dictorum
1859 3837 2076 3922 dominorum,
2101 3839 2223 3904 sactum
2246 3841 2298 3904 vel
2326 3841 2447 3906 factam

625 3946 725 4010 semel
749 3947 802 4010 vel
825 3945 946 4032 pluries
971 3945 1054 4009 inter
1077 3944 1238 4031 predictas
1262 3951 1388 4030 partes,
1413 3952 1479 4008 tam
1503 3966 1600 4030 super
1623 3945 1839 4030 possessione,
1861 3945 1900 4009 de
1926 3967 1989 4031 qua
2013 3947 2197 4033 supradicta
2221 3949 2346 4034 questio
2372 3971 2444 4013 ver·

626 4053 765 4136 tebatur,
784 4074 881 4138 quam
906 4053 1003 4116 etiam
1027 4073 1123 4138 super
1148 4053 1218 4137 ipsa
1242 4058 1339 4133 terra,
1357 4073 1497 4134 nemore,
1515 4053 1582 4116 sive
1606 4051 1735 4138 palude,
1752 4074 1809 4116 scu
1832 4054 2030 4139 proprietate
2054 4054 2209 4138 ejusdem,
2227 4077 2324 4141 quam
2346 4057 2444 4120 etiarn

624 4182 723 4246 super
747 4161 834 4224 omni
858 4181 907 4242 eo,
925 4159 1010 4246 quod
1034 4159 1185 4246 predictis
1209 4159 1347 4222 dominis
1370 4158 1532 4223 videbitur
1555 4159 1788 4243 arbitrandum,
1805 4181 1863 4224 seu
1879 4160 2114 4225 amichabiliter
2130 4161 2381 4248 disponendum;
2398 4165 2444 4228 ita

626 4269 711 4355 quod
736 4267 837 4354 possit
859 4267 1036 4353 precipere,
1061 4265 1205 4348 lucidare,
1231 4265 1392 4348 arbitrari,
1414 4265 1539 4349 stando,
1557 4266 1708 4349 sedendo,
1726 4265 1838 4330 diebus
1862 4267 1985 4331 feriatis
2009 4275 2040 4332 et
2064 4289 2129 4332 non
2151 4269 2285 4340 seriatis.
2307 4277 2444 4357 utraque

625 4383 718 4462 parte
742 4381 909 4460 presente,
935 4373 986 4436 vel
1011 4373 1113 4435 altera
1138 4372 1288 4452 absente,
1314 4372 1390 4435 dum
1414 4379 1522 4436 taruen
1547 4379 1674 4457 cytata,
1698 4372 1757 4435 snb
1789 4395 1873 4458 pena
1904 4372 1991 4436 millo
2021 4373 2177 4438 librarum
2201 4375 2444 4440 bononenorum

625 4484 767 4548 vicissim
791 4484 875 4547 inter
898 4489 1007 4568 partes
1031 4489 1063 4544 et
1088 4481 1164 4567 ipsis
1189 4481 1436 4544 arbitratoribus
1460 4503 1518 4568 per
1541 4481 1794 4567 stipullationem
1819 4482 1969 4566 promise.
1994 4481 2067 4556 Qua
2091 4483 2211 4546 comisa
2242 4491 2274 4546 et
2309 4491 2443 4566 exacta,

624 4593 675 4656 vel
701 4613 775 4674 non,
792 4597 901 4676 partes
923 4596 1094 4653 teneantur
1118 4588 1290 4652 observare
1315 4590 1423 4652 onmia
1447 4588 1642 4674 supradicta,
1668 4588 1727 4652 sub
1751 4588 1949 4674 obligatione
1972 4590 2130 4653 bonorum
2154 4589 2230 4654 dieti
2253 4592 2442 4676 monasterij

625 4706 657 4763 et
682 4699 758 4762 dicti
783 4698 935 4762 Comanis
959 4696 1060 4760 sancti
1086 4696 1255 4760 Johannis.

715 4807 798 4870 Item
822 4805 971 4868 dominus
999 4803 1111 4867 Abbas
1143 4803 1289 4890 prelatus
1320 4809 1352 4866 et
1375 4801 1526 4887 syndicus
1558 4803 1720 4888 predictus
1750 4803 1827 4867 dicti
1850 4805 2055 4888 monasterij,
2079 4804 2207 4868 nomine
2231 4804 2309 4869 dicti
2332 4827 2442 4871 inona-

625 4915 727 4998 sterij,
751 4920 783 4977 et
807 4934 918 4977 eornm
941 4911 1090 4997 precibus
1114 4918 1147 4975 et
1178 4911 1346 4995 mandato,
1378 4911 1526 4974 dominus
1551 4911 1777 4994 Accharixius,
1805 4911 1890 4975 filius
1914 4911 2050 4976 condam
2078 4912 2199 4976 domini
2223 4912 2380 4977 Guidonis
2404 4915 2443 4978 de

626 5020 841 5102 Acoharixiis,
863 5025 896 5083 et
919 5019 1066 5083 dominus
1090 5018 1263 5104 Naxipane
1287 5018 1326 5082 de
1349 5017 1504 5104 Malpiliis
1528 5019 1567 5082 de
1592 5025 1693 5082 strata
1716 5019 1842 5102 majori,
1859 5026 1891 5082 et
1914 5019 2060 5082 dominns
2084 5019 2292 5103 Bonjacobus
2315 5019 2443 5086 Alberti

626 5128 737 5194 Pizole
761 5127 801 5192 de
825 5125 979 5213 parochia
1003 5126 1106 5189 saneti
1131 5125 1323 5208 Colunbani,
1340 5132 1372 5189 et
1396 5125 1543 5190 dominus
1567 5125 1734 5190 dohannes
1758 5125 1940 5212 Pasqualis,
1958 5126 2101 5190 notarius
2121 5127 2160 5190 de
2183 5127 2313 5210 Pozale,
2331 5135 2363 5191 et
2386 5128 2442 5193 do·

624 5237 731 5299 minus
755 5235 898 5300 Jacobns
923 5233 1048 5298 Coelius
1073 5233 1112 5296 de
1135 5233 1266 5315 Pozale,
1288 5239 1320 5296 et
1344 5232 1491 5297 dominus
1516 5232 1622 5296 Guido
1645 5232 1898 5297 Bochaderonco
1922 5233 1961 5296 de
1985 5233 2138 5297 Guarinis
2161 5234 2200 5297 de
2223 5241 2317 5320 porta
2341 5237 2444 5299 sancti

623 5343 725 5426 Petri,
742 5350 773 5406 et
798 5342 945 5405 dominus
965 5341 987 5406 J
989 5341 1153 5423 acobinus,
1171 5341 1226 5426 qui
1250 5339 1366 5404 dicitur
1388 5340 1595 5425 Paglarinus,
1612 5339 1696 5404 filius
1713 5339 1848 5404 condam
1865 5339 1985 5405 domini
2001 5339 2180 5405 Guillielmi
2195 5341 2234 5405 de
2251 5341 2442 5426 Aesarixiis,

627 5450 763 5538 quilibet
794 5471 906 5514 eorum
936 5449 1157 5536 principaliter
1188 5456 1219 5513 et
1247 5450 1286 5534 jn
1317 5448 1455 5512 solidum
1477 5470 1511 5512 se
1536 5447 1726 5532 obligando,
1752 5453 1783 5511 et
1806 5447 2064 5511 renuntiantibus
2092 5447 2251 5512 benefitiis
2286 5471 2444 5514 novarum

625 5558 890 5623 constitutionum
920 5557 959 5620 de
990 5556 1137 5642 pluribus
1168 5557 1231 5620 reis
1262 5555 1420 5640 debendj,
1445 5562 1477 5620 et
1501 5555 1623 5620 auxilio
1647 5555 1782 5642 epistole
1805 5555 1883 5620 Divi
1905 5554 2061 5639 Adriauj,
2085 5561 2117 5619 et
2140 5555 2206 5619 doli
2234 5557 2312 5620 mali
2334 5557 2442 5621 condi-

625 5666 741 5747 ctioni,
767 5671 799 5728 et
827 5664 860 5727 in
891 5663 1031 5746 factum,
1056 5670 1088 5726 et
1119 5663 1188 5726 sine
1217 5665 1313 5748 juxta
1345 5685 1460 5746 causa,
1486 5670 1517 5726 et
1548 5662 1634 5727 omni
1666 5662 1722 5726 alii
1749 5662 1858 5747 legum
1883 5662 2005 5726 auxilio
2030 5669 2062 5726 et
2084 5662 2303 5746 decretorum,
2327 5685 2385 5749 per
2409 5686 2443 5728 se

625 5794 763 5858 suosque
788 5771 924 5836 heredes
948 5793 1006 5857 per
1029 5770 1270 5857 stipulationem
1293 5771 1508 5856 promiserunt
1538 5769 1703 5856 Raynerio
1734 5769 1774 5834 de
1805 5769 1975 5851 Albirolis,
2000 5770 2133 5856 syndico
2158 5770 2310 5834 Comanis
2341 5771 2444 5836 sancti

626 5881 796 5963 Johannis,
822 5879 989 5966 stipulanti
1013 5879 1141 5943 nomine
1165 5879 1242 5942 dicti
1265 5879 1427 5961 Comanis,
1449 5879 1534 5964 quod
1558 5879 1717 5942 curabunt
1733 5885 1765 5942 et
1788 5877 1908 5942 facient
1931 5879 1987 5962 ita,
2006 5879 2090 5964 quod
2111 5878 2297 5964 Capitulum
2320 5901 2442 5944 nonan-

625 5988 773 6053 tulanum
797 5988 918 6052 dictum
942 5986 1207 6073 compromissum
1230 5986 1431 6050 confirmabit
1456 5987 1633 6071 expressim
1658 5986 1699 6050 ad
1723 6007 1852 6049 sensum
1875 5986 2033 6050 dictorum
2057 5986 2269 6070 dominorum,
2294 5993 2325 6050 et
2349 6008 2443 6051 omne

624 6097 758 6161 laudum
781 6103 813 6160 et
837 6101 1024 6182 preceptum
1050 6101 1081 6157 et
1105 6093 1362 6179 designationem
1385 6099 1416 6157 et
1441 6093 1608 6156 arbitrium
1637 6101 1669 6156 et
1697 6093 1987 6178 adjudicationem,
2012 6093 2097 6178 quod
2127 6101 2159 6157 et
2190 6114 2287 6178 quam
2318 6099 2350 6156 et
2381 6115 2442 6179 que

623 6214 656 6269 ct
680 6226 759 6291 quas
784 6203 905 6268 facient
928 6201 1064 6288 predicti
1089 6201 1210 6265 domini
1234 6200 1454 6283 arbitratures,
1472 6200 1620 6264 actendet
1642 6207 1674 6264 et
1697 6200 1883 6264 observabit
1906 6206 2072 6287 perpetuo,
2090 6207 2122 6264 et
2146 6221 2209 6264 non
2234 6199 2445 6264 contrafaciet

622 6314 675 6378 vel
698 6314 807 6377 veniet
831 6312 940 6397 aliquo
964 6309 1058 6375 modo
1083 6309 1135 6373 vel
1156 6309 1301 6394 jngenio,
1329 6308 1437 6394 aliquo
1461 6315 1615 6393 tempore,
1642 6308 1701 6373 sub
1725 6308 1871 6394 predicta
1893 6329 1978 6394 pena
2009 6313 2042 6371 ct
2065 6308 2261 6393 obligatione
2285 6308 2443 6372 bonorum

622 6443 754 6486 suorum
778 6427 810 6484 et
834 6419 910 6484 dicti
933 6417 1121 6502 monasterij
1150 6423 1181 6480 et
1204 6437 1289 6502 pena
1313 6417 1433 6480 comisa
1457 6423 1488 6480 et
1513 6423 1639 6498 exacta,
1664 6415 1715 6479 vel
1741 6436 1815 6498 non,
1838 6417 1875 6500 jn
1900 6415 2043 6501 quolibet
2066 6415 2217 6500 capitulo,
2239 6422 2270 6479 et
2294 6415 2442 6500 quotiens

623 6527 858 6609 contrafactum
882 6524 980 6589 luerit
1003 6523 1136 6587 lctudum
1161 6529 1192 6586 et
1215 6529 1402 6610 preceptum
1431 6544 1486 6586 seu
1512 6522 1690 6605 arbitrium,
1708 6527 1740 6585 ct
1760 6521 1999 6606 designationes
2020 6527 2053 6584 et
2072 6520 2303 6584 aiudicationes
2327 6542 2347 6584 a
2370 6541 2442 6606 pre·
