5490 7750
606 613 681 682 150
1389 630 1630 681 morannum

603 789 778 862 indicatis.
799 788 842 860 In
862 788 985 860 eadem
1012 795 1137 884 postea
1165 786 1315 885 epistola
1332 786 1552 860 Beltramino
1572 787 1770 884 injungitur
1789 786 1882 882 quod
1902 795 1985 859 ante
2014 787 2130 860 omnia
2151 788 2359 862 Thadaeum
2378 791 2422 864 de

601 914 747 1011 Pepulis
767 940 788 986 a
807 913 992 986 sententiis
1013 913 1419 986 excommunicationum
1438 913 1612 1008 absolvat,
1630 937 1780 1009 cumque
1802 912 1847 984 ad
1862 913 2106 1007 juramentum
2125 911 2305 987 fidelitatis
2316 916 2423 1012 juxta

603 1047 808 1113 consuetam
837 1039 989 1111 sormam
1018 1038 1195 1111 admittat.
1226 1038 1360 1111 Datum
1387 1039 1578 1134 Avenioni,
1607 1038 1732 1112 XVII.
1753 1037 1926 1110 kalendas
1951 1037 2043 1132 julii,
2073 1063 2165 1110 anno
2195 1048 2296 1112 sexto
2316 1037 2366 1112 (¹).

711 1289 935 1384 Beirnboldo,
966 1290 1118 1386 episcopo
1145 1289 1316 1386 totelenei,
1346 1289 1484 1362 Hectori
1514 1289 1719 1363 Provinciae
1747 1289 2013 1362 Romendielce.

706 1416 901 1489 Mandatur
929 1414 960 1486 ei
993 1415 1087 1511 quod
1116 1415 1210 1488 circa
1237 1415 1514 1489 nominationem
1544 1415 1751 1510 PotestatiS,
1771 1415 1959 1512 Capitonei
1987 1423 2022 1486 et
2051 1413 2322 1487 Conservatoris
2348 1414 2420 1488 Bo·

601 1543 740 1638 noniae,
771 1540 907 1638 quoties
936 1547 1017 1637 post
1044 1540 1311 1637 deputationem
1340 1565 1446 1637 quam
1485 1541 1527 1614 dc
1566 1541 1698 1614 eisdem
1735 1541 1843 1614 faciet
1871 1539 2111 1613 Beltraminus
2138 1538 2300 1612 Nunnius
2327 1564 2422 1614 nova

601 1668 806 1741 eorumdem
834 1666 1037 1740 officialium
1066 1666 1249 1763 deputatio
1278 1667 1511 1762 contingeret,
1533 1667 1674 1739 omnino
1702 1674 1822 1738 servet
1849 1665 2000 1738 sormam
2024 1664 2060 1736 in
2084 1663 2195 1736 literis
2216 1665 2420 1738 reconcilia-

601 1794 706 1866 tionis
735 1801 960 1886 contentam,
990 1817 1031 1864 eo
1059 1791 1180 1864 addito
1210 1792 1324 1888 quod,
1355 1817 1399 1864 ne
1427 1791 1589 1865 Bononia
1621 1816 1666 1864 ex
1703 1791 1821 1888 aliquo
1857 1790 2031 1864 accidenti
2068 1797 2250 1862 remaneat
2287 1791 2421 1886 absque

601 1919 791 2017 praedictis
820 1916 1039 2011 officialibus,
1070 1917 1144 2012 ipse
1173 1916 1303 2012 valeat,
1329 1917 1468 2012 quoties
1497 1926 1616 1990 tamen
1645 1915 1928 1991 Bononiensibus
1957 1923 2196 2012 opportunum
2225 1915 2418 2010 videretur,

601 2053 827 2142 praemature
856 2043 963 2115 etiam
992 2042 1037 2115 ad
1066 2043 1198 2115 dictam
1226 2041 1434 2116 electionem
1464 2043 1642 2116 devenire.
1672 2042 1808 2114 Datum
1836 2052 1875 2114 ut
1904 2066 2012 2138 supra
2027 2039 2078 2112 (²).

708 2169 797 2241 Cum
825 2170 861 2240 in
890 2167 1001 2240 literis
1029 2166 1293 2264 suppletionum
1321 2177 1356 2240 et
1385 2167 1676 2263 declarationum,
1698 2192 1788 2264 quae
1816 2168 2009 2264 incipiunt:
2042 2166 2229 2238 «Derdam
2258 2166 2419 2239 acceden-

600 2295 693 2368 tibus
720 2320 756 2390 »,
786 2295 958 2368 insertum
986 2293 1094 2366 suerit
1122 2293 1300 2390 quoddam
1329 2291 1523 2389 capitulum
1552 2294 1646 2390 quod
1674 2293 1841 2390 expulsos
1869 2319 1891 2366 a
1919 2293 2075 2388 civitate,
2105 2316 2254 2388 quorum
2285 2293 2419 2365 reditus

600 2421 854 2515 denegabatur,
886 2419 1023 2514 quoties
1052 2419 1096 2490 ab
1126 2443 1167 2490 eo
1195 2417 1386 2490 seditiones
1415 2427 1477 2490 aut
1506 2418 1679 2491 tumultus
1709 2419 2020 2516 praeviderentur,
2050 2442 2092 2490 ac
2126 2418 2294 2490 omissum
2330 2419 2421 2490 exti-

600 2547 704 2640 terit,
735 2546 780 2618 ad
808 2568 913 2640 quem
942 2545 976 2615 in
1004 2543 1071 2615 hoc
1100 2567 1183 2614 casu
1212 2542 1366 2637 cognitio
1395 2568 1457 2615 seu
1487 2543 1679 2616 declaratio
1708 2543 1923 2641 pertineret,
1953 2544 1988 2615 in
2017 2543 2084 2614 bac
2112 2542 2191 2614 ideo
2224 2542 2419 2640 apostolica

601 2671 862 2744 Constitutione
892 2671 934 2741 de
964 2693 1137 2742 consensu
1166 2669 1417 2762 magistrorum
1444 2669 1544 2741 Petri
1571 2670 1614 2741 do
1643 2669 1845 2768 Bompetris
1874 2679 1909 2742 et
1937 2669 2211 2742 Bonaventuree
2241 2669 2416 2764 Jacobini,

595 2797 821 2893 syndicorum
851 2794 1055 2867 Communis
1083 2794 1282 2888 Bononiae,
1313 2793 1516 2866 decernitur
1554 2795 1599 2867 ad
1635 2804 1796 2868 sanctam
1830 2795 1956 2867 Sedem
1986 2793 2188 2890 specialiter
2216 2793 2418 2890 hujusmodi

594 2921 870 2994 declarationem
900 2920 1153 2992 reservandam
1181 2920 1268 2992 fore.
1300 2919 1433 2991 Datum
1462 2928 1502 2991 ut
1531 2944 1639 3016 supra
1654 2917 1705 2994 (³).

701 3172 883 3268 Excerpta
912 3196 957 3243 ex
986 3169 1181 3266 apostolica
1210 3169 1492 3243 Constitutione:

702 3297 803 3370 Haec
839 3295 1033 3392 apostolica
1063 3294 1278 3368 Constitutio
1313 3296 1454 3392 incipit:
1492 3296 1685 3368 «Dudum
1716 3297 1999 3369 accedentibus»
2035 3305 2070 3368 ct
2097 3297 2194 3368 sacta
2223 3303 2276 3367 est
2310 3318 2416 3390 super

594 3422 892 3496 declarationibus
921 3427 956 3493 et
980 3421 1281 3493 moderationibus
1302 3420 1536 3516 quorumdam
1556 3447 1600 3494 ex
1621 3422 1768 3516 triginta
1788 3421 1962 3519 capitulis,
1984 3445 2074 3518 quae
2094 3421 2130 3492 in
2149 3420 2261 3493 literis
2280 3420 2415 3516 primae

594 3547 889 3623 reconciliationis
918 3547 1155 3619 continentur.
1186 3545 1302 3618 Valde
1332 3547 1474 3642 quidem
1503 3547 1609 3642 longa
1647 3556 1682 3620 et
1719 3547 1875 3645 prolixa,
1901 3549 2008 3644 juxta
2046 3555 2165 3619 tamen
2200 3544 2415 3640 gravitatem

593 3673 738 3768 negotii,
760 3680 813 3745 est
842 3671 1045 3767 hujusmodi
1065 3670 1299 3766 Constituti03
1321 3671 1421 3768 cujus
1441 3672 1572 3744 idcirco
1592 3682 1843 3766 argumentum
1861 3673 2037 3745 brevitate
2058 3672 2204 3767 carebit,
2226 3678 2413 3767 quatenus,

593 3807 632 3870 ut
661 3823 749 3894 opus
778 3806 843 3893 est,
874 3797 991 3869 omnia
1019 3796 1054 3869 in
1085 3822 1127 3869 ea
1156 3805 1323 3868 contenta
1351 3797 1619 3894 specialiorique
1648 3808 1734 3870 nota
1764 3798 1871 3892 digna
1900 3797 2079 3870 enucleari
2106 3797 2278 3869 debeant:
2309 3796 2344 3866 in
2373 3819 2415 3867 ea

593 3924 687 3997 enim
715 3923 942 3996 continentur
969 3922 1118 3994 historia
1146 3922 1336 4018 primariae
1365 3922 1573 4017 deditionis,
1609 3947 1671 3994 seu
1705 3923 1822 4020 potius
1860 3922 2111 4017 recognitionis
2149 3921 2293 3994 dominii
2319 3920 2416 3992 lacta

593 4073 614 4122 a
642 4048 926 4121 Bononiensibus
956 4072 1042 4142 erga
1069 4055 1230 4120 sanctam
1259 4047 1397 4142 Sedem,
1421 4047 1546 4120 seditio
1567 4057 1602 4120 ot
1631 4046 1805 4120 tumultus
1824 4057 1948 4121 contra
1967 4047 2212 4142 Beltrandum,
2233 4045 2415 4119 Bononiae

591 4174 780 4269 Legatum,
811 4172 990 4270 expeditio
1018 4173 1244 4245 ambaxiatae
1274 4173 1319 4244 ad
1348 4173 1538 4268 petendam
1567 4173 1717 4268 veniam,
1745 4199 1816 4246 una
1844 4199 1925 4246 cum
1953 4172 2116 4270 capitulis
2146 4189 2180 4244 et
2209 4171 2414 4244 conventio-

592 4291 696 4372 nibus
725 4297 953 4395 supradictis,
983 4297 1117 4369 inutilis
1146 4298 1335 4370 destinatio
1364 4297 1495 4371 Nuncii
1523 4297 1727 4394 apostolici,
1758 4299 1818 4395 qui
1854 4323 1892 4371 re
1925 4299 2037 4371 inlata
2064 4323 2085 4371 a
2112 4297 2274 4370 Bononia
2302 4298 2414 4369 disce-

593 4425 676 4498 dere
706 4431 849 4496 ccactus
879 4423 946 4494 fuit
974 4423 1009 4494 in
1039 4447 1145 4495 causa
1174 4447 1236 4494 cur
1264 4424 1583 4496 excommunicatio
1612 4432 1648 4496 et
1676 4425 1904 4497 interdictum
1933 4433 2057 4497 contra
2085 4423 2319 4497 bononienses
2349 4448 2414 4519 pu-

591 4549 826 4622 blicarentur:
857 4556 892 4620 et
926 4557 1105 4644 postremo
1141 4546 1235 4620 latus
1275 4573 1390 4621 sermo
1429 4548 1623 4621 haberetur
1661 4549 1703 4621 dc
1739 4574 1833 4622 nova
1871 4550 1983 4646 petita
2019 4549 2124 4621 venia
2162 4549 2204 4620 de
2242 4548 2414 4644 novisque

591 4673 827 4771 expostulatis
856 4671 1156 4745 moderationibus
1185 4682 1220 4745 et
1249 4672 1547 4746 declarationibus
1576 4698 1682 4771 super
1710 4674 1833 4770 primis
1856 4673 2058 4771 apostolicis
2078 4672 2189 4746 literis
2208 4672 2414 4745 reconcilia-

591 4800 697 4872 tionis
725 4824 797 4870 una
825 4823 905 4871 cum
934 4798 1179 4896 procuratorio
1208 4807 1243 4870 et
1272 4799 1446 4871 sindicatu
1475 4799 1755 4894 bononiensium,
1785 4825 1827 4872 ac
1854 4799 2054 4872 nominibus
2082 4799 2288 4892 Potestatis,
2319 4797 2413 4870 Con-

592 4923 796 5018 servatoris,
818 4924 1057 4996 Antianorum
1086 4948 1127 4996 ao
1156 4923 1445 4996 Consiliariorum
1476 4924 1631 4997 civitatis
1658 4923 1851 5020 Bononiae,
1873 4925 1934 5020 qui
1958 4924 2039 4996 huic
2068 4923 2216 4996 solemni
2235 4923 2415 4996 conciliari

591 5051 687 5124 actui
711 5049 950 5122 interfuerint.
971 5049 1122 5144 idcirce,
1144 5049 1281 5121 omissis
1301 5049 1351 5121 eis
1372 5074 1462 5146 quae
1483 5049 1621 5122 inutilia
1642 5058 1736 5144 sunt,
1758 5075 1848 5146 quae
1869 5057 1989 5122 tamen
2006 5049 2212 5144 reformata,
2234 5047 2415 5122 declarata

589 5177 747 5271 fuerunt,
773 5175 809 5246 in
837 5175 1069 5270 sequentibus
1098 5173 1261 5271 capitulis
1290 5175 1538 5247 continentur:

701 5301 730 5374 I.
762 5300 864 5390 Quod
891 5300 985 5372 infra
1013 5299 1184 5372 kalendas
1213 5301 1344 5371 mensis
1372 5301 1583 5397 septembris
1612 5301 1798 5398 possessio,
1829 5325 1891 5373 scu
1919 5301 2020 5398 quasi
2048 5301 2234 5398 possessi0,
2260 5300 2414 5373 civitatis

590 5425 810 5499 Beltraminc
841 5424 968 5498 nuncio
997 5424 1054 5497 rel
1083 5426 1127 5497 ab
1158 5450 1199 5497 eo
1228 5425 1453 5521 deputandae
1483 5450 1655 5522 personae
1685 5425 1799 5498 detur.

697 5550 747 5623 ΙΙ.
778 5550 881 5638 Quod
909 5550 946 5621 in
975 5549 1177 5646 praesentia
1205 5548 1388 5647 apostolici
1416 5549 1547 5622 Nuncii
1576 5551 1610 5622 in
1641 5550 1799 5646 generali
1824 5549 1978 5624 Consilio
2006 5549 2210 5624 solemniter
2237 5551 2299 5622 fiat
2327 5550 2413 5623 rati-

590 5675 708 5748 ficatio
737 5675 970 5772 possessionis
998 5674 1091 5747 infra
1121 5675 1340 5771 praedictum
1370 5684 1521 5772 tempus,
1553 5673 1660 5748 salvis
1690 5675 1988 5748 declarationibus
2016 5675 2263 5772 infrascriptis.

698 5801 767 5873 III.
800 5801 925 5889 Quoad
954 5798 1149 5897 capitulum
1178 5802 1220 5873 de
1250 5825 1357 5872 censu
1386 5801 1599 5894 decernitur,
1621 5801 1879 5874 observandam
1909 5826 1984 5873 esse
2004 5802 2155 5874 sormam
2175 5799 2357 5873 solutionis
2377 5801 2413 5872 in

590 5927 714 6026 primis
743 5925 855 5999 literis
883 5934 1100 6020 contentam,
1121 5934 1156 5997 et
1184 5925 1220 5996 in
1249 5950 1332 5997 casu
1363 5925 1676 6021 contraventiouis,
1698 5927 1840 5999 easdem
1870 5951 2001 6022 poenas
2021 5926 2258 6023 praescriptas
2277 5926 2313 5996 in
2332 5924 2410 5998 illis.

696 6052 762 6124 IV.
786 6052 910 6140 Quoad
937 6049 1132 6148 capitulum
1161 6051 1203 6123 de
1234 6050 1456 6147 praestandis
1477 6051 1638 6122 ducentis
1658 6050 1860 6124 hominibus
1880 6051 2068 6146 equitibus,
2089 6052 2197 6124 armis
2221 6050 2321 6122 bonis
2349 6050 2411 6123 bo-

671 6370 709 6434 (1)
730 6368 799 6420 Vide
819 6367 870 6420 sub
890 6385 963 6420 num.
983 6365 1113 6432 LXVIII,
1133 6381 1156 6418 c.
1181 6369 1244 6431 133,
1264 6370 1291 6418 et
1310 6365 1384 6434 apud
1403 6365 1477 6417 Ron-
1614 6368 1652 6432 (2)
1672 6366 1805 6431 Ronconi,
1825 6367 1876 6419 loo.
1897 6367 1957 6431 cit,
1977 6383 2000 6418 c.
2021 6369 2071 6418 255
2091 6385 2113 6418 r.

590 6458 662 6525 coni,
681 6459 734 6510 loc.
753 6459 814 6523 clt,
834 6473 857 6509 c.
879 6461 927 6509 251
949 6475 971 6509 r.
991 6463 1018 6509 et
1037 6473 1077 6521 a,
1097 6459 1124 6508 et
1144 6458 1194 6506 252
1215 6473 1236 6507 r.
1613 6457 1651 6522 (3)
1672 6455 1736 6507 Loo.
1756 6456 1816 6522 elt,
1836 6472 1859 6508 c.
1879 6459 1930 6508 252
1950 6473 1974 6507 v.
