5490 7750
605 630 685 701 lac
1398 649 1638 700 uosuuaarn

606 805 764 891 ejusdcm,
790 805 843 891 qui
868 813 944 870 tunc
968 811 1073 888 erunt,
1098 813 1207 870 nostro
1231 813 1263 870 et
1286 827 1507 871 successorum
1530 815 1712 871 nostrorum
1741 816 1774 871 et
1797 807 1942 890 ejusdem
1967 829 2098 872 romane
2125 807 2269 872 Ecclesia
2301 811 2428 874 nomine

606 912 792 1000 recipientis
817 922 960 1000 prestare
984 913 1127 978 habeant
1151 913 1336 998 hujusmodi
1357 916 1588 997 juramentum,
1612 915 1763 978 videlicet
1786 915 1873 1000 quod
1896 915 1988 979 nobis
2011 915 2168 1000 dictisque
2192 917 2429 982 successoribus

606 1027 639 1086 et
663 1021 768 1086 eidam
792 1019 937 1086 Ecclesia
961 1020 1073 1085 fideles
1096 1027 1190 1085 erunt
1213 1043 1271 1107 pro
1304 1029 1448 1107 tempore
1480 1043 1544 1106 quo
1574 1021 1715 1085 indicta
1738 1022 1870 1086 civitate
1893 1022 2095 1108 stipendiari]
2124 1024 2374 1108 permanebunt,
2398 1033 2431 1088 et

607 1129 692 1216 quod
717 1129 744 1193 si
767 1129 931 1194 videretur
955 1149 1087 1193 romano
1112 1127 1278 1210 Pontifici,
1304 1129 1443 1214 quierit
1467 1151 1525 1214 pro
1548 1137 1704 1216 tempore,
1728 1130 1791 1210 vel,
1815 1130 1994 1216 apostolica
2018 1129 2101 1194 Sede
2125 1144 2279 1212 vacante,
2304 1132 2428 1218 prefato

607 1235 763 1321 collegio,
786 1235 926 1321 aliquem
957 1235 1010 1300 vel
1041 1235 1167 1320 aliquos
1191 1236 1230 1300 de
1254 1235 1348 1300 dietis
1372 1236 1591 1322 stipendiarijs
1624 1237 1839 1301 amovendum
1870 1237 1923 1300 vel
1954 1237 2149 1302 amovendos
2173 1237 2214 1302 ad
2242 1239 2429 1303 mandatnm

606 1341 684 1406 dicti
707 1343 831 1406 romani
854 1343 1030 1426 Pontifieis,
1055 1343 1118 1426 vel,
1144 1343 1230 1406 dicta
1254 1343 1338 1407 Sede
1361 1351 1508 1426 vacante,
1531 1343 1649 1430 prelati
1673 1343 1823 1428 Collegij,
1840 1345 2024 1428 hujusmodi
2047 1345 2275 1430 stipendiarius
2299 1347 2351 1410 vel
2374 1348 2429 1410 sti·

606 1449 777 1537 pendiarij,
795 1449 912 1514 debeat
930 1450 982 1514 vel
1005 1449 1145 1515 debeant
1169 1451 1322 1532 amoveri,
1339 1459 1371 1514 et
1395 1451 1427 1515 in
1450 1451 1559 1515 locum
1582 1472 1693 1515 eoram
1718 1451 1775 1534 alij
1798 1451 1902 1515 eidem
1927 1473 2060 1516 romano
2083 1452 2243 1534 Pontifici,
2260 1452 2323 1534 vel,
2344 1454 2429 1518 dicta

607 1557 690 1622 Sede
714 1565 869 1639 vacante,
894 1557 1021 1644 prelato
1044 1557 1201 1641 Collegio,
1223 1559 1326 1643 magis
1350 1559 1475 1645 accepti
1504 1558 1655 1623 substitui
1687 1558 1738 1621 vel
1769 1559 1868 1622 etiam
1898 1561 2073 1644 surrogari.
2097 1560 2164 1624 Nos
2196 1562 2293 1624 ctiam
2317 1563 2429 1645 hujus·

606 1664 691 1729 modi
717 1664 894 1750 capitulum
918 1665 1013 1728 certis
1037 1686 1079 1728 ex
1103 1665 1208 1729 causis
1232 1666 1479 1730 rationabilibus
1502 1667 1610 1730 taliter
1630 1666 1829 1751 providimus
1846 1665 2077 1730 moderandum
2101 1688 2158 1731 seu
2180 1669 2429 1752 reformandum,

607 1771 757 1836 videlicet
781 1773 866 1858 quod
891 1772 1091 1836 solummodo
1115 1772 1330 1837 Conistabiles
1355 1773 1638 1860 stipendiariorum
1662 1773 1803 1837 civitatis
1826 1773 2043 1856 bononiensia,
2060 1795 2196 1859 qnorum
2213 1776 2347 1860 quilibet
2369 1777 2428 1840 sub

607 1900 667 1943 sua
690 1880 847 1944 banneria
871 1881 956 1944 ultra
979 1901 1148 1944 numerum
1171 1880 1388 1965 quadraginta
1412 1881 1694 1967 stipendiariorum
1719 1881 1760 1944 ad
1784 1881 1857 1966 plns
1881 1889 1990 1944 tenere
2015 1903 2077 1946 non
2101 1883 2212 1967 possit.
2237 1883 2297 1946 soli
2317 1885 2429 1967 jurare

607 1987 749 2052 habeant
773 1989 805 2052 in
829 1988 977 2052 manibus
1006 1987 1101 2051 unius
1125 2009 1167 2050 ex
1190 1987 1360 2052 Judioibus
1391 1988 1664 2075 appellationum,
1689 2000 1720 2052 et
1754 1989 1839 2052 illius
1868 1989 1919 2051 vel
1951 1989 2077 2052 illorum
2107 1991 2162 2074 qui
2190 1991 2429 2055 administrabit

607 2117 663 2159 seu
688 2094 959 2159 administrabunt
979 2095 1055 2178 jura
1078 2094 1308 2160 Universitatia
1340 2096 1480 2160 civitatis
1511 2097 1672 2182 predicte,
1696 2097 1808 2160 fideles
1838 2117 1907 2160 esse
1941 2118 2072 2161 romane
2101 2096 2246 2161 Ecclesie
2275 2098 2428 2183 quamdiu

607 2209 701 2267 amnt
725 2203 766 2266 ad
789 2202 950 2289 stipendia
974 2202 1113 2266 civitatis
1136 2203 1292 2286 ejusdem,
1309 2211 1341 2266 et
1358 2203 1443 2288 quod
1467 2204 1607 2268 fideliter
1629 2226 1663 2266 se
1683 2203 1849 2267 habebunt
1873 2204 1906 2266 in
1930 2202 2140 2268 defendendis
2165 2205 2293 2288 juribus
2323 2205 2428 2270 eidem

605 2309 751 2374 Ecclesie
775 2308 1031 2394 competentibus
1056 2310 1088 2372 in
1112 2309 1197 2374 dieta
1221 2311 1351 2374 civitate
1383 2311 1574 2374 bononiensi
1604 2323 1636 2374 et
1668 2311 1768 2396 ipsius
1799 2311 1919 2374 diocesi
1950 2319 1982 2374 et
2013 2310 2178 2392 districtu,
2203 2326 2235 2375 et
2265 2313 2364 2376 etiam
2395 2314 2426 2377 in

606 2417 687 2481 loeis
710 2417 784 2500 alijs
812 2417 853 2480 ad
882 2439 943 2502 que
972 2438 1029 2503 per
1052 2416 1275 2481 Bononienses
1303 2419 1336 2482 in
1359 2417 1538 2481 subsidium
1568 2419 1713 2502 ejusdcm
1744 2417 1890 2481 Ecclesie
1922 2419 2195 2500 transmittentur,
2221 2419 2370 2505 quodque
2395 2420 2427 2484 in

607 2523 794 2588 societatem
817 2545 910 2587 suam
932 2524 1057 2586 nullum
1081 2524 1113 2586 in
1138 2525 1383 2610 stipendiarium
1406 2526 1545 2589 scienter
1576 2527 1731 2610 recipient
1764 2524 1925 2589 infidelem
1947 2525 2092 2608 ejusdem
2124 2547 2255 2590 romane
2282 2526 2427 2591 Ecclesia

607 2632 875 2712 transmittentur,
900 2631 952 2694 vel
975 2631 1151 2713 rebellem,
1176 2639 1231 2694 ant
1255 2653 1327 2694 omn
1351 2633 1534 2696 infidelibus
1560 2633 1610 2696 vel
1635 2632 1809 2696 rebellibus
1833 2631 2093 2714 confederatum3
2117 2634 2308 2719 recipientes
2331 2636 2429 2698 etiam

606 2739 792 2822 hujusmodi
816 2746 1054 2802 sacramentnm
1077 2740 1188 2822 jurare
1213 2740 1379 2804 habebunt
1401 2741 1434 2803 in
1458 2740 1607 2803 manibus
1631 2740 1717 2802 illins
1741 2740 1792 2802 vel
1818 2740 1961 2820 illorum,
1985 2762 2080 2825 quem
2104 2741 2155 2805 vel
2183 2763 2263 2826 qnos
2294 2764 2351 2805 nos
2375 2743 2427 2806 vel

603 2867 804 2910 successores
821 2845 931 2926 nostri,
950 2845 1012 2927 vel,
1031 2846 1114 2909 Sede
1135 2855 1281 2928 vacante,
1298 2847 1461 2933 prefatum
1482 2847 1674 2931 Collegium,
1692 2847 1879 2910 duxerimus
1902 2847 2123 2933 deputandum
2147 2847 2198 2912 vel
2215 2850 2313 2912 etiam
2328 2849 2426 2934 depu-

603 2955 729 3030 tandos,
747 2953 831 3040 quod
858 2955 981 3018 nullum
1005 2955 1237 3018 Conistabilem
1261 2956 1302 3018 ad
1326 2956 1521 3042 stipendium
1547 2957 1648 3041 ipsius
1672 2957 1812 3018 civitatis
1837 2956 1976 3019 scienter
1998 2956 2163 3042 recipient,
2181 2957 2352 3038 infidelem,
2372 2959 2424 3021 vel

603 3062 757 3126 rebellem
780 3061 928 3126 Ecclesia
952 3062 1110 3148 prelibato
1136 3071 1191 3126 aut
1213 3085 1285 3126 eum
1302 3064 1476 3126 rebellibus
1493 3064 1754 3133 consederatum;
1772 3063 1848 3126 etsi
1870 3084 1965 3147 quem
1982 3064 2079 3126 talem
2096 3064 2231 3128 forsitan
2247 3065 2287 3127 ad
2304 3067 2424 3150 stipen-

603 3169 692 3233 dium
708 3169 893 3252 hujusmodi
910 3169 1085 3233 admissum
1104 3172 1324 3256 cognoverint,
1342 3193 1418 3234 mox
1435 3171 1539 3256 ipsum
1561 3171 1721 3256 stipendio
1748 3169 1922 3256 privabunt
1938 3180 1970 3234 et
1987 3171 2027 3234 ab
2049 3171 2119 3257 ipsa
2139 3172 2268 3235 civitate
2293 3174 2426 3258 ejusque

602 3277 750 3342 districtu
773 3277 948 3363 expellent,
965 3277 1070 3363 ipsum
1095 3278 1230 3340 ulterius
1254 3278 1390 3341 durante
1413 3278 1590 3342 rebellione
1615 3277 1799 3361 hujusmodi
1823 3276 1865 3340 ad
1890 3276 1921 3340 id
1945 3278 2129 3341 nullatenus
2153 3281 2322 3364 recepturi.
2345 3280 2425 3344 Pre-

603 3385 707 3450 misais
729 3384 887 3469 siqnidem
905 3385 991 3448 circa
1008 3384 1110 3448 dictos
1128 3385 1341 3448 Conistabiles
1357 3392 1390 3448 et
1406 3386 1633 3471 stipendiarios
1657 3396 1689 3448 et
1714 3385 1905 3469 recipientes
1929 3385 1971 3447 ab
1994 3385 2073 3470 ipsis
2096 3385 2346 3450 Conistabilibus
2370 3387 2427 3451 hu·

600 3492 741 3576 jusmodi
763 3493 984 3574 juramentum
1011 3493 1158 3574 servatis,
1184 3513 1242 3556 nos
1264 3498 1297 3555 et
1320 3513 1487 3556 romanam
1511 3493 1692 3556 Ecclesiam
1713 3513 1810 3576 snper
1833 3490 1896 3575 hijs
1917 3492 2066 3555 volmnns
2082 3514 2151 3556 esse
2169 3501 2345 3574 contentos,
2363 3517 2425 3559 non

603 3599 751 3663 obstante
776 3600 803 3662 si
827 3600 860 3662 in
884 3599 1006 3663 eisdem
1038 3600 1138 3663 literis
1169 3623 1265 3686 super
1290 3600 1375 3663 dieta
1406 3601 1668 3664 reconciliatione
1693 3599 1848 3664 consectis
1872 3607 1904 3662 et
1927 3601 2097 3685 presertim
2120 3601 2152 3665 in
2176 3600 2261 3665 dicto
2285 3603 2425 3687 capitulo

603 3707 675 3792 plus
699 3707 751 3770 vel
775 3707 871 3770 aliter
896 3707 981 3771 circa
1005 3708 1230 3793 stipendiarios
1254 3708 1454 3792 disponatur.

691 3814 839 3898 Insuper,
864 3815 1057 3878 auctoritate
1088 3814 1247 3900 predicta,
1276 3822 1387 3878 tenore
1412 3817 1620 3899 presentium,
1646 3816 1849 3879 declaramus
1882 3823 1989 3879 nostre
2022 3815 2206 3880 intentionis
2238 3838 2308 3880 esse
2339 3818 2424 3902 quod

603 3920 736 3985 Judioes
768 3921 1043 4008 appellationum,
1068 3923 1123 4007 qni
1154 3944 1347 4006 cognoscere
1379 3924 1551 3987 habuerint
1575 3923 1614 3986 de
1639 3924 1745 3986 causis
1769 3924 1840 3986 vice
1863 3929 1896 3987 et
1920 3924 2047 3986 nomine
2070 3945 2201 3986 romane
2224 3923 2369 3988 Ecclesie
2393 3925 2425 3988 in

602 4029 733 4094 civitate
757 4030 902 4115 predicta
926 4032 989 4094 sint
1013 4032 1099 4095 cives
1128 4039 1159 4094 et
1183 4031 1222 4096 de
1246 4032 1483 4095 habitatoribus
1507 4032 1647 4096 civitatis
1671 4031 1828 4114 ejusdem,
1845 4040 1877 4095 et
1900 4031 1986 4116 quod
2009 4031 2150 4096 habeant
2174 4037 2206 4094 et
2229 4032 2352 4116 possint
2374 4055 2425 4096 co-

603 4159 759 4222 gnoscere
784 4139 823 4201 de
847 4139 953 4202 causis
977 4139 1041 4202 illis
1066 4138 1245 4220 dumtaxat,
1266 4140 1299 4202 in
1324 4139 1439 4224 quibus
1464 4161 1521 4225 per
1544 4161 1656 4203 eorum
1679 4147 1813 4222 statuta,
1837 4139 2017 4225 approbata
2045 4147 2076 4202 et
2100 4139 2219 4202 diutius
2243 4139 2425 4222 observata,

603 4253 652 4309 est
675 4246 800 4308 licitum
823 4246 1002 4331 appellare.

690 4352 903 4416 Declaramus
927 4355 1025 4416 etiam
1048 4354 1148 4438 quod,
1174 4354 1272 4417 salvis
1296 4366 1327 4418 et
1351 4355 1450 4418 illesis
1475 4355 1678 4418 manentibus
1703 4355 1795 4418 nobis
1819 4363 1851 4418 et
1875 4375 2006 4417 romane
2030 4353 2174 4417 Eeclesie
2199 4353 2350 4434 dominio,
2375 4375 2425 4417 sa-

603 4468 767 4524 cramento
791 4459 965 4542 fidelitatis,
984 4482 1071 4524 mero
1096 4469 1127 4524 et
1152 4462 1253 4525 mixto
1278 4461 1421 4546 imperio,
1442 4461 1666 4544 jurisdictione
1690 4469 1722 4524 et
1745 4462 1981 4546 superioritatc,
2003 4467 2036 4524 et
2058 4459 2173 4523 horum
2197 4461 2425 4545 recognitione,

602 4589 640 4632 ac
670 4567 856 4631 officialium
886 4567 928 4630 ad
957 4567 1214 4650 jurisdictionem
1245 4568 1431 4652 hujusmodi
1461 4569 1676 4632 exercendam
1707 4576 1739 4632 et
1770 4569 2039 4632 administratoris
2059 4568 2182 4652 jurium
2210 4577 2242 4632 et
2270 4569 2426 4632 bonorum

601 4675 820 4738 universitatis
844 4675 992 4757 ejusdem
1017 4697 1075 4760 per
1099 4675 1274 4739 Commune
1299 4685 1331 4739 et
1354 4676 1508 4761 populum
1534 4675 1748 4739 bononienses
1773 4676 2041 4739 nominandorum
2061 4684 2093 4738 et
2116 4697 2174 4760 per
2194 4676 2297 4761 ipsam
2321 4698 2425 4740 roma-

600 4805 676 4846 nam
698 4782 878 4846 Eoclesiam
894 4782 1129 4867 eligendorum,
1147 4784 1378 4869 ponendorum,
1399 4783 1696 4847 constituendorum
1721 4805 1778 4846 scu
1800 4783 2057 4869 deputandorum
2074 4782 2240 4865 electione,
2257 4784 2425 4868 positione,

600 4890 829 4954 constitutione
855 4897 887 4952 ct
911 4889 1138 4976 deputatione,
1164 4887 1258 4975 prout
1282 4891 1313 4953 in
1338 4891 1432 4954 dictis
1457 4891 1556 4953 literis
1585 4891 1855 4954 reconciliationis
1879 4890 2024 4974 ejusdcm
2048 4890 2239 4972 continetur,
2257 4891 2425 4973 faciendis,

602 5019 660 5060 nec
690 5018 753 5060 non
786 5018 900 5060 census
933 4999 1162 5062 constitutione
1186 5005 1218 5060 et
1246 4997 1639 5079 datione,acdictorun1
1666 4997 1875 5061 ducentorum
1904 4999 2048 5082 equitum
2072 4997 2247 5078 bonorum,
2271 4999 2362 5084 equis
2395 5008 2427 5062 et

603 5105 702 5168 armis
726 5105 808 5168 bene
832 5107 1039 5187 munitorum,
1065 5106 1106 5170 ad
1129 5106 1294 5169 servitium
1315 5106 1460 5189 ejusdem
1478 5127 1610 5169 romane
1627 5105 1771 5169 Ecclesia
1789 5105 2035 5190 prestandornm
2050 5127 2108 5190 per
2124 5105 2338 5169 bononienses
2355 5129 2427 5192 pre·

603 5213 698 5295 fatos,
720 5213 918 5298 obligatione
943 5222 974 5278 et
999 5215 1148 5278 omnibns
1172 5215 1245 5298 alijs
1267 5214 1394 5298 juribus
1426 5215 1487 5298 ipsi
1518 5236 1649 5278 romane
1679 5214 1823 5278 Ecclesia
1856 5215 1888 5276 in
1920 5213 2013 5276 dietis
2044 5214 2191 5294 civitate,
2217 5215 2370 5278 comitatu
2394 5224 2426 5279 et

601 5321 750 5384 districtu
773 5321 1025 5386 bononiensibus
1049 5322 1323 5407 competentibus,
1349 5343 1412 5384 non
1437 5321 1499 5384 fuit
1523 5343 1581 5385 nec
1605 5329 1654 5385 est
1677 5322 1862 5385 intentionis
1887 5329 1995 5384 nostre
2027 5319 2112 5405 qnod
2137 5343 2194 5406 per
2217 5321 2326 5406 aliqua
2351 5344 2426 5386 con·

601 5435 690 5492 tenta
715 5429 746 5490 in
771 5429 893 5492 eisdem
917 5430 1018 5493 literis
1044 5430 1250 5514 superdicta
1275 5429 1535 5492 reconciliatione
1561 5430 1732 5508 confectis,
1755 5431 1830 5513 jura
1854 5443 1886 5492 et
1909 5429 1994 5492 bona
2017 5429 2237 5492 universitatis
2260 5436 2293 5491 et
2317 5429 2427 5513 singu·
2454 5425 2459 5434 ’

603 5536 721 5600 larium
744 5558 956 5622 personarum
980 5538 1129 5618 civitatis,
1155 5537 1325 5601 comitatus
1350 5545 1381 5599 et
1405 5536 1569 5600 districtus
1594 5538 1810 5622 predictorum
1835 5545 1867 5600 et
1890 5537 2032 5622 ipsorum
2053 5537 2175 5621 jurium
2204 5543 2236 5600 et
2259 5537 2426 5620 bonorum,

601 5643 788 5724 dominium,
806 5644 1032 5708 adrnnistratio
1054 5653 1085 5708 ct
1108 5645 1286 5729 dispositio,
1305 5644 1477 5707 reservatis
1503 5665 1630 5729 semper
1653 5645 1794 5729 predicte
1818 5645 1964 5708 Ecclesia
1988 5645 2136 5708 omnibus
2160 5651 2192 5707 et
2216 5645 2351 5728 singulis
2376 5667 2427 5708 su·

603 5751 757 5836 predictis
789 5750 908 5814 luerint
933 5752 985 5815 vel
1009 5753 1072 5815 sint
1097 5753 1138 5814 ab
1163 5752 1372 5814 universitate
1397 5759 1429 5814 et
1451 5752 1597 5836 personis
1622 5752 1742 5815 eisdem
1766 5751 1916 5814 abdicata
1944 5759 1976 5814 et
2000 5772 2131 5814 romane
2155 5751 2299 5814 Ecclesie
2323 5753 2426 5836 appli-

598 5866 690 5938 cata,
717 5881 774 5922 nco
799 5859 883 5944 quod
909 5859 942 5922 in
967 5859 1045 5945 ipsis
1067 5859 1195 5942 juribus
1223 5869 1256 5921 et
1284 5859 1394 5940 bonis,
1420 5858 1579 5940 dominio,
1604 5859 1882 5922 administratione
1907 5868 1939 5921 ct
1963 5858 2171 5944 dispositione
2194 5880 2305 5921 eorum
2328 5859 2426 5922 luerit

599 5966 652 6029 vel
676 5967 717 6028 sit
740 5965 863 6052 aliquid
888 5967 1109 6048 immutatum,
1135 5967 1311 6051 quinimmo
1336 5967 1485 6028 volumus
1509 5965 1595 6050 quod
1619 5967 1847 6050 possessionis,
1871 5974 1904 6029 et
1932 5966 2041 6050 quasi,
2066 5967 2209 6029 orrtnium
2229 5966 2370 6048 jurium,
2395 5974 2428 6030 et

599 6073 768 6155 bonorum,
793 6074 908 6158 quibus
933 6074 1037 6137 dietus
1062 6074 1271 6159 predecessor
1291 6082 1323 6136 et
1348 6094 1405 6136 nos
1430 6094 1468 6136 ac
1492 6094 1626 6136 romana
1649 6073 1796 6137 Ecclesia
1821 6074 1940 6136 luimus
1964 6073 2108 6158 spoliati,
2134 6073 2334 6136 restitutione
2359 6074 2425 6159 ple·

600 6181 692 6245 uaria
715 6182 809 6246 nobis
833 6189 865 6245 et
888 6181 993 6245 eidem
1016 6181 1163 6246 Ecclesie
1191 6203 1248 6245 seu
1272 6203 1408 6266 persone
1436 6181 1488 6244 vel
1512 6182 1659 6266 personis
1683 6181 1757 6264 alijs
1782 6182 1911 6244 nomine
1936 6189 2045 6245 nostro
2069 6189 2101 6244 et
2120 6180 2266 6264 ejusdem
2281 6180 2426 6245 Ecclesia

599 6290 688 6376 prius
711 6289 817 6370 facta,
841 6292 1002 6375 possessio
1026 6298 1058 6353 et
1083 6289 1175 6374 qnasi
1196 6289 1318 6372 jurium
1348 6295 1380 6352 et
1403 6289 1561 6352 bonorum
1584 6289 1804 6352 univcrsitatis
1828 6288 1972 6371 ejusdem
1997 6309 2054 6374 per
2078 6309 2151 6351 eum
2176 6288 2228 6351 vel
2251 6309 2320 6369 eos,
2346 6309 2426 6373 quos

599 6419 697 6483 super
721 6398 784 6480 hijs
808 6398 995 6461 duxerimus
1020 6397 1237 6482 deputandos,
1262 6397 1452 6460 restituatur
1475 6418 1532 6460 seu
1557 6397 1723 6459 relaxetur
1747 6396 1948 6460 universitati
1973 6396 2087 6477 eidem,
2112 6417 2170 6460 sen
2193 6396 2240 6460 illi
2268 6397 2318 6460 vel
2343 6397 2425 6480 illis,

600 6506 655 6591 qni
678 6505 952 6568 administraverit
981 6506 1032 6569 vel
1057 6505 1355 6568 administraverint
1375 6505 1451 6590 jura
1480 6512 1513 6568 et
1536 6505 1621 6568 bona
1644 6505 1864 6568 universitatis
1888 6503 2013 6589 prefate
2037 6526 2095 6590 per
2118 6525 2173 6568 eos
2194 6504 2267 6586 jure
2294 6506 2425 6591 proprio
