5484 7746
638 616 712 688 278

697 791 831 856 CXXX.
856 790 906 855 Do
931 790 1224 876 archiepiscopoill
1250 839 1391 856 .....

697 897 849 964 CXXXI.
866 898 916 962 De
940 899 1181 984 archiepiscopo
1206 898 1446 982 carthaginensi
1465 898 1513 962 (2).

697 1004 885 1069 CXXXIII.
901 1005 1008 1090 Siquis
1020 1013 1132 1068 contra
1145 1004 1429 1091 Metropolitanum
1447 1005 1514 1068 adi·

632 1135 667 1178 re
691 1114 891 1178 Potestatem
914 1113 1064 1176 maluerit
1083 1113 1132 1176 (3).

695 1219 879 1285 CXXXIV.
899 1219 934 1284 Si
950 1220 1084 1284 clericus
1102 1220 1153 1283 vel
1170 1219 1274 1305 quIvis
1294 1219 1377 1284 alius
1402 1227 1513 1284 contra

633 1329 818 1415 episcopum
843 1326 932 1390 adire
956 1327 1156 1391 Potestatem
1179 1327 1328 1390 maluerit
1348 1327 1397 1390 (4).

694 1435 780 1501 Huic
796 1438 886 1522 penti
908 1435 1098 1519 uelacriptum
1122 1442 1164 1499 est
1185 1437 1216 1498 iu
1232 1436 1362 1520 aiuqulis
1372 1437 1512 1520 pupinia:

631 1545 682 1610 De
706 1545 914 1610 Primatibus.

696 1653 844 1717 Secunda
864 1675 939 1738 pars
956 1653 1098 1716 continet
1114 1653 1153 1715 de
1170 1652 1290 1716 honore
1308 1651 1511 1736 competenti,

632 1782 669 1826 ac
693 1760 850 1846 dignitate
872 1769 903 1824 et
928 1761 1055 1824 diverso
1080 1760 1210 1844 negotio
1234 1759 1456 1844 episcoporum
1481 1766 1512 1822 ct

632 1861 923 1957 corepiscoporum.
1273 1862 1276 1868 ’

694 1979 720 2042 Ι.
746 1978 796 2042 De
816 1978 927 2041 Aaron
951 1977 1054 2062 primo
1071 1975 1227 2040 Pontifiee
1244 1975 1330 2040 etde
1347 1983 1511 2060 unguento

631 2107 693 2172 quo
716 2092 890 2172 perunctus
914 2085 1023 2148 estl5l.

692 2193 736 2257 Il.
763 2191 857 2267 Quod
880 2193 1001 2278 primus
1025 2192 1138 2256 Aaron
1165 2191 1365 2256 sacerdotale
1396 2212 1512 2254 nomen

630 2301 765 2386 accepit,
790 2307 850 2364 etc.
863 2299 901 2364 (6)

693 2407 804 2472 CCIV.
823 2407 874 2472 De
897 2407 1126 2493 episcopo,an
1142 2406 1359 2470 infirmitatem
1381 2415 1437 2470 aut
1453 2408 1511 2471 ali-

630 2537 727 2601 quam
750 2514 978 2578 hebetudinem
994 2535 1106 2578 sensus
1124 2513 1281 2595 inciderit,
1299 2521 1355 2577 aut
1371 2514 1509 2578 officium

628 2623 758 2688 honoris
783 2622 925 2686 amiserit
945 2621 994 2685 (ll.

692 2729 786 2794 CCV.
811 2729 860 2792 De
884 2728 998 2792 eadem
1022 2750 1120 2792 causa
1140 2729 1188 2791 (Β).

692 2837 804 2902 CCVI.
829 2836 878 2900 De
903 2836 1045 2922 hospIcio
1069 2837 1280 2921 episcopii).

692 2946 874 3030 Sequuntur·
905 2945 1073 3008 orde'nutiru
1103 2946 1166 3008 uliu
1196 2946 1331 3028 remittito
1364 2946 1511 3010 euleutiui

629 3053 761 3119 eieesdene
788 3053 916 3116 Coricitii
940 3073 1035 3136 usque
1056 3053 1099 3116 eut
1121 3073 1186 3136 ccqr.
1205 3051 1337 3116 XXVI.
1348 3103 1356 3135 ,
1373 3055 1454 3138 quod
1468 3063 1510 3119 est

631 3159 753 3226 CCXX
763 3158 856 3223 VIII.
880 3159 974 3224 litei-eea
997 3160 1146 3222 secundae
1163 3161 1275 3243 partis.

691 3268 775 3332 Item
799 3267 837 3330 de
862 3267 1087 3352 corepiscopis.

691 3373 871 3440 CCXXIII.
897 3374 991 3448 Quod
1022 3395 1086 3438 non
1110 3380 1257 3460 oporteat
1285 3376 1506 3461 corepiscopos

628 3484 761 3549 clericos
785 3483 945 3564 ordinare,
971 3483 1032 3546 nisi
1055 3483 1088 3545 in
1112 3481 1199 3566 agris
1223 3489 1255 3545 et
1278 3482 1397 3546 villulis
1407 3483 1473 3548 (¹⁰).

691 3591 872 3676 Sequuntur
895 3593 956 3654 triu
978 3590 1121 3673 cupeTtqu.

689 3698 765 3762 Item
791 3719 827 3762 er
850 3700 975 3782 reqistro
997 3696 1075 3760 hecti
1100 3696 1243 3781 Greporii
1274 3698 1403 3781 quedem
1433 3699 1504 3783 isup.

626 3807 669 3869 ad
690 3808 878 3890 superiorem
900 3804 1064 3868 acciendum
1082 3811 1205 3888 purtem
1222 3807 1421 3888 pertinentia.

691 3913 770 3978 Sunt
793 3933 921 3977 reuertere
944 3913 1178 3998 quinqemqintu.

689 4021 767 4086 Item
790 4021 925 4105 cupitutu
950 4019 1040 4105 chIs
1062 4039 1188 4082 roncone
1202 4019 1244 4082 uel
1260 4021 1386 4084 uiridem
1401 4043 1506 4086 secun·

626 4131 699 4194 dum
716 4137 841 4214 purtem
859 4129 1057 4211 pertiuentiu.

689 4235 949 4300 CCLXXXVII.
984 4235 1034 4298 De
1077 4236 1300 4324 cpiscoporum
1336 4237 1508 4301 ordinatio-

626 4343 747 4408 ne(1¹l.

687 4449 965 4516 CCLXXXVIII.
991 4449 1025 4513 Si
1048 4449 1216 4536 episcopus
1242 4459 1316 4514 ante
1339 4473 1506 4516 consecra·

626 4560 746 4624 tionem
766 4579 858 4621 suam
874 4557 926 4620 vel
944 4573 1055 4642 postea
1071 4557 1249 4620 venerabili
1265 4558 1335 4622 loco
1356 4580 1407 4622 res
1432 4581 1506 4624 seras

626 4665 853 4732 obtulerittlu.

689 4773 805 4838 CCIII.
819 4772 869 4837 De
886 4772 1123 4836 successoribus
1144 4771 1185 4835 ab
1209 4773 1360 4837 intestato
1377 4774 1507 4838 venien·

624 4883 709 4946 tibus
726 4881 878 4967 episcopi,
896 4880 948 4944 vel
968 4879 1085 4961 clerici,
1103 4879 1155 4942 vel
1179 4879 1351 4965 cujuslibet
1374 4880 1506 4945 alterius

623 4989 773 5074 religiose
796 4987 1008 5074 personent).

691 5095 765 5160 Tute
780 5117 861 5180 pura
883 5094 1016 5158 secterulu
1038 5094 1076 5157 de
1097 5092 1255 5178 Eptacopia
1279 5102 1330 5158 est.

687 5203 768 5267 Pars
789 5205 880 5267 tertie
901 5203 1048 5266 coriti-rtet:
1070 5200 1121 5264 De
1151 5200 1281 5285 Synodo
1313 5201 1506 5266 celebranda

624 5318 656 5375 et
679 5312 847 5375 vocatione
873 5310 914 5373 ad
939 5308 1119 5394 Synodum,
1145 5308 1184 5372 de
1209 5310 1449 5374 accusatoribus
1474 5317 1506 5373 et

624 5419 897 5500 accusationibus,
920 5418 958 5480 de
983 5416 1119 5480 testibus
1143 5423 1175 5480 et
1198 5417 1388 5480 testimoniis
1411 5424 1443 5480 et
1466 5418 1505 5481 de

686 5690 725 5754 (1)
745 5686 787 5737 Ex
805 5686 915 5738 novella
934 5685 1007 5755 Lege
1027 5701 1148 5751 romans,
1167 5685 1214 5736 lib.
1236 5685 1270 5750 I.,
1289 5685 1316 5736 11.
1337 5685 1441 5736 DVIII.

685 5779 724 5842 (2)
744 5777 786 5827 Ex
806 5776 901 5828 eadem
921 5777 1009 5826 novel.

685 5869 723 5933 (3)
743 5867 900 5918 Excedam
920 5865 1024 5930 novel.,
1043 5865 1071 5917 k.
1092 5864 1243 5917 CCCLXV.

683 5958 722 6022 (4)
743 5956 784 6006 Ex
804 5956 900 6008 eadem
918 5957 1022 6020 novel,
1042 5955 1069 6006 k.
1089 5953 1282 6006 CCCCLXIII.

683 6048 721 6112 (5)
743 6045 892 6097 Clementis
911 6062 1009 6113 papae,
1029 6045 1056 6096 k.
1076 6044 1178 6097 LVIII.

683 6139 722 6201 (6)
742 6135 870 6186 Anucleti
890 6151 971 6202 pape,
990 6135 1017 6186 k.
1036 6133 1143 6186 XXIII.
1266 6131 1268 6134 ’

682 6229 721 6293 (Ἰ)
741 6225 845 6278 Concil.
864 6225 1004 6290 Amasim,
1022 6224 1048 6276 k.
1068 6223 1157 6275 XXX.

682 6317 720 6382 (8)
742 6315 844 6367 Concil.
864 6315 927 6367 hab.
947 6313 1090 6379 Valentis,
1106 6314 1132 6365 k.
1152 6314 1174 6364 I.

683 6407 721 6471 (9)
741 6405 879 6470 Eiusdem,
899 6406 926 6456 k.
947 6404 983 6455 II.

664 6497 720 6561 (10)
741 6495 893 6547 Concilium
913 6496 1064 6563 Ancyram,
1084 6495 1110 6545 k.
1131 6493 1194 6545 XII.

1386 639 1708 689 uouuuunroaum

1579 791 1750 876 expoliatis
1782 793 1915 876 injuste,
1940 793 1979 856 de
2001 793 2163 879 judIcibus
2194 803 2226 858 et
2251 793 2375 877 juditiis
2408 815 2458 857 ec·

1579 897 1766 963 clesiasticis
1791 900 1842 964 vel
1867 901 2075 965 secularibus.

1641 1005 1801 1090 Incipireut
1824 1010 1958 1092 capitula
1978 1012 2079 1093 portis
2102 1010 2251 1091 ejusdem:

1604 1140 1606 1145 ·
1641 1113 1666 1177 I.
1684 1113 1839 1178 Formula
1855 1115 2031 1180 secundum
2048 1135 2144 1202 quam
2161 1115 2255 1180 debet
2273 1125 2383 1180 scruta
2399 1117 2458 1202 Sy·

1577 1220 1679 1286 nodus
1704 1222 1736 1284 in
1759 1221 1821 1285 Dei
1845 1223 1972 1286 nomine
1996 1223 2143 1287 fieriuu.

1638 1329 1682 1392 II.
1708 1329 1793 1402 Quid
1817 1351 1930 1412 canon,
1954 1331 2068 1415 regula
2092 1341 2123 1394 et
2147 1332 2305 1416 synodus,
2330 1333 2456 1398 (10.115)

1639 1434 1820 1520 Sequuntur
1841 1440 1940 1520 cupite
1964 1439 2122 1522 usquead
2148 1437 2275 1502 CXIII.

1640 1543 1757 1607 CXIV.
1783 1543 1876 1618 Quod
1900 1567 1957 1630 per
1980 1545 2109 1630 singula
2133 1547 2293 1610 territoria
2317 1547 2456 1611 debeant

1576 1650 1748 1736 presbiteri
1771 1653 1822 1714 vel
1846 1653 1982 1716 ministri
2003 1675 2060 1740 per
2075 1655 2219 1740 singulos
2236 1677 2337 1718 annos
2354 1678 2374 1716 a
2391 1656 2456 1718 suis

1575 1757 1734 1844 episcopis
1758 1761 1923 1845 proprium
1947 1768 2057 1846 petere
2081 1761 2229 1844 chrisma,
2254 1774 2314 1826 etc.
2330 1763 2386 1825 (16)

1638 1864 1770 1950 Incipit:
1792 1866 1857 1930 Per
1880 1868 2008 1952 singula
2032 1869 2194 1933 territoria
2218 1870 2388 1954 presbiteri
2404 1870 2456 1934 vel

1576 1972 1713 2035 ministri
1737 1973 1777 2036 ab
1801 1974 1959 2060 episcopis
1983 1997 2046 2039 nou
2070 1982 2175 2061 prout,
2200 1985 2259 2040 etc.

1639 2079 1739 2143 CXV.
1765 2081 1814 2144 De
1839 2082 1951 2145 eadem
1974 2083 2090 2147 reill).

1638 2186 1770 2272 incipit:
1786 2189 1974 2275 Presbyteri
1989 2191 2043 2276 qui
2068 2213 2126 2276 per
2149 2191 2291 2256 dioceses
2304 2193 2456 2257 ecclesias

1576 2303 1703 2379 regunt,
1727 2303 1788 2360 etc.

1639 2401 1756 2472 CXVI.
1782 2403 1929 2478 Qualiter
1959 2407 2128 2491 presbyter
2151 2407 2371 2492 suscipiendus
2396 2409 2453 2490 sit,

1575 2511 1610 2591 si¹
1626 2511 1735 2574 veniat
1758 2511 1800 2575 ((1
1823 2513 1992 2576 (((1((1(111
2020 2513 2153 2577 alterius
2183 2515 2324 2600 episcopi
2356 2537 2455 2580 causa

1575 2619 1727 2682 visitandi
1741 2619 1809 2683 (¹8).

1637 2727 1772 2811 Require
1801 2749 1897 2810 supro
1925 2730 1957 2790 iu
1976 2735 2067 2812 porte
2088 2731 2219 2793 serrendo
2243 2731 2279 2794 ele
2302 2733 2456 2816 episcopis.

1637 2833 1772 2898 CXVII.
1799 2835 1851 2898 Ad
1881 2843 2006 2898 reatum
2038 2837 2180 2923 episcopi
2211 2839 2371 2922 pertinere
2403 2839 2457 2903 vel

1573 2943 1718 3027 ejusdem
1742 2944 1922 3028 presbyteri
1945 2945 2000 3029 qui
2024 2947 2174 3031 parochie
2198 2955 2315 3032 preest,
2333 2947 2359 3009 si
2376 2947 2456 3011 ado-

1572 3051 1780 3115 lescentiores
1804 3051 1898 3114 vidue
1923 3061 1955 3114 et
1978 3053 2249 3134 sanctimoniales,
2274 3063 2333 3119 etc.

1634 3158 1765 3242 Incipit:
1788 3158 1842 3221 Ad
1865 3168 1990 3222 reatum
2015 3160 2156 3246 episcopi
2179 3163 2327 3246 pertinet,
2352 3171 2413 3226 etc.

1636 3265 1816 3350 Seqeueutui·
1838 3267 1901 3330 ulier
1925 3269 2024 3350 cupita
2048 3289 2143 3351 usque
2165 3269 2207 3332 od
2233 3268 2369 3332 CLVII.

1634 3373 1784 3437 CLVIII.
1810 3373 1859 3436 De
1882 3375 2047 3460 psalmisto
2072 3375 2283 3439 ordinatione.

1634 3480 1814 3566 Separentur
1836 3482 1899 3544 otiu
1923 3485 2023 3566 cupiiu
2047 3483 2205 3566 usquead
2231 3482 2346 3546 CXCI.

1633 3588 1710 3652 Item
1732 3611 1769 3652 er
1791 3591 1916 3673 reqistro
1939 3589 2017 3653 busti
2043 3591 2203 3674 Greqorii:

1633 3695 1764 3759 CXCII.
1797 3695 1846 3758 De
1879 3697 1997 3760 sanctis
2034 3707 2171 3782 quatuor
2206 3698 2336 3783 synodis
2372 3699 2453 3762 reci·

1569 3803 1694 3889 piendis
1708 3803 1774 3868 (19).

1633 3910 1782 3976 CXCIII.
1808 3910 1955 3984 Qualiter
1978 3911 2132 3996 synodale
2164 3913 2333 3976 concilium
2368 3915 2453 3978 cele·

1569 4018 1657 4082 brari
1681 4018 1797 4082 debeat
1810 4018 1877 4082 (20).

1634 4125 1814 4209 Sequuntur
1836 4126 1898 4188 eliu
1922 4129 2021 4209 cupita
2046 4128 2204 4211 usquead
2229 4127 2360 4191 CCXX.

1635 4233 1781 4298 CCXXI.
1807 4232 1890 4296 Item
1913 4234 2096 4318 exemplum
2117 4235 2226 4320 legum
2250 4257 2291 4298 ex
2316 4237 2454 4301 disemis

1572 4342 1686 4406 causis.

1632 4447 1745 4532 Incipit
1760 4449 1807 4511 leis
1825 4447 1935 4512 cerdis:
1948 4448 2143 4534 Exemplum
2158 4449 2240 4534 legis
2257 4451 2296 4514 de
2312 4473 2454 4536 persona

1570 4556 1751 4642 presbyteri
1775 4555 1833 4619 hoc
1859 4555 2089 4619 attondendum
2113 4565 2178 4639 est,
2204 4559 2279 4644 quia
2303 4560 2330 4622 si
2354 4581 2452 4644 quem

1571 4685 1701 4728 causam
1725 4663 1848 4744 habuit,
1867 4685 1930 4726 11011
1954 4663 1995 4726 ab
2020 4663 2084 4727 alio
2108 4666 2219 4748 teneri,
2246 4667 2301 4730 sed
2325 4669 2451 4752 episco-

1571 4793 1647 4857 pum
1677 4770 1776 4856 ipsius
1800 4769 1882 4832 adici
1906 4770 2026 4834 debuit.
2053 4771 2142 4835 SIcut
2166 4773 2224 4836 hec
2249 4775 2454 4840 novellarum

1571 4877 1762 4943 Constitutio
1783 4877 1967 4940 manifestat
1984 4900 2045 4964 quc
2062 4879 2231 4963 eloquitur.
2250 4880 2299 4945 De
2317 4885 2455 4948 sanctis·

1565 4987 1653 5049 simis
1676 4992 1708 5048 et
1732 4984 1801 5048 Deo
1826 4984 2029 5066 amabilibus,
2047 5007 2084 5050 ac
2102 4989 2366 5052 reverentissimis
2384 4992 2455 5078 epi-

1569 5094 1673 5179 scopis
1697 5103 1729 5156 et
1753 5093 1876 5156 clericis
1900 5100 1932 5156 et
1956 5094 2122 5157 monachis
2146 5096 2324 5181 imperante
2349 5099 2454 5163 Justi-

1569 5201 1664 5264 niano
1681 5223 1734 5286 pp.
1749 5221 1800 5285 ag.
1818 5199 1915 5264 Petro
1932 5199 2162 5284 gloriosissimo
2179 5225 2243 5288 pp,
2261 5204 2336 5290 kap.
2355 5205 2452 5272 LIII.

1570 5307 1605 5372 Si
1628 5310 1698 5393 quis
1719 5315 1830 5371 eontra
1847 5308 1997 5392 aliquem,
2016 5315 2076 5371 etc.
2100 5308 2170 5372 Post
2187 5332 2291 5393 puucu
2315 5315 2356 5376 itu
2373 5335 2454 5397 pro·

1567 5420 1724 5500 sequitur:
1748 5415 1797 5479 Ne
1822 5437 1898 5480 vero
1931 5416 2112 5500 objiciatur,
2138 5418 2213 5503 quia
2237 5441 2310 5483 ecce
2334 5421 2373 5484 de
2399 5443 2456 5486 eo·

1613 5687 1670 5748 (11)
1689 5684 1730 5735 Ex
1749 5685 1835 5752 primo
1855 5685 1901 5736 lib.
1921 5686 2023 5750 novel,
2043 5685 2070 5736 11.
2090 5685 2179 5736 XXV.

1613 5778 1669 5840 (12)
1690 5775 1731 5824 Ex
1751 5776 1847 5826 eadem
1866 5776 1969 5840 novel,
1989 5775 2015 5826 11.
2037 5774 2231 5828 CCCCXXXI.

1613 5867 1669 5930 (13)
1690 5864 1730 5914 Ex
1750 5865 1845 5915 eadem
1865 5865 1966 5928 novel,
1986 5864 2013 5915 k.
2033 5864 2165 5916 DXXIII.

1613 5957 1669 6019 (14)
1690 5954 1760 6022 Kap.
1780 5953 1958 6022 praefationis
1979 5954 2086 6005 Ysidori
2106 5955 2128 6006 I.

1612 6046 1668 6109 (15)
1688 6043 1816 6095 Eiusdem
1835 6043 1862 6094 k.
1881 6042 1934 6095 III.

1613 6136 1669 6200 (16)
1690 6133 1792 6185 Concil.
1813 6133 1896 6184 habit.
1916 6134 1943 6183 in
1964 6134 2074 6185 civitate
2093 6135 2210 6199 vasensi,
2229 6135 2256 6186 11.
2275 6136 2326 6186 Ill.

1613 6227 1669 6289 (17)
1690 6223 1792 6275 Concil.
1812 6223 1875 6274 hab.
1894 6225 1921 6274 in
1942 6224 2014 6275 civit.
2035 6225 2151 6285 vasensi,
2170 6225 2197 6274 k.
2217 6224 2387 6276 LXXXVII.

1613 6316 1669 6380 (18)
1689 6313 1792 6365 Concil.
1813 6313 1942 6377 eiusdem,
1962 6313 2025 6381 kap.
2045 6312 2118 6364 LVI.

1614 6405 1670 6470 (19)
1690 6402 1731 6452 Ex
1750 6420 1805 6470 reg.
1825 6420 1852 6470 p.
1873 6402 1909 6452 II.
1930 6403 1963 6453 ad
1984 6401 2113 6454 Savinum
2133 6403 2337 6456 subdiaconum.

1613 6496 1669 6558 (20)
1690 6493 1731 6542 Ex
1750 6510 1805 6561 reg.
1826 6511 1851 6560 p.
1872 6493 1908 6558 I.,
1928 6491 1954 6542 k.
1975 6491 2146 6543 CCLXXVI.
2165 6493 2287 6561 predicto
2301 6493 2343 6544 Jo.
2357 6495 2458 6548 defen.
