5490 7750
534 631 584 700 90
1321 651 1560 702 noanneane

529 805 725 891 predictam,
750 807 802 869 rel
826 805 904 869 alibi
928 806 1141 891 ubicumque,
1166 807 1263 870 etism
1288 806 1409 892 absque
1433 806 1563 871 licentia
1587 827 1643 871 seu
1667 807 1799 894 speciali
1822 809 1974 873 mandato
1999 809 2091 874 Sedis
2115 809 2259 894 ejusdem
2283 832 2349 876 mo·

530 913 596 976 rari
619 913 759 978 volueris
783 935 884 998 usque
908 913 947 976 ad
973 913 1158 996 triennium,
1175 914 1359 998 hujusmodi
1382 913 1516 995 fructus,
1533 914 1676 978 redditus
1700 922 1732 979 et
1754 922 1939 1002 prouentus,
1957 917 2049 980 dictis
2071 917 2349 981 distributionibus

529 1020 699 1085 dumtaxat
722 1021 876 1106 exceptis,
901 1042 1036 1084 cumea
1060 1021 1245 1105 integritate
1268 1022 1444 1107 percipere,
1467 1043 1540 1085 cum
1565 1043 1628 1106 qua
1652 1022 1724 1086 illos
1747 1023 1930 1109 perciperes
1954 1024 2036 1088 siin
2060 1024 2181 1088 eisdem
2205 1025 2348 1090 ecclesiis

530 1128 702 1210 resideres,
726 1133 759 1192 et
782 1127 823 1191 ad
845 1127 1051 1192 residendum
1074 1127 1107 1191 in
1131 1128 1177 1192 eis
1201 1128 1329 1192 interim
1354 1129 1483 1192 minime
1512 1129 1667 1212 tenearis,
1692 1150 1750 1194 nec
1774 1130 1815 1193 ad
1840 1130 1871 1194 id
1896 1152 1915 1194 a
1938 1152 2100 1216 quoquam
2123 1132 2233 1196 valeas
2259 1153 2349 1196 coar-

530 1237 627 1300 ctari:
645 1235 824 1322 predictum
846 1236 978 1321 insuper
1002 1235 1142 1300 officium
1162 1235 1357 1322 impendere,
1374 1237 1616 1322 procurationes
1631 1237 1775 1324 recipere
1792 1259 1830 1303 ac
1845 1238 2003 1302 beneficia
2023 1239 2167 1324 predicta
2192 1240 2348 1322 conferre,

526 1343 623 1428 juxta
647 1343 814 1406 literarum
837 1343 1054 1428 predictarum
1079 1349 1216 1426 tonores,
1240 1365 1343 1429 usque
1363 1343 1405 1406 ad
1428 1343 1549 1407 dictum
1572 1343 1746 1408 triennium
1769 1365 1827 1431 per
1853 1345 2039 1430 hujusmodi
2062 1367 2217 1433 personas
2249 1348 2349 1412 libere

529 1451 658 1533 valeas,
683 1449 973 1514 nonobstantibus
999 1450 1252 1537 quibuscumque
1274 1450 1556 1515 constitutionibus
1580 1451 1786 1535 generalibus
1808 1459 1864 1516 ant
1888 1453 2081 1539 specialibus
2106 1476 2202 1540 super
2229 1455 2290 1520 hoc
2318 1456 2349 1518 in

530 1557 727 1622 contrarium
751 1557 856 1640 editis,
873 1579 930 1621 seu
954 1557 1151 1643 quibuslibet
1171 1557 1299 1622 statutis
1316 1565 1348 1620 et
1365 1557 1649 1622 consuetudinibus
1665 1559 1834 1623 contrariis
1851 1560 2010 1624 dictarum
2026 1562 2245 1643 eeclesiarum,
2260 1563 2350 1645 jura-

530 1672 652 1748 mento,
677 1665 918 1728 confirmatione
943 1663 1026 1728 dicte
1052 1663 1144 1728 Sedis
1167 1662 1220 1727 vel
1244 1685 1445 1750 quacumque
1477 1665 1627 1728 firmitate
1651 1665 1716 1729 alia
1740 1666 1916 1750 roboratis,
1941 1675 1997 1731 aut
2026 1668 2053 1731 si
2083 1668 2227 1732 locorum
2256 1669 2349 1733 Ordi-

530 1773 629 1836 nariis
654 1771 695 1835 ab
719 1771 832 1835 eadem
856 1771 898 1834 sit
926 1770 1010 1836 Sede
1039 1792 1228 1835 concessum
1258 1771 1310 1835 vel
1340 1772 1468 1836 interim
1496 1772 1691 1837 concedatur
1722 1773 1807 1858 quod
1839 1775 1900 1860 ipsi
1930 1795 2085 1860 personas
2116 1784 2149 1841 et
2180 1777 2350 1841 canonicos

530 1881 675 1966 aliosque
699 1879 906 1943 beneficiatos
930 1879 1138 1944 ecclesiarum
1162 1900 1294 1942 suarum
1318 1879 1484 1943 civitatum
1508 1887 1541 1944 et
1564 1880 1728 1944 diocesum
1758 1882 1950 1968 compellere
1982 1883 2105 1968 possint
2135 1905 2193 1970 per
2224 1885 2350 1948 subtra-

530 1988 669 2053 ctionem
692 2009 823 2052 suorum
845 1994 1070 2073 proventuum,
1096 1993 1152 2050 aut
1176 1987 1256 2051 alias
1281 1986 1321 2050 ad
1346 1986 1550 2050 residendum
1574 1988 1787 2073 personaliter
1818 1990 1851 2052 in
1882 1989 2020 2072 eisdem,
2045 2012 2102 2055 seu
2133 1991 2161 2055 si
2192 1991 2349 2078 Capitulis

530 2097 689 2160 dictarum
712 2095 919 2161 ecclesiarum
944 2094 985 2158 ab
1009 2094 1123 2159 eadem
1146 2095 1187 2158 sit
1214 2094 1297 2159 Sede
1321 2095 1480 2158 indultum
1496 2095 1548 2158 vel
1565 2095 1693 2158 interim
1709 2095 1870 2181 indulgeri
1894 2098 2060 2182 contingat
2084 2097 2169 2184 quod
2192 2100 2348 2186 personis,
2442 2125 2445 2130 ·

530 2203 693 2268 canonicis
716 2209 749 2266 et
772 2200 970 2266 beneficiatis
994 2202 1137 2288 ipsarum
1161 2201 1371 2266 ecclesiarum
1394 2201 1528 2284 fructus,
1545 2201 1688 2267 redditus
1712 2209 1745 2268 et
1765 2209 1940 2289 proventus
1956 2212 2196 2290 personatuum,
2213 2207 2349 2292 preben-

529 2311 655 2393 darum,
671 2309 866 2395 dignitatum
889 2316 922 2372 et
944 2309 1183 2392 beneficiorum,
1201 2331 1262 2395 que
1286 2310 1319 2372 in
1343 2309 1389 2372 eis
1414 2310 1573 2392 obtinent,
1591 2310 1773 2374 ministrare
1796 2311 1830 2373 in
1855 2311 2002 2375 absentia
2026 2313 2155 2377 minime
2179 2321 2351 2378 teneantur

530 2425 563 2482 et
586 2417 627 2480 ad
650 2417 683 2480 id
706 2417 855 2502 compelli
879 2437 942 2480 non
967 2417 1091 2502 possint
1114 2438 1172 2502 per
1196 2416 1320 2480 litteras
1345 2417 1539 2502 apostolicas
1563 2438 1627 2481 non
1651 2417 1806 2482 facientes
1830 2418 1959 2504 plenam
1984 2425 2015 2482 et
2039 2441 2227 2505 expressam
2251 2442 2288 2485 ae
2310 2421 2349 2486 de

529 2525 629 2589 verbo
653 2524 852 2588 adverbum
877 2523 916 2588 de
940 2523 1064 2589 indulto
1088 2524 1273 2607 hujusmodi
1297 2525 1502 2606 mentionem,
1523 2531 1555 2588 et
1578 2525 1775 2610 quibuslibet
1797 2526 1987 2610 privilegiis,
2011 2526 2219 2611 indulgentiis
2243 2535 2275 2592 et
2298 2529 2349 2593 lit·

530 2631 607 2695 teris
624 2631 708 2694 dicte
727 2629 829 2711 Sedis,
847 2651 1121 2715 quorumcumque
1145 2637 1293 2694 tenomm
1316 2631 1468 2713 existant,
1485 2652 1543 2716 per
1566 2653 1628 2716 que
1652 2631 1854 2716 presentibus
1878 2653 1941 2696 non
1966 2654 2120 2718 expressa
2140 2634 2192 2698 vel
2207 2635 2350 2699 totaliter

529 2759 594 2802 non
618 2738 757 2820 inserta,
782 2737 915 2801 effectus
939 2737 1036 2820 hujus
1060 2744 1168 2802 nostre
1193 2737 1297 2822 gratie
1321 2737 1468 2824 impediri
1502 2738 1611 2802 valeat
1638 2739 1690 2802 vel
1714 2738 1853 2822 differri,
1877 2746 1909 2803 et
1932 2740 1972 2803 de
2003 2740 2119 2826 quibus
2151 2763 2350 2828 quorumque

531 2845 606 2909 totis
629 2844 795 2908 tenoribus
818 2844 969 2908 habenda
992 2845 1033 2908 sit
1057 2844 1089 2907 in
1114 2845 1230 2908 nostris
1254 2844 1369 2909 litteris
1395 2845 1513 2908 mentio
1537 2846 1701 2932 specialis;
1725 2847 1854 2932 proviso
1879 2847 1964 2932 quod
1987 2847 2172 2930 hujusmodi
2195 2849 2352 2915 beneficia

531 2951 647 3016 debitis
671 2953 799 3016 interim
824 2952 986 3038 obsequiis
1010 2973 1074 3016 non
1098 2951 1289 3015 fraudentur
1312 2958 1343 3015 et
1367 2953 1548 3016 animarum
1571 2975 1650 3016 cura
1666 2954 1698 3016 in
1715 2954 1771 3035 eis,
1790 2953 1905 3039 quibus
1923 2953 1979 3017 illa
1995 2955 2150 3039 imminet,
2168 2957 2353 3022 nullatenus

531 3059 728 3144 negligatur.
751 3058 842 3123 Nulli
866 3080 944 3144 ergo
969 3059 1098 3123 omniuo
1122 3058 1286 3123 hominum
1311 3059 1407 3123 liceat
1430 3060 1514 3123 hanc
1537 3060 1692 3145 paginam
1714 3067 1823 3124 nostre
1847 3062 2061 3126 concessionis
2086 3063 2276 3148 infringere,
2301 3065 2352 3128 vel

533 3167 564 3231 ei
588 3186 670 3230 ausu
693 3167 863 3230 temerario
888 3167 1065 3249 contraire;
1082 3167 1109 3230 si
1126 3168 1197 3251 quis
1219 3173 1326 3230 autem
1342 3167 1403 3231 hoo
1420 3173 1580 3231 attentare
1596 3169 1837 3254 presumpserit,
1854 3168 2109 3254 indignationem
2125 3171 2352 3257 omnipotentis

530 3273 603 3356 Dei,
621 3293 659 3336 ac
682 3273 851 3338 beatorum
875 3273 965 3337 Petri
989 3281 1021 3337 et
1044 3273 1140 3338 Pauli
1163 3274 1394 3359 Apostolorum
1419 3274 1487 3338 eius
1517 3295 1551 3338 se
1582 3275 1708 3338 noverit
1732 3276 1944 3340 incursurum.
1963 3276 2085 3341 Datum
2102 3277 2353 3364 Carpentoracte

531 3383 643 3467 quinto
668 3381 824 3445 kalendas
848 3380 1042 3464 novembris,
1065 3381 1270 3466 pontificatus
1295 3380 1396 3445 nostri
1419 3402 1504 3444 anno
1529 3381 1651 3467 quinto.

1397 3739 1484 3804 nvi.

1280 3971 1377 4056 1309,
1401 3973 1445 4036 ae
1468 3972 1603 4037 arara.

914 4206 967 4270 Ex
990 4213 1076 4270 tomo
1099 4203 1293 4268 LXXXIII.
1321 4203 1438 4268 Codicis
1461 4205 1585 4289 dqucm.
1609 4204 1696 4288 bora,
1720 4227 1806 4270 num.
1830 4205 1970 4270 XLVII.

622 4460 770 4524 Clemens
794 4457 887 4543 Papa
910 4455 951 4520 V.
964 4456 1003 4520 (1)
1029 4455 1155 4520 Dilecto
1179 4455 1263 4519 Filio
1287 4455 1420 4520 Decano
1444 4455 1588 4520 Ecclesie
1610 4455 1777 4540 Toletano,
1801 4478 1839 4520 ac
1863 4456 2077 4522 Bononiensis
2098 4463 2130 4520 et
2147 4457 2352 4521 Catureensis

532 4567 789 4633 Archidiaconis.

620 4675 707 4738 Dum
730 4675 898 4738 literarum
922 4672 1089 4737 scientiam
1114 4679 1145 4735 et
1169 4672 1234 4734 alia
1257 4671 1290 4734 in
1308 4677 1339 4734 te
1355 4671 1500 4755 ingentia
1516 4693 1651 4735 munera
1668 4672 1846 4756 gratiarum
1867 4672 2039 4757 diligenter
2055 4673 2260 4753 attendimus,
2278 4693 2351 4757 gra-

531 4788 629 4867 taque
654 4781 808 4867 obsequia
833 4802 894 4865 qne
919 4779 960 4843 ab
984 4779 1061 4842 olim
1085 4777 1161 4843 Sedi
1185 4778 1372 4864 Apostoliee
1396 4778 1581 4864 impendisti
1605 4779 1725 4843 diutius
1754 4785 1787 4843 et
1817 4779 1975 4866 impendis
2006 4789 2141 4866 paterna
2169 4779 2352 4843 considera·

530 4889 618 4954 tione
641 4909 825 4974 pensamus,
842 4886 1029 4972 Apostolico
1054 4893 1085 4950 te
1110 4885 1221 4949 favore
1245 4884 1380 4970 dignum
1400 4886 1613 4972 conspicimus
1637 4894 1669 4950 et
1691 4887 1899 4972 prerogativa
1922 4887 2026 4971 gratie
2050 4886 2232 4973 specialiter
2256 4886 2351 4950 attol-

529 4997 671 5061 lendum.
696 4995 828 5059 Dudum
858 4994 1016 5080 siquidem
1049 5016 1091 5058 ex
1123 5001 1235 5058 tenore
1267 5000 1321 5057 tue
1353 4993 1516 5079 petitionis
1541 4995 1738 5080 accepimus,
1763 4985 2127 5058 felicis'recordationis
2155 4993 2351 5058 Benedictus

529 5105 623 5191 Papa
645 5103 725 5186 XL,
742 5102 951 5189 predecessor
974 5109 1094 5184 noster,
1111 5102 1223 5165 volens
1247 5101 1306 5165 tibi
1329 5101 1469 5185 gratiam
1493 5101 1599 5164 facere
1624 5101 1807 5187 specialem,
1824 5101 1883 5164 tibi
1898 5123 1957 5187 per
1972 5101 2115 5165 diversas
2132 5101 2225 5165 duxit
2241 5101 2351 5165 literas

530 5211 782 5294 concedendum,
803 5217 839 5274 ut
862 5209 1016 5295 quamdiu
1040 5210 1072 5272 in
1095 5208 1245 5273 Romana
1269 5207 1378 5292 Curia,
1394 5207 1446 5272 vel
1463 5208 1541 5273 alibi
1565 5208 1727 5294 obsequiis
1751 5209 1834 5273 dicte
1860 5207 1951 5272 Sedis
1975 5208 2014 5272 de
2038 5209 2138 5296 ipsius
2164 5208 2255 5273 Sedis
2280 5231 2351 5295 spe-

530 5319 604 5384 ciali
635 5318 789 5382 mandato
818 5317 1000 5399 insisteres,
1024 5316 1165 5399 fructus,
1190 5316 1334 5381 redditus
1366 5322 1398 5380 et
1428 5323 1603 5401 proventus
1633 5316 1871 5402 prebendarum
1903 5323 1935 5379 et
1963 5316 2100 5380 aliorum
2122 5315 2352 5379 beneficiorum

529 5434 669 5508 tuorum,
688 5446 749 5510 que
773 5431 849 5488 tunc
874 5422 1054 5504 obtinebas,
1071 5429 1103 5486 et
1126 5429 1157 5486 te
1182 5422 1328 5487 obtinere
1352 5423 1531 5506 contigeret
1555 5421 1588 5485 in
1611 5421 1765 5506 futurum,
1783 5423 1881 5486 etiam
1904 5422 1933 5486 si
1954 5429 2156 5508 personatus,
2174 5421 2226 5485 vel
2247 5421 2352 5506 digni-

529 5539 613 5598 tates
637 5533 830 5614 existerent,
855 5538 887 5596 et
911 5551 1021 5595 curam
1044 5531 1225 5595 animarum
1248 5529 1406 5594 haberent
1429 5551 1502 5593 curn
1526 5550 1565 5594 ea
1596 5551 1707 5615 posses
1738 5530 1923 5616 integritate
1951 5530 2130 5616 percipere,
2155 5528 2350 5615 quotidianis

530 5639 810 5720 distributionibus
842 5638 1012 5702 dumtaxat
1042 5639 1206 5725 exceptis,
1230 5659 1303 5702 cum
1326 5658 1390 5722 qua
1413 5637 1486 5701 illos
1509 5637 1692 5723 perciperes
1720 5637 1747 5700 si
1777 5637 1810 5700 in
1841 5637 2002 5718 ecclesiis,
2027 5637 2060 5700 in
2091 5636 2207 5722 quibus
2238 5634 2351 5700 eadem

530 5749 707 5813 existerent
731 5746 898 5829 beneficia,
915 5745 1129 5832 personaliter
1152 5745 1327 5828 resideres;
1352 5744 1503 5831 quodque
1526 5745 1732 5828 monasteria,
1749 5745 1921 5831 prioratus,
1938 5743 2101 5826 ecclesias,
2119 5743 2261 5825 clericos,
2278 5764 2350 5829 per-

466 5937 468 5942 ·
529 5877 625 5921 sonas
643 5862 675 5920 et
690 5855 762 5919 loca
779 5855 1007 5936 ecclesiastica,
1025 5853 1306 5918 archidiaconatus
1322 5852 1577 5936 Gualdafaiarie,
1592 5873 1688 5938 quem
1704 5853 1736 5916 in
1753 5852 1906 5934 tolotana,
1924 5872 1961 5916 ac
1979 5851 2109 5914 abbatie
2126 5850 2165 5913 de
2181 5850 2350 5934 Ilarauga,

529 5985 627 6050 quam
650 5963 683 6026 in
708 5962 874 6048 palentina
897 5960 1051 6026 llcclesiis
1076 5961 1212 6042 obtines,
1237 5983 1295 6046 per
1319 5960 1462 6045 aliquam
1485 5981 1543 6024 seu
1567 5961 1692 6046 aliquas
1715 5981 1869 6045 personas
1893 5960 2025 6023 idoneas
2048 5958 2191 6039 visitare,
2216 5979 2253 6021 ac
2277 5979 2350 6043 prc-

528 6072 731 6154 curationes,
756 6070 880 6134 ratione
905 6069 1100 6133 visitationis
1124 6068 1267 6151 debitas,
1293 6068 1325 6132 in
1349 6068 1487 6154 pecunia
1511 6075 1682 6132 numerata
1708 6067 1852 6153 recipere
1883 6066 2066 6130 moderatas
2090 6087 2110 6129 a
2133 6064 2349 6146 monasteriis,

528 6178 736 6268 prioratibus,
754 6177 908 6260 ecclesiis,
926 6177 1083 6262 personis,
1108 6176 1233 6240 clericis
1257 6181 1290 6239 et
1312 6174 1391 6240 locis
1415 6175 1641 6239 ecclesiasticis
1666 6174 1774 6238 taliter
1796 6173 1945 6257 visitatis,
1970 6195 2028 6238 nec
2052 6195 2117 6238 non
2139 6193 2198 6258 per
2221 6171 2352 6236 easdem

609 6516 882 6586 (1)ExReg.anni
902 6517 989 6586 quinti
1010 6515 1160 6569 Clementis
1179 6515 1228 6582 V„
1249 6531 1291 6585 ep.
1312 6518 1372 6581 754,
1391 6514 1438 6566 iol.
1460 6517 1519 6567 190.
