5492 7750
800 616 1032 702 ΒΡΕΟΤΑΝΤΙΑΙ
1060 652 1111 702 AD
1140 651 1395 703 Pnornssoaus
1423 653 1528 703 JURIS
1556 652 1689 702 CIVILIS

1186 985 1295 1082 ixx.

1070 1231 1167 1314 1257,
1193 1232 1235 1295 17
1255 1231 1419 1314 februarii

750 1444 803 1510 Ex
825 1446 969 1511 Archivo
992 1445 1080 1510 Max.
1105 1445 1205 1529 Bon,
1230 1446 1263 1510 in
1286 1445 1427 1531 Rapistro
1450 1466 1539 1528 nuuc,
1563 1467 1590 1510 c.
1618 1448 1680 1511 103
1704 1467 1729 1510 r.

423 1658 477 1724 Dn
500 1677 616 1724 niuno
640 1676 748 1724 sacro
772 1679 818 1723 nn
840 1659 1035 1742 anmvrrn,
1062 1677 1234 1732 susurras
1258 1679 1323 1722 rao
1347 1657 1487 1723 Coruum
1511 1658 1671 1724 Bononia
1694 1679 1829 1724 nassau
1853 1681 2073 1727 rnnununsn.

425 1766 463 1830 ln
488 1767 616 1831 nomine
639 1765 772 1831 Domini
794 1767 897 1831 nostri
919 1766 1000 1831 Jcsu
1024 1765 1153 1849 Christi,
1178 1787 1283 1830 amen.
1307 1765 1375 1830 Nos
1399 1765 1618 1831 Bonacursius
1647 1767 1686 1831 de
1710 1767 1874 1851 Surixina,
1894 1789 1980 1834 nunc
2001 1768 2151 1834 Potestas

332 1873 478 1939 Bononio
502 1881 534 1938 et
557 1880 633 1938 tunc
658 1873 854 1960 capitaneus
878 1875 989 1960 populi
1010 1874 1175 1956 Bononia,
1200 1896 1258 1938 seu
1288 1875 1462 1939 arbitrator
1495 1875 1616 1939 electus
1641 1897 1660 1938 a
1683 1875 1848 1940 Potestate
1873 1883 1905 1940 et
1929 1875 2065 1941 Comani
2088 1877 2150 1941 Fa-

333 1982 441 2046 ventie
464 1981 592 2046 nomine
617 1982 695 2046 dicti
718 1981 880 2064 Comunis,
898 1982 1037 2067 dataque
1057 1981 1091 2045 in
1114 1981 1206 2046 nobis
1230 1982 1360 2046 licentia
1384 1981 1562 2046 arbitrandi
1585 1988 1618 2046 et
1640 1981 1795 2046 laudandi
1818 1989 1850 2047 et
1872 1982 2049 2048 diffiniendi
2068 1985 2152 2049 inter

333 2088 478 2154 homines
502 2097 535 2154 et
556 2096 665 2175 partes
690 2089 773 2153 dicte
797 2089 954 2172 civitatis,
979 2096 1011 2153 et
1035 2089 1110 2153 data
1135 2110 1196 2174 que
1219 2089 1312 2154 nobis
1336 2096 1478 2175 potestas
1507 2089 1683 2154 diffiniendi
1707 2097 1738 2154 et
1759 2091 1958 2176 precipiendi
1981 2092 2066 2157 dicto
2091 2093 2151 2158 co-

333 2197 423 2260 muni
446 2205 478 2261 et
501 2197 716 2262 Universitati
744 2197 896 2284 quicquid
918 2197 1094 2262 viderimus
1123 2197 1277 2283 expedire
1304 2198 1418 2261 honori
1442 2205 1474 2262 et
1496 2198 1581 2262 bono
1605 2199 1701 2262 statui
1726 2199 1864 2263 civitatis
1887 2198 2044 2283 Bononia,
2061 2208 2094 2266 et
2116 2207 2152 2266 ut

334 2305 404 2390 ipsa
428 2306 540 2370 civitas
564 2304 721 2369 Faventia
745 2305 847 2389 possit
869 2311 1027 2390 perpetua
1049 2326 1129 2390 pace
1153 2305 1266 2390 potiri,
1291 2312 1323 2368 et
1346 2304 1483 2369 Comuni
1508 2304 1655 2370 Bononia
1686 2305 1901 2370 indissolubili
1927 2307 2056 2373 vinculo
2080 2309 2151 2373 alli·

333 2413 422 2500 gari,
447 2420 479 2478 et
509 2418 546 2476 ut
575 2418 712 2497 utraque
745 2410 857 2476 civitas
887 2411 1034 2476 Bononie
1062 2418 1094 2476 et
1117 2411 1273 2476 Faventia
1297 2411 1437 2475 inbono
1462 2419 1493 2476 et
1516 2413 1662 2497 paciffico
1685 2420 1771 2476 statu
1794 2413 1947 2499 perduret
1969 2422 2002 2479 et
2024 2437 2151 2502 semper

333 2524 450 2588 debeat
472 2540 672 2607 permanare,
696 2519 877 2601 laudamus,
901 2520 1157 2604 pronuntiamus,
1182 2519 1376 2582 arbitramur
1405 2526 1437 2582 et
1464 2519 1675 2605 precipimus,
1700 2521 1783 2606 quod
1810 2521 1953 2586 Comune
1977 2529 2009 2586 et
2037 2525 2150 2590 civitas

333 2629 490 2695 Faventia
513 2627 656 2692 habeant
687 2633 719 2690 et
743 2627 862 2690 habere
886 2627 1026 2690 debeant
1048 2634 1238 2712 perpetuam
1261 2647 1391 2712 pacem,
1417 2633 1449 2690 et
1477 2648 1587 2690 omnes
1618 2627 1657 2691 de
1686 2628 1815 2692 civitate
1847 2635 1879 2692 et
1910 2630 2055 2694 districtu
2086 2632 2150 2696 Pa·

332 2737 440 2801 ventia
463 2735 592 2799 nomine
616 2733 758 2819 partium
781 2734 864 2798 inter
887 2755 932 2816 se,
954 2741 986 2797 et
1009 2733 1077 2820 ipse
1101 2740 1220 2820 partes,
1238 2733 1360 2796 nullam
1385 2733 1551 2814 offensam,
1569 2734 1731 2818 iujuriam,
1748 2736 1800 2799 vel
1824 2757 2000 2821 gravamen
2024 2738 2086 2802 sibi
2109 2740 2151 2803 ad

333 2846 470 2909 invicem
494 2841 650 2923 inferant,
675 2841 732 2904 scd
755 2841 934 2906 comuniter
957 2841 1158 2923 adinfcrant,
1183 2846 1216 2904 et
1239 2842 1417 2905 comuniter
1439 2841 1608 2905 intendant
1631 2841 1715 2905 bono
1740 2849 1771 2906 ct
1794 2843 1939 2928 pacifflco
1970 2846 2069 2909 statui
2092 2844 2151 2910 Oo-

332 2950 437 3016 munis
460 2949 606 3014 Bononia
630 2955 663 3013 et
687 2947 839 3013 Comanis
863 2948 1030 3013 Faventie.

422 3065 475 3135 (ιζ’
485 3057 568 3121 Item
591 3056 785 3142 precipimus
809 3063 842 3120 et
864 3055 1035 3120 laudamus
1063 3061 1098 3120 nt
1121 3055 1265 3119 annatim
1290 3055 1456 3141 requirant
1479 3055 1622 3121 Comune
1646 3055 1802 3138 Bononia,
1827 3065 1863 3121 ut
1886 3058 1941 3122 det
1963 3059 2024 3123 sibi
2047 3068 2150 3125 recto-

332 3188 418 3249 rem,
444 3187 501 3229 sen
528 3163 729 3227 Potestatem
759 3185 832 3228 cum
863 3163 960 3227 feudo
992 3169 1025 3227 et
1054 3163 1172 3228 salario
1204 3170 1374 3246 consueto,
1400 3170 1431 3226 et
1464 3184 1558 3248 quem
1590 3163 1732 3227 Comune
1763 3163 1909 3228 Bononia
1940 3166 1986 3229 cis
2010 3166 2150 3251 dederit,

332 3274 474 3339 habeant
497 3291 555 3357 pro
578 3276 713 3353 rectore,
730 3276 762 3334 et
783 3271 811 3334 si
834 3271 1039 3357 capitaneum
1062 3270 1182 3334 habere
1198 3270 1369 3352 voluerint,
1387 3270 1499 3334 eodem
1523 3270 1617 3336 ruodo
1642 3271 1780 3335 debeant
1804 3293 1823 3334 a
1848 3271 1984 3337 Comuni
2004 3273 2150 3340 Bononia

332 3389 442 3468 petere
466 3387 499 3444 ot
521 3387 631 3447 tenere
655 3401 739 3462 eum,
764 3400 859 3465 quem
883 3376 1026 3443 Comuno
1049 3378 1196 3442 Bononia
1221 3378 1266 3442 eis
1290 3377 1425 3442 dederit.

422 3489 504 3553 Item
529 3490 722 3575 precipimus
746 3493 778 3550 et
801 3485 992 3549 mandamus
1016 3483 1102 3570 quod
1125 3484 1245 3548 dictum
1270 3483 1413 3549 Comune
1434 3484 1591 3549 Faventia
1608 3492 1640 3548 et
1655 3486 1801 3550 homines
1818 3487 1901 3550 dicte
1918 3494 2002 3552 terre
2020 3495 2151 3554 teneant

333 3604 365 3662 et
388 3603 497 3661 tenere
521 3597 661 3661 debeant
684 3615 743 3680 pro
767 3593 878 3656 amicis
902 3591 1021 3656 amicos
1038 3590 1190 3656 Comanis
1206 3591 1352 3656 Bononic
1370 3599 1402 3656 et
1418 3613 1475 3678 pro
1492 3591 1628 3656 inimicis
1650 3592 1794 3657 inimicos
1817 3592 1968 3658 Oonrnnis
1984 3595 2149 3680 Bononio,

332 3713 365 3770 et
388 3705 496 3790 siper
521 3702 663 3769 Comnne
687 3699 834 3766 Bononie
858 3698 955 3763 suerit
979 3699 1063 3763 dicto
1093 3697 1229 3763 Oonrnni
1259 3700 1438 3764 iniunctum
1468 3699 1507 3764 de
1539 3721 1656 3784 guerra
1684 3699 1850 3784 facienda,
1874 3703 1927 3766 vel
1949 3724 2029 3788 pace
2053 3705 2151 3769 alicui

332 3812 465 3893 civitati,
489 3811 576 3893 ville,
601 3810 653 3874 vel
677 3815 793 3890 castro,
817 3807 871 3871 vel
894 3805 1026 3889 Baroni,
1050 3806 1102 3869 vel
1126 3806 1223 3870 alicui
1246 3806 1404 3891 singulari
1427 3828 1574 3892 persone,
1596 3807 1647 3870 vcl
1670 3808 1840 3892 provintie,
1866 3810 2042 3874 secundum
2065 3813 2150 3898 quod

331 3919 519 3984 mandatum
547 3917 645 3980 fuerit
672 3916 909 3998 observabunt;
933 3921 965 3978 et
993 3914 1171 3979 exercitum
1202 3922 1235 3979 et
1263 3915 1424 3979 exercitus
1455 3922 1489 3979 et
1520 3915 1703 3979 cavalcatas
1734 3916 1841 3981 facere
1866 3923 2036 3982 teneantur
2058 3919 2150 3984 iuxta

331 4027 520 4091 mandatum
544 4023 696 4089 (lomuuis
719 4023 877 4104 Bononia,
902 4028 935 4086 et
958 4043 1049 4086 arma
1080 4027 1112 4085 et
1134 4043 1233 4107 equos
1256 4023 1421 4107 imponere
1446 4021 1478 4086 in
1509 4021 1638 4086 civitate
1667 4029 1699 4086 et
1722 4023 1869 4088 districtu
1892 4024 2048 4090 Faventia
2073 4049 2151 4112 quo·

331 4135 530 4219 tiescumqne
554 4153 612 4216 per
636 4130 757 4195 dictum
780 4129 924 4194 Comune
947 4128 1094 4193 Bononia
1118 4128 1238 4192 fuerint
1260 4128 1422 4215 requisiti,
1446 4136 1477 4192 et
1502 4150 1591 4193 arma
1619 4137 1729 4195 tenere
1757 4131 1907 4216 imposita
1931 4139 2027 4218 atque
2051 4155 2150 4219 equos

331 4247 513 4323 teneantur,
537 4239 638 4303 donec
661 4236 724 4323 ipsi
748 4236 885 4301 Comani
907 4236 1054 4301 Bououie
1077 4235 1247 4321 placuerit.

419 4347 504 4411 Item
526 4345 721 4432 precipimus
745 4351 777 4408 et
799 4343 980 4426 laudamus,
1005 4343 1091 4429 quod
1114 4342 1237 4408 fossata
1261 4343 1344 4408 dicte
1369 4343 1508 4408 civitatis
1532 4365 1588 4408 seu
1612 4343 1720 4428 fovee,
1745 4346 1940 4431 conplanato
1963 4353 1995 4411 ct
2018 4349 2149 4434 conpla-

331 4462 405 4520 nato
430 4455 508 4537 sint,
533 4454 616 4517 sicut
637 4473 722 4516 nunc
746 4457 838 4533 sunt,
863 4457 895 4514 et
917 4451 1031 4515 haberi
1054 4451 1193 4515 debeant
1220 4451 1446 4536 inperpetuum
1470 4459 1501 4515 et
1525 4452 1646 4535 teneri;
1671 4473 1775 4537 neque
1806 4453 1894 4517 refici
1922 4454 2061 4518 debeant
2091 4477 2150 4519 nec

331 4562 441 4627 cavari
455 4561 509 4626 vel
525 4561 620 4625 aliter
634 4558 778 4644 reaptari
801 4557 923 4643 absque
940 4558 1070 4622 licentia
1087 4557 1250 4640 Comunis,
1268 4557 1401 4622 Consilii
1418 4565 1449 4622 et
1465 4558 1584 4644 Populi
1599 4560 1805 4624 bononiensis
1823 4567 1854 4624 et
1870 4581 2037 4625 consensu.

420 4669 504 4734 Item
526 4668 721 4754 precipimus
745 4673 777 4730 et
799 4665 1010 4749 mandamns,
1035 4665 1121 4751 quod
1144 4665 1252 4730 omnia
1274 4665 1429 4730 victualia
1452 4673 1484 4730 et
1508 4666 1573 4730 alia
1596 4665 1844 4732 merchadandic
1869 4668 1909 4732 de
1933 4668 2063 4733 civitate
2086 4669 2149 4733 Fa·

330 4777 438 4841 ventie
462 4782 494 4840 et
517 4777 587 4860 ejus
611 4775 758 4839 districtu
780 4774 905 4860 possint
928 4772 1001 4837 duci
1026 4779 1058 4836 et
1080 4773 1166 4836 trahi
1190 4779 1222 4837 et
1244 4773 1368 4858 portari
1391 4794 1449 4859 per
1472 4774 1558 4838 cives
1580 4773 1727 4839 Bononia
1751 4774 1793 4838 ad
1816 4775 1981 4839 civitatem
2003 4775 2149 4842 Bononio

331 4883 478 4969 a[b]sque
503 4882 611 4968 aliquo
635 4881 722 4946 datio
740 4903 796 4945 seu
817 4879 1015 4944 tolomeotl).
1032 4878 1117 4943 Item
1139 4886 1175 4943 ut
1197 4886 1334 4966 utraque
1358 4880 1472 4944 civitas
1495 4880 1641 4945 Bononia
1662 4887 1695 4945 et
1710 4880 1866 4946 Faventia
1883 4883 2076 4946 victualibus
2092 4884 2149 4948 ha-

330 4991 493 5073 bundant,
518 4990 652 5054 dicimus
677 4995 709 5054 et
732 4987 902 5052 laudamus
926 4986 1012 5074 quod
1035 4987 1145 5072 aliqua
1167 4986 1321 5052 victualia
1344 4987 1384 5050 de
1409 4987 1555 5052 districtu
1580 4988 1663 5052 dicte
1689 4988 1828 5052 civitatis
1851 4988 2008 5052 Faventia
2031 4989 2084 5054 vel
2109 4990 2149 5055 de

331 5098 417 5163 dicta
440 5097 570 5162 civitate
594 5118 659 5161 non
682 5096 821 5161 debeant
844 5094 897 5159 vel
919 5095 1043 5179 possint
1066 5093 1195 5158 extrahi
1214 5094 1267 5158 vel
1289 5095 1413 5180 portari
1436 5115 1549 5158 versus
1573 5095 1716 5180 aliquam
1736 5095 1834 5158 aliam
1850 5095 2025 5179 civitatem,
2041 5105 2150 5182 preter

332 5227 429 5291 quam
452 5226 564 5269 versus
588 5203 751 5268 civitatem
772 5201 937 5283 Bononia,
962 5222 1021 5264 nec
1049 5201 1088 5264 de
1119 5200 1270 5286 predictis
1299 5201 1507 5266 extrahendis
1538 5202 1590 5266 vel
1621 5201 1787 5287 portandis
1819 5202 1936 5266 debeat
1966 5203 2019 5268 vel
2050 5205 2152 5290 possit

331 5313 429 5377 alicui
452 5311 575 5376 civitati
598 5311 650 5375 vel
674 5316 790 5393 castro,
813 5309 866 5374 vel
889 5308 1046 5393 singulari
1068 5327 1205 5393 persone
1228 5307 1298 5372 fieri
1322 5308 1438 5393 gratia,
1462 5307 1607 5391 licentia,
1631 5308 1683 5372 vel
1707 5309 1839 5373 concedi
1870 5309 1991 5394 absque
2020 5310 2150 5376 licentia

331 5419 517 5502 Potestatis,
542 5416 712 5503 Capitanei
734 5422 766 5480 et
788 5415 901 5502 populi
925 5414 1077 5480 Oomunis
1100 5414 1257 5479 Bononie.

421 5525 505 5591 Item
528 5525 662 5591 dicimus
686 5530 719 5588 et
740 5523 921 5604 laudamus,
942 5522 1029 5608 quod
1052 5521 1164 5586 similis
1187 5528 1328 5606 moneta,
1344 5544 1407 5609 que
1431 5522 1625 5609 expenditur
1647 5523 1680 5587 in
1704 5522 1833 5588 civitate
1854 5522 2011 5608 Bononia,
2029 5546 2149 5610 expen-

332 5635 428 5699 datur
451 5640 483 5698 et
506 5638 615 5698 currat
637 5631 671 5696 in
694 5631 824 5696 civitate
847 5629 1005 5694 Faventia
1029 5631 1154 5714 atejus
1178 5629 1335 5694 districtu.

421 5740 504 5805 Item
528 5739 663 5804 dicimus
687 5744 719 5802 et
741 5736 912 5802 laudamus
936 5736 1022 5822 qnod
1044 5737 1105 5802 hec
1128 5736 1236 5802 omnia
1260 5743 1292 5802 et
1315 5737 1444 5822 singula
1467 5745 1629 5822 ponantur
1653 5743 1685 5802 et
1708 5737 1784 5824 poni
1809 5737 1958 5820 debeant,
1975 5744 2007 5800 ct
2023 5758 2150 5823 semper

332 5870 402 5913 esse
425 5848 459 5912 in
482 5847 610 5911 statutis
635 5845 787 5911 Comunis
810 5843 967 5908 Faventia
990 5844 1132 5929 precise,
1157 5851 1189 5909 et
1213 5845 1245 5908 in
1269 5845 1397 5909 statutis
1429 5844 1581 5909 Comnnis
1611 5844 1759 5910 Bononia
1789 5845 1930 5931 precise,
1955 5851 1987 5908 et
2018 5844 2058 5907 de
2088 5845 2149 5908 hoc

332 5963 480 6020 teneatur
507 5954 671 6037 Potestas,
697 5974 758 6038 que
781 5951 879 6016 fuerit
902 5950 944 6015 ad
974 5951 1119 6036 regimen
1147 5952 1231 6016 dicte
1264 5959 1349 6016 terre
1379 5959 1410 6016 et
1433 5952 1582 6016 Potestas
1605 5952 1752 6017 Bononie
1776 5952 1883 6015 facere
1908 5951 2082 6015 observari.
2107 5950 2150 6014 Et

331 6063 392 6127 hec
415 6061 523 6127 omnia
546 6067 578 6126 et
601 6059 730 6146 singula
754 6059 893 6123 debeant
916 6057 1040 6122 attendi
1063 6065 1096 6122 et
1119 6059 1284 6124 observari
1307 6058 1340 6122 in
1368 6058 1516 6123 omuibus
1547 6064 1579 6122 et
1610 6059 1746 6144 singulis
1776 6057 1924 6144 capitulis
1957 6057 2148 6143 supradictis

332 6170 392 6234 sub
420 6190 504 6255 pena
536 6190 597 6254 que
620 6168 654 6232 in
678 6165 905 6253 compromisso
931 6165 1122 6249 continetur,
1146 6165 1265 6252 scripto
1289 6187 1387 6230 manu
1411 6165 1568 6229 Vitaliani
1592 6165 1631 6228 do
1654 6165 1893 6230 Vichomercati
1920 6164 2047 6247 notarii,
2071 6185 2149 6249 quo-

413 6419 451 6484 (1)
476 6416 593 6468 Tolomeo
611 6433 660 6485 pro
679 6416 777 6468 teloneo
784 6432 796 6479 ,·
809 6415 879 6468 idest
897 6416 1036 6482 tributum,
1056 6416 1174 6483 vectigal.
1194 6416 1249 6469 Cir.
1269 6416 1314 6469 Du
1334 6415 1434 6485 Gange,
1448 6413 1543 6482 vnn,
1558 6419 1650 6470 llaec
1665 6419 1724 6468 119.
1738 6444 1771 6453 -
1785 6413 1818 6465 V.
1833 6415 1916 6467 etiarn
1935 6413 2012 6478 talari,
2024 6413 2149 6477 tolonum,

331 6508 458 6572 telletum,
476 6507 624 6572 tollonium,
642 6505 698 6558 toln
717 6509 745 6559 et
763 6505 903 6558 tolomeno.
