5484 7746
624 629 698 698 266
1414 651 1652 702 nouumnnru

710 805 874 868 istasunt
899 804 1116 890 possessiones
1141 804 1180 867 do
1205 803 1321 890 quibus
1345 804 1574 868 monasterium
1599 806 1702 869 sancti
1727 805 1884 892 Stephani
1915 807 2090 891 supradicti
2119 809 2188 872 uult
2219 810 2338 875 habere
2366 833 2440 875 con-

621 913 798 976 cessionem
823 912 1021 975 decimarum
1045 911 1078 974 in
1102 911 1246 976 futurum
1270 912 1517 998 prestandarum
1540 919 1572 975 et
1596 913 1815 977 remissionem
1840 913 2054 996 detentarum,
2079 916 2217 980 scilicet:

710 1018 842 1104 Brayda
865 1017 969 1082 sancti
993 1018 1150 1103 Stephani
1173 1019 1320 1104 superius
1345 1024 1376 1082 et
1401 1018 1546 1082 interius.
1572 1019 1721 1083 Confines
1744 1020 1826 1084 tales
1851 1021 1986 1086 suntlll.

710 1125 792 1189 Item
817 1126 1011 1207 vincenna,
1036 1126 1141 1210 posita
1166 1125 1205 1188 ad
1230 1125 1409 1206 Rauonem,
1434 1147 1496 1211 quc
1521 1125 1582 1189 luit
1605 1125 1737 1190 Martini
1761 1125 1867 1190 Garri.
1894 1127 2043 1192 Confines
2067 1130 2148 1193 talos
2173 1137 2256 1194 sunt.

709 1233 792 1296 Item
816 1233 911 1296 vinea
935 1252 1010 1314 una,
1036 1233 1141 1318 posita
1165 1231 1197 1296 in
1221 1232 1423 1318 pertinentiis
1446 1231 1613 1315 Barbiani,
1638 1234 1670 1297 in
1694 1232 1764 1297 loco
1790 1234 1844 1299 ubi
1868 1234 1984 1299 dicitur
2008 1235 2141 1300 Mixauo
2166 1236 2206 1300 de
2229 1236 2331 1302 Podio
2359 1239 2439 1303 Bar·

619 1340 718 1404 binni.
744 1340 892 1404 Confines
917 1340 1009 1403 tales.

708 1447 793 1510 Item
816 1448 977 1533 possessio
1001 1447 1103 1510 sancti
1126 1446 1259 1510 Martini
1283 1446 1314 1510 in
1338 1445 1512 1511 Pozadello
1536 1455 1568 1510 et
1590 1447 1692 1512 sancti
1708 1448 1826 1512 Vitalis
1843 1449 1882 1512 de
1900 1449 2074 1514 Barbiauo.
2093 1450 2242 1514 Confines
2259 1459 2332 1515 sunt
2348 1453 2439 1517 tales.

710 1554 794 1618 Item
817 1554 912 1617 uinea
935 1553 1038 1617 sancti
1061 1552 1183 1617 Rofclli
1207 1560 1239 1616 et
1263 1553 1482 1640 possessiones
1506 1555 1609 1618 sancti
1633 1555 1764 1619 Rofelli.
1791 1555 1939 1620 Confines
1963 1558 2045 1621 tales
2069 1566 2153 1622 sunt.

710 1661 793 1724 ltem
817 1661 911 1724 vinea
935 1681 1011 1742 uua,
1028 1661 1133 1746 posita
1153 1661 1186 1725 in
1210 1661 1324 1725 Runco
1347 1660 1507 1742 Mauroui,
1525 1683 1621 1747 quam
1639 1643 1868 1726 monasterium
1889 1664 1984 1728 evicit
2002 1665 2033 1729 in
2051 1666 2163 1729 codem
2185 1666 2299 1730 Runco
2315 1665 2442 1730 Moroni

620 1790 639 1832 a
663 1769 851 1855 psesbiteris
875 1768 978 1832 saneti
1002 1767 1152 1832 Nicbolni
1175 1767 1354 1854 Leproseti.
1380 1766 1530 1832 Confines
1554 1769 1646 1833 tales.

708 1877 792 1939 Item
807 1876 895 1961 petia
911 1896 975 1938 una
993 1882 1091 1957 terre,
1109 1896 1206 1961 quam
1223 1875 1452 1939 monasterium
1468 1875 1565 1940 evicit
1582 1875 1613 1938 in
1636 1876 1749 1940 eodem
1765 1877 1878 1942 Runoo
1896 1877 2073 1960 Maluboni
2095 1900 2113 1942 a
2130 1880 2308 1965 presbitero
2326 1881 2440 1966 Ugona

620 1984 660 2048 de
684 1982 938 2068 Bagnaoarallo,
963 1990 995 2045 et
1019 1990 1167 2067 prasente
1192 1981 1310 2046 Fabro.
1335 1983 1485 2046 Confines
1508 1984 1601 2047 tales.

711 2091 793 2154 Item
817 2089 949 2175 Brayda
973 2096 1006 2153 et
1030 2089 1189 2153 Clausnra
1212 2089 1251 2153 de
1276 2089 1408 2152 Villola.
1432 2089 1582 2153 Confines
1606 2091 1697 2154 tales.

709 2198 792 2262 Item
816 2197 1034 2283 possessiones
1058 2197 1161 2260 sancti
1184 2197 1315 2260 Andree
1340 2196 1380 2259 da
1407 2196 1486 2260 Vico
1509 2196 1680 2280 Medicina,
1699 2219 1778 2284 quas
1803 2199 1901 2263 babet
1925 2199 1994 2285 ipsu
2019 2201 2155 2264 eeclesia
2178 2209 2323 2288 tempore
2347 2202 2439 2266 istius

621 2305 870 2391 compositionis.

1476 2517 1583 2582 XXV.

1364 2697 1460 2778 1226,
1486 2697 1528 2758 31
1553 2699 1702 2761 ianuarii.

969 2874 1020 2938 Ex
1045 2875 1132 2939 arch.
1157 2873 1295 2960 Metrop.
1319 2874 1458 2957 bonon,
1483 2875 1515 2938 iu
1544 2899 1559 2931 ‹
1585 2875 1679 2940 Libro
1703 2877 1820 2940 Artena
1846 2903 1876 2960 2,
1901 2879 2025 2940 car.18
2051 2871 2094 2940 r.⁰

710 3055 875 3120 Honorius
899 3055 1078 3140 episcopus,
1104 3076 1216 3117 servus
1240 3075 1407 3116 seruorum
1432 3053 1503 3135 Dei,
1529 3053 1645 3118 dilecto
1669 3055 1735 3119 filio
1760 3059 1914 3140 magistro
1940 3057 2094 3121 severino
2119 3057 2319 3139 ariminensi,
2344 3079 2440 3121 cano·

621 3164 692 3227 nico
717 3163 862 3226 Bononia
886 3161 1107 3243 commoranti,
1131 3161 1269 3224 salutem
1293 3169 1325 3224 et
1349 3162 1559 3246 apostolieum
1585 3163 1849 3227 benedictionem.
2173 3221 2177 3229 .

709 3269 782 3334 Nou
796 3269 834 3333 (2)
858 3268 994 3332 facimus
1019 3269 1171 3352 injuriam
1194 3268 1372 3332 venerabili
1397 3267 1490 3332 sratri
1514 3275 1622 3332 nostro
1645 3269 1813 3353 [ilenrico]
1838 3271 1999 3358 Episcopo
2024 3280 2056 3336 ct
2079 3272 2204 3336 dilectis
2227 3272 2301 3335 filiis
2324 3273 2440 3335 Archi·

620 3377 799 3464 presbitero
816 3383 847 3439 et
865 3375 1014 3465 Capitulo
1032 3374 1230 3442 bononiensi.
1248 3374 1304 3438 sed
1322 3375 1427 3460 potius
1443 3375 1587 3439 Ecclesie
1605 3377 1747 3462 ipsorum
1764 3379 1970 3460 consulimus,
1986 3380 2014 3443 si
2034 3386 2236 3465 amputemus
2260 3380 2440 3461 materiam,

618 3507 681 3571 qua
705 3485 788 3548 iuter
813 3503 867 3546 eos
881 3484 949 3566 jam
967 3489 1072 3546 ortum
1089 3482 1255 3545 dissidium
1273 3483 1399 3564 dicitur,
1418 3483 1503 3568 quod
1525 3484 1655 3546 timetur
1673 3505 1788 3569 parere
1811 3485 2009 3567 scandalum,
2027 3485 2200 3570 dampnum
2219 3487 2278 3571 ipsi
2295 3485 2442 3550 Ecclesia

617 3615 681 3657 non
703 3592 863 3656 modicum
879 3591 1054 3653 illaturum.
1074 3589 1297 3653 Intelleximus
1314 3590 1482 3675 siqnidem,
1500 3591 1585 3675 quod
1603 3613 1675 3655 eum
1691 3590 1982 3656 Archidiacouatus
1999 3593 2144 3676 ejusdem
2161 3591 2305 3657 Ecclesie
2322 3615 2441 3657 uacare

617 3708 779 3780 noscatur,
797 3719 894 3783 super
910 3697 1067 3760 electione
1092 3697 1321 3760 Archidiaconi
1345 3719 1409 3760 uon
1433 3697 1558 3762 modica
1582 3699 1665 3761 inter
1688 3719 1743 3762 eoa
1760 3698 1915 3763 dissensio
1933 3707 1981 3763 est
1998 3709 2130 3762 exorta:
2149 3700 2260 3764 eodem
2278 3699 2442 3786 Episcopo

618 3814 792 3889 asserente,
810 3807 862 3869 vel
880 3805 920 3869 ad
944 3827 978 3868 se
1003 3813 1139 3888 tautum,
1157 3805 1208 3869 vel
1233 3805 1273 3868 ad
1298 3827 1331 3868 se
1357 3827 1429 3868 cum
1454 3805 1603 3890 Capitulo
1627 3806 1817 3870 electionem
1841 3814 1987 3892 spectare
2013 3807 2165 3893 predictis
2190 3857 2197 3870 .
2224 3857 2231 3871 .
2257 3857 2264 3871 .
2289 3816 2322 3872 et
2345 3808 2442 3871 dictis

617 3915 900 4002 Archiprcsbitaro
925 3921 956 3977 et
981 3913 1131 3999 Capitulo
1156 3914 1357 3978 econtrario
1385 3915 1638 4000 proponentibus
1664 3935 1736 3978 earn
1760 3915 1800 3978 ad
1826 3915 1911 4000 ipsos
1936 3915 2135 3980 solummodo
2160 3917 2331 4001 pertinere.
2356 3916 2444 3990 Quia

616 4046 694 4088 vero
718 4023 1010 4086 Archidiaconatus
1036 4022 1103 4106 ipse
1129 4022 1183 4084 din
1208 4022 1276 4085 siue
1302 4021 1493 4084 detrimento
1518 4022 1618 4107 ipsius
1642 4021 1786 4085 Ecclesie
1811 4043 1926 4085 vacare
1952 4044 2015 4086 uon
2033 4031 2138 4108 potest
2155 4031 2186 4086 et
2203 4045 2267 4087 uon
2291 4023 2443 4086 inmerito

618 4131 794 4212 dubitatur,
820 4151 859 4192 ne
885 4129 968 4192 inter
991 4151 1057 4210 eos,
1079 4129 1134 4214 qui
1159 4149 1351 4192 conservare
1377 4128 1495 4192 debent
1519 4129 1550 4191 in
1576 4129 1704 4192 vinculo
1727 4129 1817 4215 pacis
1841 4130 1972 4216 spiritus
1997 4131 2164 4212 unitatem,
2182 4139 2305 4193 crescat
2329 4130 2445 4213 hujus·

617 4239 704 4303 modi
728 4239 895 4302 occasione
920 4237 1096 4319 discordia,
1122 4257 1185 4321 qua
1209 4237 1311 4323 possit
1337 4236 1454 4299 caritas
1479 4236 1662 4318 uulnerari,
1687 4258 1745 4300 nos
1770 4259 1865 4323 super
1889 4237 1950 4301 hoc
1974 4260 2016 4300 ex
2040 4238 2139 4301 offitio
2165 4244 2273 4300 nostro
2297 4237 2445 4300 uolentes

619 4368 795 4431 congruam
820 4345 972 4408 adhibere
1006 4344 1182 4426 modelam,
1207 4344 1342 4428 dignum
1368 4344 1518 4407 duximus
1544 4343 1713 4428 providere
1737 4351 1772 4408 nt
1796 4344 1932 4408 dilectus
1959 4345 2044 4408 filius
2077 4345 2231 4429 magister
2255 4343 2445 4408 Tanoredus

618 4453 804 4518 eorumdem
830 4452 1084 4534 Concanonicus,
1102 4451 1269 4515 literarum
1295 4451 1431 4515 scientia
1455 4451 1600 4536 preditus
1624 4459 1655 4514 et
1680 4452 1822 4514 honestis
1847 4452 1988 4516 moribus
2013 4451 2198 4532 adornatus,
2216 4452 2249 4514 iu
2265 4451 2365 4537 ipsius
2381 4450 2446 4514 Ec·

618 4561 715 4625 olesie
739 4559 1014 4624 Archidiaconnrn
1039 4567 1239 4641 assumatur,
1265 4559 1381 4622 deinde
1407 4580 1464 4622 nos
1489 4557 1667 4644 Episcopo,
1692 4557 1972 4644 Archiprcsbitero
2004 4567 2036 4622 ct
2068 4558 2217 4644 Capitulo
2251 4558 2446 4644 supradictis

618 4669 736 4732 nostris
760 4668 874 4730 demus
899 4666 1000 4730 literis
1025 4666 1056 4730 in
1081 4666 1259 4751 preceptis,
1285 4673 1338 4748 ut,
1365 4664 1568 4728 attendentes
1599 4665 1684 4750 quod
1717 4686 1780 4728 non
1809 4665 1847 4729 de
1880 4667 1986 4730 alieno
2018 4666 2073 4730 scd
2107 4687 2164 4730 suo
2195 4666 2296 4729 multo
2328 4667 2447 4748 majori

617 4775 739 4840 bonore
764 4774 873 4858 digno,
898 4795 936 4836 eo
960 4774 1058 4836 etiam
1084 4794 1147 4835 non
1171 4781 1312 4858 petente,
1338 4772 1458 4836 dictum
1484 4771 1791 4835 Archidiaoonatum
1815 4772 2014 4858 providimus
2038 4773 2262 4855 ordinandum,
2282 4772 2447 4836 uoluntati

617 4891 724 4947 vestre
748 4887 898 4968 prompto
923 4881 1032 4945 animo
1058 4879 1280 4944 concurrendo
1304 4879 1407 4942 eidem
1432 4878 1741 4943 Archidiacouatum
1773 4881 1876 4965 ipsum
1908 4880 2086 4944 liberaliter
2117 4879 2286 4944 conferant
2309 4887 2341 4943 et
2364 4880 2447 4943 assi·

618 4998 736 5076 guent,
761 4997 793 5052 et
818 4989 879 5052 sibi
911 4988 994 5052 sicut
1018 4987 1260 5051 Archidiaoono
1285 4987 1317 5049 iu
1341 4986 1572 5071 temporalibus
1598 4993 1630 5050 et
1653 4986 1875 5072 spiritualibus
1899 4987 2084 5069 intendere,
2109 5008 2147 5051 aa
2171 4986 2210 5050 de
2234 4987 2465 5050 Archidiaco·'

618 5098 747 5164 nalibus
771 5096 980 5182 proventibus
1005 5094 1201 5180 respondero
1225 5103 1417 5180 procurent,
1443 5115 1507 5158 non
1534 5093 1736 5158 obstantibus
1761 5094 1882 5177 literis,
1908 5116 1970 5180 que
1994 5116 2013 5157 a
2038 5094 2121 5158 Sede
2144 5093 2334 5180 Apostolica
2357 5115 2448 5157 ema-

618 5210 746 5286 narunt,
764 5211 798 5266 ut
822 5202 982 5284 videlicet,
1000 5203 1027 5264 si
1051 5201 1343 5265 Arohidiaconatns
1369 5202 1447 5288 ipse,
1466 5223 1561 5286 quem
1585 5201 1824 5265 contuleramus
1840 5201 2019 5265 venerabili
2037 5201 2129 5264 fratri
2147 5209 2255 5264 nostro
2280 5203 2448 5286 parmensi

617 5311 779 5398 Episcopo
804 5319 879 5373 tnnc
904 5310 1074 5395 capellano
1099 5315 1219 5390 nostre,
1244 5315 1391 5390 uacaret,
1417 5307 1646 5372 Archidiaconi
1671 5308 1786 5372 electio
1811 5308 1850 5371 ad
1875 5307 2072 5395 Episcopum
2102 5317 2134 5373 et
2164 5308 2367 5394 Capitulum,
2392 5309 2448 5372 vel

618 5420 661 5483 ad
685 5440 797 5482 eornm
821 5418 970 5498 alterum,
993 5415 1135 5494 deberet,
1160 5422 1256 5500 prout
1279 5423 1440 5500 spectaret
1465 5415 1504 5478 dc
1526 5417 1610 5499 jure,
1628 5415 1766 5496 devolvi,
1785 5437 1868 5497 oum,
1886 5416 1968 5478 sicut
1992 5415 2112 5479 dictum
2136 5423 2307 5501 estsuper
2330 5414 2448 5478 cadem

618 5527 776 5591 electione
801 5526 884 5588 inter
908 5547 963 5588 eos
988 5524 1029 5586 ad
1054 5524 1191 5586 invicem
1215 5544 1279 5586 non
1303 5545 1405 5609 parua
1429 5523 1583 5586 suscitata
1608 5524 1648 5586 sit
1665 5523 1799 5586 materia
1818 5524 2013 5608 questionis3
2032 5545 2093 5608 que
2110 5545 2181 5587 cum
2199 5524 2260 5586 cito
2278 5523 2449 5586 terminari

618 5655 683 5698 non
707 5634 818 5720 possit,
837 5654 949 5696 eorum
969 5631 1117 5695 Ecclesia
1135 5631 1166 5694 in
1185 5632 1353 5694 uacatione
1370 5631 1662 5694 Archidiaconotus
1679 5631 1803 5694 diutina
1819 5631 1994 5716 dampnum
2011 5653 2074 5694 non
2092 5631 2252 5694 modicum
2269 5631 2449 5693 sustinetur

618 5750 750 5829 propter
774 5742 817 5824 id,
838 5740 923 5825 quod
948 5761 1048 5824 grave
1073 5739 1147 5802 inde
1172 5739 1337 5802 dissidium
1362 5761 1433 5802 cunr
1458 5737 1611 5802 scandalo
1635 5737 1835 5801 formidatur.
1853 5738 1903 5802 Ne
1921 5744 2029 5802 autem
2053 5737 2180 5801 causari
2197 5737 2354 5802 alterutra
2369 5759 2449 5822 par·

618 5851 699 5914 tium
722 5849 843 5930 valeat,
862 5847 947 5932 quod
972 5847 999 5910 si
1024 5845 1115 5909 nobis
1140 5867 1204 5908 non
1229 5845 1368 5927 obediat,
1386 5846 1418 5908 in
1444 5847 1504 5908 hac
1527 5851 1619 5930 parte
1644 5845 1675 5908 in
1700 5867 1758 5908 suo
1779 5846 1853 5929 jura
1876 5845 2014 5909 ledetur.
2031 5845 2190 5908 Volumus
2214 5853 2246 5908 et
2262 5845 2449 5926 statuimus,

618 5964 654 6020 nt
678 5956 802 6020 nullum
827 5961 958 6041 proptor
983 5955 1043 6017 hoc
1067 5954 1195 6038 utrique
1223 5953 1276 6015 sel
1302 5952 1451 6016 alterutri
1475 5951 1687 6038 prejudicium
1712 5952 1922 6038 imposterum
1945 5959 2127 6037 generetur.
2149 5951 2307 6025 Quocirca
2328 5950 2454 6015 discre-

618 6064 699 6128 tioni
722 6071 777 6126 tue
801 6084 859 6149 per
884 6061 1062 6148 apostolica
1086 6061 1205 6145 scripta
1239 6059 1446 6141 mandamus,
1473 6065 1631 6144 quatenus
1663 6059 1690 6121 si
1721 6058 1875 6144 sepedicti
1907 6058 2105 6145 Episcopus,
2129 6058 2390 6143 Archipresbiter
2415 6066 2451 6122 et

619 6171 805 6258 Capitulum
831 6169 1037 6254 neglexerint
1060 6167 1256 6252 adimplere,
1282 6174 1317 6229 tu
1338 6166 1647 6230 Arelridiaconatum
1671 6166 1776 6251 ipsum
1800 6165 1905 6230 eidem
1933 6166 2087 6250 magistro
2116 6165 2306 6230 auctoritate
2334 6172 2453 6229 nostra

699 6418 739 6482 (l)
760 6416 914 6468 Confinium
933 6415 1045 6467 nomina
1064 6415 1109 6466 hic
1130 6417 1156 6466 et
1177 6413 1291 6466 inferius
1311 6415 1508 6466 desiderantur.

699 6509 738 6572 (2)
759 6506 886 6575 Legitur:
907 6523 921 6554 a
941 6506 998 6557 Nos
1018 6522 1042 6557 ›.
