<?xml version="1.0" encoding="UTF-8"?>
<!DOCTYPE html PUBLIC "-//W3C//DTD XHTML 1.0 Transitional//EN"
    "http://www.w3.org/TR/xhtml1/DTD/xhtml1-transitional.dtd">
<html xmlns="http://www.w3.org/1999/xhtml" xml:lang="en" lang="en">
 <head>
  <title>
</title>
<meta http-equiv="Content-Type" content="text/html;charset=utf-8" />
  <meta name='ocr-system' content='tesseract 3.04.00' />
  <meta name='ocr-capabilities' content='ocr_page ocr_carea ocr_par ocr_line ocrx_word'/>
</head>
<body>
  <div class='ocr_page' id='page_1' title='image "./declarisarchigy01albigoog_0324.png"; bbox 0 0 5544 7750; ppageno 0'>
   <div class='ocr_carea' id='block_1_1' title="bbox 585 645 661 714">
    <p class='ocr_par' dir='ltr' id='par_1_1' title="bbox 585 645 661 714">
     <span class='ocr_line' id='line_1_1' title="bbox 585 645 661 714; baseline 0 0"><span class='ocrx_word' id='word_1_1' title='bbox 585 645 661 714; x_wconf 88' lang='grc'><strong>314</strong></span> 
     </span>
    </p>
   </div>
   <div class='ocr_carea' id='block_1_2' title="bbox 579 811 1469 4982">
    <p class='ocr_par' dir='ltr' id='par_1_2' title="bbox 583 811 1465 904">
     <span class='ocr_line' id='line_1_2' title="bbox 583 811 1465 904; baseline -0.007 -23"><span class='ocrx_word' id='word_1_2' title='bbox 583 817 670 904; x_wconf 89' lang='lat' dir='ltr'><strong>Mag.</strong></span> <span class='ocrx_word' id='word_1_3' title='bbox 695 816 834 881; x_wconf 90' lang='lat' dir='ltr'><strong>Michael</strong></span> <span class='ocrx_word' id='word_1_4' title='bbox 859 816 898 880; x_wconf 92' lang='grc'><strong>11</strong></span> <span class='ocrx_word' id='word_1_5' title='bbox 923 814 1076 901; x_wconf 82' lang='lat' dir='ltr'><strong>Champis</strong></span> <span class='ocrx_word' id='word_1_6' title='bbox 1100 813 1310 878; x_wconf 81' lang='lat' dir='ltr'><strong>scholasticus</strong></span> <span class='ocrx_word' id='word_1_7' title='bbox 1336 811 1465 876; x_wconf 75' lang='lat' dir='ltr'><strong>aiensis.</strong></span> 
     </span>
    </p>

    <p class='ocr_par' dir='ltr' id='par_1_3' title="bbox 583 922 965 1009">
     <span class='ocr_line' id='line_1_3' title="bbox 583 922 965 1009; baseline -0.005 -20"><span class='ocrx_word' id='word_1_8' title='bbox 583 924 671 1009; x_wconf 88' lang='lat' dir='ltr'><strong>Mag.</strong></span> <span class='ocrx_word' id='word_1_9' title='bbox 697 923 837 988; x_wconf 88' lang='lat' dir='ltr'><strong>Miehael</strong></span> <span class='ocrx_word' id='word_1_10' title='bbox 860 922 965 987; x_wconf 84' lang='lat' dir='ltr'><strong>Belet.</strong></span> 
     </span>
    </p>

    <p class='ocr_par' dir='ltr' id='par_1_4' title="bbox 582 1025 1430 1118">
     <span class='ocr_line' id='line_1_4' title="bbox 582 1025 1430 1118; baseline -0.006 -22"><span class='ocrx_word' id='word_1_11' title='bbox 582 1032 671 1118; x_wconf 88' lang='lat' dir='ltr'><strong>Mag.</strong></span> <span class='ocrx_word' id='word_1_12' title='bbox 694 1030 848 1096; x_wconf 86' lang='lat' dir='ltr'><strong>Nicolaus</strong></span> <span class='ocrx_word' id='word_1_13' title='bbox 871 1030 911 1093; x_wconf 94' lang='lat' dir='ltr'><strong>de</strong></span> <span class='ocrx_word' id='word_1_14' title='bbox 935 1029 1100 1110; x_wconf 83' lang='lat' dir='ltr'><strong>Castellio,</strong></span> <span class='ocrx_word' id='word_1_15' title='bbox 1124 1028 1233 1114; x_wconf 90' lang='lat' dir='ltr'><strong>legum</strong></span> <span class='ocrx_word' id='word_1_16' title='bbox 1256 1025 1430 1113; x_wconf 79' lang='lat' dir='ltr'><strong>professor.</strong></span> 
     </span>
    </p>

    <p class='ocr_par' dir='ltr' id='par_1_5' title="bbox 582 1135 1299 1224">
     <span class='ocr_line' id='line_1_5' title="bbox 582 1135 1299 1224; baseline -0.006 -22"><span class='ocrx_word' id='word_1_17' title='bbox 582 1139 670 1224; x_wconf 90' lang='lat' dir='ltr'><strong>Mag.</strong></span> <span class='ocrx_word' id='word_1_18' title='bbox 695 1137 789 1202; x_wconf 93' lang='lat' dir='ltr'><strong>Oddo</strong></span> <span class='ocrx_word' id='word_1_19' title='bbox 812 1137 1007 1222; x_wconf 84' lang='lat' dir='ltr'><strong>Bigatomon</strong></span> <span class='ocrx_word' id='word_1_20' title='bbox 1030 1135 1299 1220; x_wconf 84' lang='lat' dir='ltr'><strong>rothomagensis.</strong></span> 
     </span>
    </p>

    <p class='ocr_par' dir='ltr' id='par_1_6' title="bbox 583 1243 1061 1330">
     <span class='ocr_line' id='line_1_6' title="bbox 583 1243 1061 1330; baseline -0.008 -20"><span class='ocrx_word' id='word_1_21' title='bbox 583 1245 638 1310; x_wconf 86' lang='lat' dir='ltr'><strong>Fr.</strong></span> <span class='ocrx_word' id='word_1_22' title='bbox 662 1244 757 1310; x_wconf 94' lang='lat' dir='ltr'><strong>Oddo</strong></span> <span class='ocrx_word' id='word_1_23' title='bbox 781 1245 868 1330; x_wconf 92' lang='lat' dir='ltr'><strong>prior</strong></span> <span class='ocrx_word' id='word_1_24' title='bbox 892 1243 932 1307; x_wconf 90' lang='grc'><strong>11</strong></span> <span class='ocrx_word' id='word_1_25' title='bbox 957 1243 1061 1308; x_wconf 83' lang='lat' dir='ltr'><strong>Senis.</strong></span> 
     </span>
    </p>

    <p class='ocr_par' dir='ltr' id='par_1_7' title="bbox 582 1345 1467 1522">
     <span class='ocr_line' id='line_1_7' title="bbox 582 1345 1467 1438; baseline -0.007 -22"><span class='ocrx_word' id='word_1_26' title='bbox 582 1352 623 1416; x_wconf 93' lang='lat' dir='ltr'><strong>D.</strong></span> <span class='ocrx_word' id='word_1_27' title='bbox 649 1351 770 1438; x_wconf 90' lang='lat' dir='ltr'><strong>Opizus</strong></span> <span class='ocrx_word' id='word_1_28' title='bbox 794 1351 833 1414; x_wconf 92' lang='lat' dir='ltr'><strong>de</strong></span> <span class='ocrx_word' id='word_1_29' title='bbox 859 1349 1046 1434; x_wconf 83' lang='lat' dir='ltr'><strong>Catonibus,</strong></span> <span class='ocrx_word' id='word_1_30' title='bbox 1064 1349 1236 1414; x_wconf 87' lang='lat' dir='ltr'><strong>cononicus</strong></span> <span class='ocrx_word' id='word_1_31' title='bbox 1253 1347 1356 1411; x_wconf 87' lang='lat' dir='ltr'><strong>sancti</strong></span> <span class='ocrx_word' id='word_1_32' title='bbox 1381 1345 1467 1410; x_wconf 86' lang='lat' dir='ltr'><strong>Mar·</strong></span> 
     </span>
     <span class='ocr_line' id='line_1_8' title="bbox 690 1458 964 1522; baseline 0 0"><span class='ocrx_word' id='word_1_33' title='bbox 690 1459 750 1522; x_wconf 80' lang='grc'><strong>1111</strong></span> <span class='ocrx_word' id='word_1_34' title='bbox 773 1458 964 1522; x_wconf 84' lang='lat' dir='ltr'><strong>turonensis.</strong></span> 
     </span>
    </p>

    <p class='ocr_par' dir='ltr' id='par_1_8' title="bbox 583 1558 1456 1651">
     <span class='ocr_line' id='line_1_9' title="bbox 583 1558 1456 1651; baseline -0.008 -20"><span class='ocrx_word' id='word_1_35' title='bbox 583 1565 624 1631; x_wconf 99' lang='grc' dir='ltr'><strong>Ι)Ι</strong></span> <span class='ocrx_word' id='word_1_36' title='bbox 648 1566 771 1631; x_wconf 85' lang='grc' dir='ltr'><strong>Ρ11111</strong></span> <span class='ocrx_word' id='word_1_37' title='bbox 795 1586 894 1651; x_wconf 91' lang='lat' dir='ltr'><strong>nepos</strong></span> <span class='ocrx_word' id='word_1_38' title='bbox 918 1563 1039 1628; x_wconf 91' lang='lat' dir='ltr'><strong>domini</strong></span> <span class='ocrx_word' id='word_1_39' title='bbox 1063 1563 1206 1650; x_wconf 80' lang='lat' dir='ltr'>episcopi</span> <span class='ocrx_word' id='word_1_40' title='bbox 1229 1558 1456 1648; x_wconf 86' lang='lat' dir='ltr'><strong>vesprinensis.</strong></span> 
     </span>
    </p>

    <p class='ocr_par' dir='ltr' id='par_1_9' title="bbox 583 1670 1034 1758">
     <span class='ocr_line' id='line_1_10' title="bbox 583 1670 1034 1758; baseline -0.002 -21"><span class='ocrx_word' id='word_1_41' title='bbox 583 1673 671 1758; x_wconf 86' lang='lat' dir='ltr'><strong>Mag.</strong></span> <span class='ocrx_word' id='word_1_42' title='bbox 697 1673 814 1736; x_wconf 86' lang='lat' dir='ltr'><strong>Petrus</strong></span> <span class='ocrx_word' id='word_1_43' title='bbox 839 1672 878 1735; x_wconf 93' lang='grc'><strong>11</strong></span> <span class='ocrx_word' id='word_1_44' title='bbox 903 1670 1034 1757; x_wconf 82' lang='lat' dir='ltr'><strong>Apulia.</strong></span> 
     </span>
    </p>

    <p class='ocr_par' dir='ltr' id='par_1_10' title="bbox 583 1773 1467 1968">
     <span class='ocr_line' id='line_1_11' title="bbox 583 1773 1467 1866; baseline -0.008 -22"><span class='ocrx_word' id='word_1_45' title='bbox 583 1781 671 1866; x_wconf 91' lang='lat' dir='ltr'><strong>Mag.</strong></span> <span class='ocrx_word' id='word_1_46' title='bbox 695 1781 812 1845; x_wconf 82' lang='lat' dir='ltr'><strong>Petrus</strong></span> <span class='ocrx_word' id='word_1_47' title='bbox 836 1778 875 1843; x_wconf 89' lang='lat' dir='ltr'><strong>de</strong></span> <span class='ocrx_word' id='word_1_48' title='bbox 901 1776 1020 1864; x_wconf 80' lang='lat' dir='ltr'><strong>Schph.</strong></span> <span class='ocrx_word' id='word_1_49' title='bbox 1045 1783 1235 1864; x_wconf 77' lang='lat' dir='ltr'><strong>procurator</strong></span> <span class='ocrx_word' id='word_1_50' title='bbox 1265 1775 1387 1841; x_wconf 92' lang='lat' dir='ltr'><strong>domini</strong></span> <span class='ocrx_word' id='word_1_51' title='bbox 1417 1773 1467 1840; x_wconf 78' lang='lat' dir='ltr'><strong>si-</strong></span> 
     </span>
     <span class='ocr_line' id='line_1_12' title="bbox 690 1881 1425 1968; baseline -0.005 -18"><span class='ocrx_word' id='word_1_52' title='bbox 690 1888 803 1968; x_wconf 85' lang='lat' dir='ltr'><strong>monis,</strong></span> <span class='ocrx_word' id='word_1_53' title='bbox 821 1885 948 1950; x_wconf 83' lang='lat' dir='ltr'><strong>abbatis</strong></span> <span class='ocrx_word' id='word_1_54' title='bbox 965 1891 1074 1948; x_wconf 79' lang='grc'><strong>111111</strong></span> <span class='ocrx_word' id='word_1_55' title='bbox 1092 1884 1194 1948; x_wconf 88' lang='grc'><strong>111111</strong></span> <span class='ocrx_word' id='word_1_56' title='bbox 1211 1881 1425 1949; x_wconf 76' lang='lat' dir='ltr'><strong>eboracensis.</strong></span> 
     </span>
    </p>

    <p class='ocr_par' dir='ltr' id='par_1_11' title="bbox 583 1993 1015 2080">
     <span class='ocr_line' id='line_1_13' title="bbox 583 1993 1015 2080; baseline -0.009 -21"><span class='ocrx_word' id='word_1_57' title='bbox 583 1995 672 2080; x_wconf 90' lang='lat' dir='ltr'><strong>Mag.</strong></span> <span class='ocrx_word' id='word_1_58' title='bbox 696 1995 813 2059; x_wconf 82' lang='lat' dir='ltr'><strong>Petrus</strong></span> <span class='ocrx_word' id='word_1_59' title='bbox 838 1993 877 2057; x_wconf 93' lang='lat' dir='ltr'><strong>de</strong></span> <span class='ocrx_word' id='word_1_60' title='bbox 901 1993 1015 2056; x_wconf 89' lang='lat' dir='ltr'><strong>Prura.</strong></span> 
     </span>
    </p>

    <p class='ocr_par' dir='ltr' id='par_1_12' title="bbox 582 2099 1303 2186">
     <span class='ocr_line' id='line_1_14' title="bbox 582 2099 1303 2186; baseline -0.004 -19"><span class='ocrx_word' id='word_1_61' title='bbox 582 2103 624 2167; x_wconf 91' lang='lat' dir='ltr'><strong>D.</strong></span> <span class='ocrx_word' id='word_1_62' title='bbox 648 2103 765 2166; x_wconf 82' lang='lat' dir='ltr'><strong>Petrus</strong></span> <span class='ocrx_word' id='word_1_63' title='bbox 788 2100 934 2182; x_wconf 88' lang='lat' dir='ltr'><strong>Bodooii‚</strong></span> <span class='ocrx_word' id='word_1_64' title='bbox 958 2100 1046 2186; x_wconf 93' lang='lat' dir='ltr'><strong>prior</strong></span> <span class='ocrx_word' id='word_1_65' title='bbox 1069 2100 1108 2164; x_wconf 94' lang='lat' dir='ltr'><strong>de</strong></span> <span class='ocrx_word' id='word_1_66' title='bbox 1133 2099 1303 2164; x_wconf 84' lang='lat' dir='ltr'><strong>Aniciana.</strong></span> 
     </span>
    </p>

    <p class='ocr_par' dir='ltr' id='par_1_13' title="bbox 582 2205 1466 2290">
     <span class='ocr_line' id='line_1_15' title="bbox 582 2205 1466 2290; baseline -0.007 -16"><span class='ocrx_word' id='word_1_67' title='bbox 582 2209 623 2274; x_wconf 90' lang='lat' dir='ltr'><strong>D.</strong></span> <span class='ocrx_word' id='word_1_68' title='bbox 647 2209 765 2274; x_wconf 86' lang='lat' dir='ltr'><strong>Petrus</strong></span> <span class='ocrx_word' id='word_1_69' title='bbox 790 2207 829 2272; x_wconf 91' lang='lat' dir='ltr'><strong>de</strong></span> <span class='ocrx_word' id='word_1_70' title='bbox 855 2207 1017 2290; x_wconf 76' lang='lat' dir='ltr'><strong>Sermone,</strong></span> <span class='ocrx_word' id='word_1_71' title='bbox 1037 2207 1211 2271; x_wconf 88' lang='lat' dir='ltr'><strong>canonieus</strong></span> <span class='ocrx_word' id='word_1_72' title='bbox 1234 2205 1466 2270; x_wconf 78' lang='lat' dir='ltr'><strong>nemausensis.</strong></span> 
     </span>
    </p>

    <p class='ocr_par' dir='ltr' id='par_1_14' title="bbox 583 2313 1466 2401">
     <span class='ocr_line' id='line_1_16' title="bbox 583 2313 1466 2401; baseline -0.006 -19"><span class='ocrx_word' id='word_1_73' title='bbox 583 2318 623 2382; x_wconf 96' lang='lat' dir='ltr'><strong>D.</strong></span> <span class='ocrx_word' id='word_1_74' title='bbox 637 2317 754 2382; x_wconf 87' lang='lat' dir='ltr'><strong>Petrus</strong></span> <span class='ocrx_word' id='word_1_75' title='bbox 771 2317 810 2380; x_wconf 90' lang='lat' dir='ltr'><strong>de</strong></span> <span class='ocrx_word' id='word_1_76' title='bbox 824 2315 1030 2401; x_wconf 78' lang='lat' dir='ltr'><strong>Argentaria,</strong></span> <span class='ocrx_word' id='word_1_77' title='bbox 1044 2314 1128 2378; x_wconf 88' lang='lat' dir='ltr'><strong>filius</strong></span> <span class='ocrx_word' id='word_1_78' title='bbox 1145 2313 1266 2378; x_wconf 89' lang='lat' dir='ltr'><strong>domini</strong></span> <span class='ocrx_word' id='word_1_79' title='bbox 1281 2313 1466 2399; x_wconf 89' lang='lat' dir='ltr'><strong>Reginaldi.</strong></span> 
     </span>
    </p>

    <p class='ocr_par' dir='ltr' id='par_1_15' title="bbox 582 2421 1467 2617">
     <span class='ocr_line' id='line_1_17' title="bbox 582 2421 1467 2511; baseline -0.005 -23"><span class='ocrx_word' id='word_1_80' title='bbox 582 2425 664 2490; x_wconf 81' lang='lat' dir='ltr'><strong>Von.</strong></span> <span class='ocrx_word' id='word_1_81' title='bbox 687 2431 779 2511; x_wconf 77' lang='lat' dir='ltr'><strong>puter</strong></span> <span class='ocrx_word' id='word_1_82' title='bbox 802 2423 929 2505; x_wconf 88' lang='lat' dir='ltr'><strong>Petrus,</strong></span> <span class='ocrx_word' id='word_1_83' title='bbox 948 2423 1152 2487; x_wconf 88' lang='lat' dir='ltr'><strong>miseratione</strong></span> <span class='ocrx_word' id='word_1_84' title='bbox 1177 2421 1286 2486; x_wconf 80' lang='lat' dir='ltr'><strong>divina</strong></span> <span class='ocrx_word' id='word_1_85' title='bbox 1310 2421 1467 2507; x_wconf 88' lang='lat' dir='ltr'><strong>archicpi-</strong></span> 
     </span>
     <span class='ocr_line' id='line_1_18' title="bbox 688 2531 1017 2617; baseline -0.006 -21"><span class='ocrx_word' id='word_1_86' title='bbox 688 2553 804 2617; x_wconf 87' lang='lat' dir='ltr'><strong>scopus</strong></span> <span class='ocrx_word' id='word_1_87' title='bbox 829 2531 1017 2595; x_wconf 89' lang='lat' dir='ltr'><strong>corinthius.</strong></span> 
     </span>
    </p>

    <p class='ocr_par' dir='ltr' id='par_1_16' title="bbox 581 2636 1352 2720">
     <span class='ocr_line' id='line_1_19' title="bbox 581 2636 1352 2720; baseline -0.004 -17"><span class='ocrx_word' id='word_1_88' title='bbox 581 2640 623 2704; x_wconf 92' lang='lat' dir='ltr'><strong>D.</strong></span> <span class='ocrx_word' id='word_1_89' title='bbox 648 2639 766 2703; x_wconf 90' lang='lat' dir='ltr'><strong>Petrus</strong></span> <span class='ocrx_word' id='word_1_90' title='bbox 791 2638 973 2720; x_wconf 85' lang='lat' dir='ltr'><strong>Guarnerii,</strong></span> <span class='ocrx_word' id='word_1_91' title='bbox 998 2636 1133 2702; x_wconf 80' lang='lat' dir='ltr'><strong>sacrista</strong></span> <span class='ocrx_word' id='word_1_92' title='bbox 1156 2637 1352 2700; x_wconf 87' lang='lat' dir='ltr'><strong>lodunensis.</strong></span> 
     </span>
    </p>

    <p class='ocr_par' dir='ltr' id='par_1_17' title="bbox 581 2744 1177 2811">
     <span class='ocr_line' id='line_1_20' title="bbox 581 2744 1177 2811; baseline -0.005 0"><span class='ocrx_word' id='word_1_93' title='bbox 581 2746 623 2811; x_wconf 91' lang='lat' dir='ltr'><strong>D.</strong></span> <span class='ocrx_word' id='word_1_94' title='bbox 648 2747 766 2810; x_wconf 82' lang='lat' dir='ltr'><strong>Petrus</strong></span> <span class='ocrx_word' id='word_1_95' title='bbox 790 2745 933 2809; x_wconf 89' lang='lat' dir='ltr'><strong>Blancus</strong></span> <span class='ocrx_word' id='word_1_96' title='bbox 957 2745 996 2808; x_wconf 90' lang='lat' dir='ltr'><strong>de</strong></span> <span class='ocrx_word' id='word_1_97' title='bbox 1020 2744 1177 2809; x_wconf 79' lang='lat' dir='ltr'><strong>Laronia.</strong></span> 
     </span>
    </p>

    <p class='ocr_par' dir='ltr' id='par_1_18' title="bbox 581 2851 1293 2919">
     <span class='ocr_line' id='line_1_21' title="bbox 581 2851 1293 2919; baseline -0.007 0"><span class='ocrx_word' id='word_1_98' title='bbox 581 2854 623 2918; x_wconf 94' lang='lat' dir='ltr'><strong>D.</strong></span> <span class='ocrx_word' id='word_1_99' title='bbox 648 2855 765 2919; x_wconf 82' lang='lat' dir='ltr'><strong>Petrus</strong></span> <span class='ocrx_word' id='word_1_100' title='bbox 790 2851 917 2918; x_wconf 87' lang='lat' dir='ltr'><strong>Onofrii</strong></span> <span class='ocrx_word' id='word_1_101' title='bbox 941 2852 1025 2916; x_wconf 87' lang='lat' dir='ltr'><strong>filius</strong></span> <span class='ocrx_word' id='word_1_102' title='bbox 1050 2851 1170 2916; x_wconf 86' lang='lat' dir='ltr'><strong>domiui</strong></span> <span class='ocrx_word' id='word_1_103' title='bbox 1192 2851 1293 2915; x_wconf 80' lang='lat' dir='ltr'><strong>Petri.</strong></span> 
     </span>
    </p>

    <p class='ocr_par' dir='ltr' id='par_1_19' title="bbox 581 2959 1468 3132">
     <span class='ocr_line' id='line_1_22' title="bbox 581 2959 1468 3048; baseline -0.006 -21"><span class='ocrx_word' id='word_1_104' title='bbox 581 2962 670 3048; x_wconf 89' lang='lat' dir='ltr'><strong>Mag.</strong></span> <span class='ocrx_word' id='word_1_105' title='bbox 687 2961 858 3046; x_wconf 89' lang='lat' dir='ltr'><strong>Philippus</strong></span> <span class='ocrx_word' id='word_1_106' title='bbox 883 2960 922 3024; x_wconf 89' lang='lat' dir='ltr'><strong>de</strong></span> <span class='ocrx_word' id='word_1_107' title='bbox 947 2960 1110 3024; x_wconf 87' lang='lat' dir='ltr'><strong>Plessiaco</strong></span> <span class='ocrx_word' id='word_1_108' title='bbox 1130 2959 1215 3022; x_wconf 85' lang='lat' dir='ltr'><strong>lilius</strong></span> <span class='ocrx_word' id='word_1_109' title='bbox 1232 2959 1353 3022; x_wconf 90' lang='lat' dir='ltr'><strong>domini</strong></span> <span class='ocrx_word' id='word_1_110' title='bbox 1368 2959 1468 3044; x_wconf 89' lang='lat' dir='ltr'><strong>Regi·</strong></span> 
     </span>
     <span class='ocr_line' id='line_1_23' title="bbox 690 3068 793 3132; baseline -0.01 0"><span class='ocrx_word' id='word_1_111' title='bbox 690 3068 793 3132; x_wconf 89' lang='lat' dir='ltr'><strong>nardi.</strong></span> 
     </span>
    </p>

    <p class='ocr_par' dir='ltr' id='par_1_20' title="bbox 582 3174 1469 3346">
     <span class='ocr_line' id='line_1_24' title="bbox 582 3174 1469 3262; baseline -0.006 -19"><span class='ocrx_word' id='word_1_112' title='bbox 582 3177 623 3243; x_wconf 98' lang='grc' dir='ltr'><strong>Ι).</strong></span> <span class='ocrx_word' id='word_1_113' title='bbox 641 3176 813 3262; x_wconf 90' lang='lat' dir='ltr'><strong>Philippus</strong></span> <span class='ocrx_word' id='word_1_114' title='bbox 830 3174 869 3238; x_wconf 89' lang='lat' dir='ltr'><strong>de</strong></span> <span class='ocrx_word' id='word_1_115' title='bbox 893 3175 1040 3256; x_wconf 85' lang='lat' dir='ltr'><strong>Paxano,</strong></span> <span class='ocrx_word' id='word_1_116' title='bbox 1058 3175 1231 3240; x_wconf 87' lang='lat' dir='ltr'><strong>canonicus</strong></span> <span class='ocrx_word' id='word_1_117' title='bbox 1254 3174 1388 3239; x_wconf 91' lang='lat' dir='ltr'><strong>eeoiesie</strong></span> <span class='ocrx_word' id='word_1_118' title='bbox 1414 3195 1469 3238; x_wconf 89' lang='lat' dir='ltr'><strong>an·</strong></span> 
     </span>
     <span class='ocr_line' id='line_1_25' title="bbox 691 3283 881 3346; baseline -0.011 0"><span class='ocrx_word' id='word_1_119' title='bbox 691 3283 881 3346; x_wconf 87' lang='lat' dir='ltr'><strong>teradcnsis.</strong></span> 
     </span>
    </p>

    <p class='ocr_par' dir='ltr' id='par_1_21' title="bbox 581 3388 1468 3563">
     <span class='ocr_line' id='line_1_26' title="bbox 581 3388 1468 3477; baseline -0.002 -21"><span class='ocrx_word' id='word_1_120' title='bbox 581 3392 622 3456; x_wconf 93' lang='lat' dir='ltr'><strong>D.</strong></span> <span class='ocrx_word' id='word_1_121' title='bbox 647 3391 818 3477; x_wconf 91' lang='lat' dir='ltr'><strong>Philippus</strong></span> <span class='ocrx_word' id='word_1_122' title='bbox 842 3388 881 3452; x_wconf 95' lang='lat' dir='ltr'><strong>de</strong></span> <span class='ocrx_word' id='word_1_123' title='bbox 906 3388 1176 3472; x_wconf 68' lang='lat' dir='ltr'><strong>vicecomitibus,</strong></span> <span class='ocrx_word' id='word_1_124' title='bbox 1201 3390 1374 3454; x_wconf 86' lang='lat' dir='ltr'><strong>eanonicus</strong></span> <span class='ocrx_word' id='word_1_125' title='bbox 1397 3390 1468 3476; x_wconf 91' lang='lat' dir='ltr'><strong>pla·</strong></span> 
     </span>
     <span class='ocr_line' id='line_1_27' title="bbox 692 3499 849 3563; baseline -0.019 0"><span class='ocrx_word' id='word_1_126' title='bbox 692 3499 849 3563; x_wconf 87' lang='lat' dir='ltr'><strong>centinus.</strong></span> 
     </span>
    </p>

    <p class='ocr_par' dir='ltr' id='par_1_22' title="bbox 581 3603 1232 3691">
     <span class='ocr_line' id='line_1_28' title="bbox 581 3603 1232 3691; baseline -0.003 -21"><span class='ocrx_word' id='word_1_127' title='bbox 581 3607 669 3691; x_wconf 83' lang='lat' dir='ltr'><strong>Mag.</strong></span> <span class='ocrx_word' id='word_1_128' title='bbox 693 3606 831 3670; x_wconf 83' lang='lat' dir='ltr'><strong>Pontius</strong></span> <span class='ocrx_word' id='word_1_129' title='bbox 856 3603 1016 3668; x_wconf 84' lang='lat' dir='ltr'><strong>Armanni</strong></span> <span class='ocrx_word' id='word_1_130' title='bbox 1040 3603 1080 3666; x_wconf 91' lang='lat' dir='ltr'><strong>de</strong></span> <span class='ocrx_word' id='word_1_131' title='bbox 1104 3603 1232 3668; x_wconf 82' lang='lat' dir='ltr'><strong>Tolosa.</strong></span> 
     </span>
    </p>

    <p class='ocr_par' dir='ltr' id='par_1_23' title="bbox 581 3709 1466 3798">
     <span class='ocr_line' id='line_1_29' title="bbox 581 3709 1466 3798; baseline -0.006 -19"><span class='ocrx_word' id='word_1_132' title='bbox 581 3713 623 3779; x_wconf 95' lang='grc' dir='ltr'><strong>Ι).</strong></span> <span class='ocrx_word' id='word_1_133' title='bbox 648 3711 862 3798; x_wconf 84' lang='lat' dir='ltr'><strong>Raymundus</strong></span> <span class='ocrx_word' id='word_1_134' title='bbox 885 3709 1024 3792; x_wconf 84' lang='lat' dir='ltr'><strong>Allredi,</strong></span> <span class='ocrx_word' id='word_1_135' title='bbox 1046 3711 1218 3774; x_wconf 88' lang='lat' dir='ltr'><strong>canonicus</strong></span> <span class='ocrx_word' id='word_1_136' title='bbox 1242 3710 1466 3775; x_wconf 83' lang='lat' dir='ltr'><strong>belluacensis.</strong></span> 
     </span>
    </p>

    <p class='ocr_par' dir='ltr' id='par_1_24' title="bbox 581 3817 1467 3992">
     <span class='ocr_line' id='line_1_30' title="bbox 581 3817 1467 3906; baseline -0.003 -21"><span class='ocrx_word' id='word_1_137' title='bbox 581 3821 623 3885; x_wconf 95' lang='lat' dir='ltr'><strong>D.</strong></span> <span class='ocrx_word' id='word_1_138' title='bbox 648 3820 861 3906; x_wconf 80' lang='lat' dir='ltr'><strong>Raymundus</strong></span> <span class='ocrx_word' id='word_1_139' title='bbox 885 3818 925 3882; x_wconf 93' lang='lat' dir='ltr'><strong>de</strong></span> <span class='ocrx_word' id='word_1_140' title='bbox 949 3817 1173 3900; x_wconf 84' lang='lat' dir='ltr'><strong>Columberiis‚</strong></span> <span class='ocrx_word' id='word_1_141' title='bbox 1191 3818 1363 3882; x_wconf 88' lang='lat' dir='ltr'><strong>canonicus</strong></span> <span class='ocrx_word' id='word_1_142' title='bbox 1386 3817 1467 3882; x_wconf 83' lang='lat' dir='ltr'><strong>bite·</strong></span> 
     </span>
     <span class='ocr_line' id='line_1_31' title="bbox 690 3928 803 3992; baseline -0.027 0"><span class='ocrx_word' id='word_1_143' title='bbox 690 3928 803 3992; x_wconf 84' lang='lat' dir='ltr'><strong>reneis.</strong></span> 
     </span>
    </p>

    <p class='ocr_par' dir='ltr' id='par_1_25' title="bbox 581 4030 1422 4122">
     <span class='ocr_line' id='line_1_32' title="bbox 581 4030 1422 4122; baseline -0.006 -21"><span class='ocrx_word' id='word_1_144' title='bbox 581 4036 622 4101; x_wconf 93' lang='lat' dir='ltr'><strong>D.</strong></span> <span class='ocrx_word' id='word_1_145' title='bbox 646 4035 861 4122; x_wconf 84' lang='lat' dir='ltr'><strong>Raymundus</strong></span> <span class='ocrx_word' id='word_1_146' title='bbox 887 4033 1016 4115; x_wconf 81' lang='lat' dir='ltr'><strong>Albani,</strong></span> <span class='ocrx_word' id='word_1_147' title='bbox 1042 4032 1130 4119; x_wconf 88' lang='lat' dir='ltr'><strong>prior</strong></span> <span class='ocrx_word' id='word_1_148' title='bbox 1154 4030 1260 4096; x_wconf 70' lang='lat' dir='ltr'><strong>Casiri</strong></span> <span class='ocrx_word' id='word_1_149' title='bbox 1283 4030 1422 4096; x_wconf 78' lang='lat' dir='ltr'><strong>Veteris.</strong></span> 
     </span>
    </p>

    <p class='ocr_par' dir='ltr' id='par_1_26' title="bbox 580 4138 1468 4336">
     <span class='ocr_line' id='line_1_33' title="bbox 580 4138 1468 4229; baseline -0.007 -20"><span class='ocrx_word' id='word_1_150' title='bbox 580 4143 622 4209; x_wconf 92' lang='lat' dir='ltr'><strong>D.</strong></span> <span class='ocrx_word' id='word_1_151' title='bbox 659 4141 874 4229; x_wconf 88' lang='lat' dir='ltr'><strong>Raymundus</strong></span> <span class='ocrx_word' id='word_1_152' title='bbox 909 4140 1086 4223; x_wconf 77' lang='lat' dir='ltr'><strong>Alfredus,</strong></span> <span class='ocrx_word' id='word_1_153' title='bbox 1122 4138 1309 4225; x_wconf 79' lang='lat' dir='ltr'><strong>capellanus</strong></span> <span class='ocrx_word' id='word_1_154' title='bbox 1348 4138 1468 4203; x_wconf 90' lang='lat' dir='ltr'><strong>domiui</strong></span> 
     </span>
     <span class='ocr_line' id='line_1_34' title="bbox 689 4251 791 4336; baseline -0.02 -20"><span class='ocrx_word' id='word_1_155' title='bbox 689 4251 791 4336; x_wconf 84' lang='lat' dir='ltr'><strong>Papo.</strong></span> 
     </span>
    </p>

    <p class='ocr_par' dir='ltr' id='par_1_27' title="bbox 580 4352 1467 4530">
     <span class='ocr_line' id='line_1_35' title="bbox 580 4352 1467 4444; baseline -0.006 -22"><span class='ocrx_word' id='word_1_156' title='bbox 580 4358 622 4424; x_wconf 95' lang='lat' dir='ltr'><strong>D.</strong></span> <span class='ocrx_word' id='word_1_157' title='bbox 647 4356 862 4444; x_wconf 77' lang='lat' dir='ltr'><strong>Raymundus</strong></span> <span class='ocrx_word' id='word_1_158' title='bbox 887 4355 927 4418; x_wconf 90' lang='lat' dir='ltr'><strong>de</strong></span> <span class='ocrx_word' id='word_1_159' title='bbox 950 4352 1136 4437; x_wconf 87' lang='lat' dir='ltr'><strong>Parbando,</strong></span> <span class='ocrx_word' id='word_1_160' title='bbox 1161 4353 1296 4417; x_wconf 85' lang='lat' dir='ltr'><strong>sacrista</strong></span> <span class='ocrx_word' id='word_1_161' title='bbox 1324 4353 1467 4438; x_wconf 87' lang='lat' dir='ltr'><strong>magalo·</strong></span> 
     </span>
     <span class='ocr_line' id='line_1_36' title="bbox 691 4466 810 4530; baseline -0.017 0"><span class='ocrx_word' id='word_1_162' title='bbox 691 4466 810 4530; x_wconf 88' lang='lat' dir='ltr'><strong>nensis.</strong></span> 
     </span>
    </p>

    <p class='ocr_par' dir='ltr' id='par_1_28' title="bbox 580 4570 1128 4659">
     <span class='ocr_line' id='line_1_37' title="bbox 580 4570 1128 4659; baseline -0.007 -21"><span class='ocrx_word' id='word_1_163' title='bbox 580 4572 669 4659; x_wconf 91' lang='lat' dir='ltr'><strong>Mag.</strong></span> <span class='ocrx_word' id='word_1_164' title='bbox 694 4571 885 4659; x_wconf 85' lang='lat' dir='ltr'><strong>Raynaldus</strong></span> <span class='ocrx_word' id='word_1_165' title='bbox 909 4571 949 4636; x_wconf 90' lang='lat' dir='ltr'><strong>de</strong></span> <span class='ocrx_word' id='word_1_166' title='bbox 974 4570 1128 4634; x_wconf 83' lang='lat' dir='ltr'><strong>Molanto.</strong></span> 
     </span>
    </p>

    <p class='ocr_par' dir='ltr' id='par_1_29' title="bbox 579 4676 1397 4766">
     <span class='ocr_line' id='line_1_38' title="bbox 579 4676 1397 4766; baseline -0.009 -20"><span class='ocrx_word' id='word_1_167' title='bbox 579 4680 621 4746; x_wconf 93' lang='grc' dir='ltr'><strong>Ι).</strong></span> <span class='ocrx_word' id='word_1_168' title='bbox 646 4681 830 4766; x_wconf 84' lang='lat' dir='ltr'><strong>Rayuerius</strong></span> <span class='ocrx_word' id='word_1_169' title='bbox 854 4680 894 4743; x_wconf 89' lang='lat' dir='ltr'><strong>de</strong></span> <span class='ocrx_word' id='word_1_170' title='bbox 919 4678 1023 4759; x_wconf 86' lang='lat' dir='ltr'><strong>Senis,</strong></span> <span class='ocrx_word' id='word_1_171' title='bbox 1048 4676 1160 4742; x_wconf 86' lang='lat' dir='ltr'><strong>doctor</strong></span> <span class='ocrx_word' id='word_1_172' title='bbox 1184 4676 1397 4741; x_wconf 85' lang='lat' dir='ltr'><strong>decretorum.</strong></span> 
     </span>
    </p>

    <p class='ocr_par' dir='ltr' id='par_1_30' title="bbox 580 4783 1467 4874">
     <span class='ocr_line' id='line_1_39' title="bbox 580 4783 1467 4874; baseline -0.006 -21"><span class='ocrx_word' id='word_1_173' title='bbox 580 4789 669 4874; x_wconf 92' lang='lat' dir='ltr'><strong>Mag.</strong></span> <span class='ocrx_word' id='word_1_174' title='bbox 695 4787 866 4869; x_wconf 86' lang='lat' dir='ltr'><strong>Rodulfus,</strong></span> <span class='ocrx_word' id='word_1_175' title='bbox 884 4793 990 4850; x_wconf 81' lang='lat' dir='ltr'><strong>rector</strong></span> <span class='ocrx_word' id='word_1_176' title='bbox 1013 4785 1147 4850; x_wconf 89' lang='lat' dir='ltr'><strong>ecclesie</strong></span> <span class='ocrx_word' id='word_1_177' title='bbox 1171 4784 1210 4848; x_wconf 93' lang='grc'><strong>11</strong></span> <span class='ocrx_word' id='word_1_178' title='bbox 1235 4783 1320 4848; x_wconf 88' lang='lat' dir='ltr'><strong>valle</strong></span> <span class='ocrx_word' id='word_1_179' title='bbox 1343 4783 1467 4868; x_wconf 88' lang='lat' dir='ltr'><strong>Ligiar.</strong></span> 
     </span>
    </p>

    <p class='ocr_par' dir='ltr' id='par_1_31' title="bbox 581 4892 1136 4982">
     <span class='ocr_line' id='line_1_40' title="bbox 581 4892 1136 4982; baseline -0.007 -22"><span class='ocrx_word' id='word_1_180' title='bbox 581 4895 670 4982; x_wconf 86' lang='lat' dir='ltr'><strong>Mag.</strong></span> <span class='ocrx_word' id='word_1_181' title='bbox 694 4893 897 4980; x_wconf 87' lang='lat' dir='ltr'><strong>Reginaldus</strong></span> <span class='ocrx_word' id='word_1_182' title='bbox 922 4893 962 4957; x_wconf 92' lang='lat' dir='ltr'><strong>de</strong></span> <span class='ocrx_word' id='word_1_183' title='bbox 985 4892 1136 4958; x_wconf 85' lang='lat' dir='ltr'><strong>Murleto.</strong></span> 
     </span>
    </p>
   </div>
   <div class='ocr_carea' id='block_1_3' title="bbox 1276 654 1724 710">
    <p class='ocr_par' dir='ltr' id='par_1_32' title="bbox 1276 654 1724 710">
     <span class='ocr_line' id='line_1_41' title="bbox 1276 654 1724 710; baseline -0.011 -1"><span class='ocrx_word' id='word_1_184' title='bbox 1276 656 1490 710; x_wconf 76' lang='lat' dir='ltr'><strong>SGHOLARMS</strong></span> <span class='ocrx_word' id='word_1_185' title='bbox 1520 654 1724 706; x_wconf 78' lang='lat' dir='ltr'><strong>Inuusruns</strong></span> 
     </span>
    </p>
   </div>
   <div class='ocr_carea' id='block_1_4' title="bbox 1529 806 2415 2053">
    <p class='ocr_par' dir='ltr' id='par_1_33' title="bbox 1530 806 2413 980">
     <span class='ocr_line' id='line_1_42' title="bbox 1530 806 2413 894; baseline -0.002 -20"><span class='ocrx_word' id='word_1_186' title='bbox 1530 809 1573 874; x_wconf 91' lang='lat' dir='ltr'><strong>D.</strong></span> <span class='ocrx_word' id='word_1_187' title='bbox 1595 807 1763 873; x_wconf 89' lang='lat' dir='ltr'><strong>Rolandus</strong></span> <span class='ocrx_word' id='word_1_188' title='bbox 1787 807 1920 894; x_wconf 89' lang='lat' dir='ltr'><strong>Luperii</strong></span> <span class='ocrx_word' id='word_1_189' title='bbox 1944 807 1984 871; x_wconf 90' lang='lat' dir='ltr'><strong>de</strong></span> <span class='ocrx_word' id='word_1_190' title='bbox 2006 806 2137 890; x_wconf 86' lang='lat' dir='ltr'><strong>Parma,</strong></span> <span class='ocrx_word' id='word_1_191' title='bbox 2155 807 2327 872; x_wconf 87' lang='lat' dir='ltr'><strong>canonicus</strong></span> <span class='ocrx_word' id='word_1_192' title='bbox 2347 828 2413 872; x_wconf 92' lang='lat' dir='ltr'><strong>mo·</strong></span> 
     </span>
     <span class='ocr_line' id='line_1_43' title="bbox 1638 915 1785 980; baseline 0.007 -1"><span class='ocrx_word' id='word_1_193' title='bbox 1638 915 1785 980; x_wconf 86' lang='lat' dir='ltr'><strong>rivensis.</strong></span> 
     </span>
    </p>

    <p class='ocr_par' dir='ltr' id='par_1_34' title="bbox 1530 1021 1991 1107">
     <span class='ocr_line' id='line_1_44' title="bbox 1530 1021 1991 1107; baseline -0.004 -19"><span class='ocrx_word' id='word_1_194' title='bbox 1530 1021 1572 1088; x_wconf 89' lang='lat' dir='ltr'><strong>D.</strong></span> <span class='ocrx_word' id='word_1_195' title='bbox 1596 1022 1783 1107; x_wconf 86' lang='lat' dir='ltr'><strong>Rostaguus</strong></span> <span class='ocrx_word' id='word_1_196' title='bbox 1807 1021 1847 1086; x_wconf 94' lang='lat' dir='ltr'><strong>do</strong></span> <span class='ocrx_word' id='word_1_197' title='bbox 1870 1021 1991 1086; x_wconf 81' lang='lat' dir='ltr'><strong>Nortia.</strong></span> 
     </span>
    </p>

    <p class='ocr_par' dir='ltr' id='par_1_35' title="bbox 1529 1129 2415 1302">
     <span class='ocr_line' id='line_1_45' title="bbox 1529 1129 2415 1216; baseline -0.005 -21"><span class='ocrx_word' id='word_1_198' title='bbox 1529 1129 1571 1195; x_wconf 96' lang='grc' dir='ltr'><strong>Ι).</strong></span> <span class='ocrx_word' id='word_1_199' title='bbox 1595 1130 1793 1194; x_wconf 81' lang='lat' dir='ltr'><strong>Thedericus</strong></span> <span class='ocrx_word' id='word_1_200' title='bbox 1818 1129 1857 1194; x_wconf 94' lang='lat' dir='ltr'><strong>de</strong></span> <span class='ocrx_word' id='word_1_201' title='bbox 1879 1129 2415 1216; x_wconf 62' lang='grc' dir='ltr'><strong>0111ρί31111,11111111111111-</strong></span> 
     </span>
     <span class='ocr_line' id='line_1_46' title="bbox 1638 1238 1752 1302; baseline 0 0"><span class='ocrx_word' id='word_1_202' title='bbox 1638 1238 1752 1302; x_wconf 85' lang='lat' dir='ltr'><strong>nensis.</strong></span> 
     </span>
    </p>

    <p class='ocr_par' dir='ltr' id='par_1_36' title="bbox 1530 1343 2262 1411">
     <span class='ocr_line' id='line_1_47' title="bbox 1530 1343 2262 1411; baseline -0.003 -1"><span class='ocrx_word' id='word_1_203' title='bbox 1530 1346 1572 1411; x_wconf 88' lang='lat' dir='ltr'><strong>D.</strong></span> <span class='ocrx_word' id='word_1_204' title='bbox 1596 1345 1773 1410; x_wconf 84' lang='lat' dir='ltr'><strong>Ubertinus</strong></span> <span class='ocrx_word' id='word_1_205' title='bbox 1797 1344 1881 1408; x_wconf 91' lang='lat' dir='ltr'><strong>filius</strong></span> <span class='ocrx_word' id='word_1_206' title='bbox 1903 1344 2023 1409; x_wconf 72' lang='lat' dir='ltr'><strong>Venari</strong></span> <span class='ocrx_word' id='word_1_207' title='bbox 2047 1343 2087 1409; x_wconf 90' lang='lat' dir='ltr'><strong>de</strong></span> <span class='ocrx_word' id='word_1_208' title='bbox 2111 1343 2262 1410; x_wconf 79' lang='lat' dir='ltr'><strong>Cortona.</strong></span> 
     </span>
    </p>

    <p class='ocr_par' dir='ltr' id='par_1_37' title="bbox 1531 1451 2414 1624">
     <span class='ocr_line' id='line_1_48' title="bbox 1531 1451 2414 1536; baseline -0.003 -18"><span class='ocrx_word' id='word_1_209' title='bbox 1531 1451 1573 1518; x_wconf 91' lang='lat' dir='ltr'><strong>D.</strong></span> <span class='ocrx_word' id='word_1_210' title='bbox 1598 1453 1727 1518; x_wconf 91' lang='lat' dir='ltr'><strong>Uiricus</strong></span> <span class='ocrx_word' id='word_1_211' title='bbox 1751 1453 1835 1516; x_wconf 86' lang='lat' dir='ltr'><strong>filius</strong></span> <span class='ocrx_word' id='word_1_212' title='bbox 1864 1451 1986 1516; x_wconf 90' lang='lat' dir='ltr'><strong>domini</strong></span> <span class='ocrx_word' id='word_1_213' title='bbox 2015 1451 2137 1536; x_wconf 88' lang='lat' dir='ltr'><strong>Ulrioi,</strong></span> <span class='ocrx_word' id='word_1_214' title='bbox 2161 1451 2317 1517; x_wconf 89' lang='lat' dir='ltr'><strong>curiensis</strong></span> <span class='ocrx_word' id='word_1_215' title='bbox 2346 1451 2414 1515; x_wconf 92' lang='lat' dir='ltr'><strong>dio·</strong></span> 
     </span>
     <span class='ocr_line' id='line_1_49' title="bbox 1638 1559 1730 1624; baseline 0 0"><span class='ocrx_word' id='word_1_216' title='bbox 1638 1559 1730 1624; x_wconf 89' lang='lat' dir='ltr'><strong>cesis.</strong></span> 
     </span>
    </p>

    <p class='ocr_par' dir='ltr' id='par_1_38' title="bbox 1531 1665 2415 2053">
     <span class='ocr_line' id='line_1_50' title="bbox 1531 1665 2415 1754; baseline -0.005 -21"><span class='ocrx_word' id='word_1_217' title='bbox 1531 1666 1620 1754; x_wconf 86' lang='lat' dir='ltr'><strong>Mag.</strong></span> <span class='ocrx_word' id='word_1_218' title='bbox 1645 1667 1830 1731; x_wconf 82' lang='lat' dir='ltr'><strong>Wilielmus</strong></span> <span class='ocrx_word' id='word_1_219' title='bbox 1854 1667 1894 1731; x_wconf 90' lang='lat' dir='ltr'><strong>de</strong></span> <span class='ocrx_word' id='word_1_220' title='bbox 1917 1665 2047 1731; x_wconf 82' lang='lat' dir='ltr'><strong>Pathon</strong></span> <span class='ocrx_word' id='word_1_221' title='bbox 2075 1674 2263 1754; x_wconf 82' lang='lat' dir='ltr'><strong>procurator</strong></span> <span class='ocrx_word' id='word_1_222' title='bbox 2294 1665 2415 1732; x_wconf 91' lang='lat' dir='ltr'><strong>domini</strong></span> 
     </span>
     <span class='ocr_line' id='line_1_51' title="bbox 1638 1773 2413 1861; baseline 0.001 -24"><span class='ocrx_word' id='word_1_223' title='bbox 1638 1773 1797 1838; x_wconf 88' lang='lat' dir='ltr'><strong>Wilielmi</strong></span> <span class='ocrx_word' id='word_1_224' title='bbox 1813 1775 1928 1861; x_wconf 90' lang='lat' dir='ltr'><strong>prioris</strong></span> <span class='ocrx_word' id='word_1_225' title='bbox 1942 1781 1974 1838; x_wconf 81' lang='grc'><strong>11</strong></span> <span class='ocrx_word' id='word_1_226' title='bbox 1987 1781 2163 1839; x_wconf 80' lang='lat' dir='ltr'><strong>conventus</strong></span> <span class='ocrx_word' id='word_1_227' title='bbox 2175 1774 2215 1838; x_wconf 92' lang='lat' dir='ltr'><strong>de</strong></span> <span class='ocrx_word' id='word_1_228' title='bbox 2227 1773 2413 1856; x_wconf 87' lang='lat' dir='ltr'><strong>Karohelm,</strong></span> 
     </span>
     <span class='ocr_line' id='line_1_52' title="bbox 1639 1881 2414 1968; baseline 0 -22"><span class='ocrx_word' id='word_1_229' title='bbox 1639 1881 1769 1946; x_wconf 89' lang='lat' dir='ltr'><strong>Ordinis</strong></span> <span class='ocrx_word' id='word_1_230' title='bbox 1785 1883 1887 1946; x_wconf 83' lang='lat' dir='ltr'><strong>sancti</strong></span> <span class='ocrx_word' id='word_1_231' title='bbox 1910 1882 2097 1968; x_wconf 80' lang='lat' dir='ltr'><strong>Augustini,</strong></span> <span class='ocrx_word' id='word_1_232' title='bbox 2120 1882 2323 1948; x_wconf 87' lang='lat' dir='ltr'><strong>eboracensis</strong></span> <span class='ocrx_word' id='word_1_233' title='bbox 2346 1881 2414 1946; x_wconf 92' lang='lat' dir='ltr'><strong>dio·</strong></span> 
     </span>
     <span class='ocr_line' id='line_1_53' title="bbox 1639 2011 1731 2053; baseline -0.011 0"><span class='ocrx_word' id='word_1_234' title='bbox 1639 2011 1731 2053; x_wconf 78' lang='lat' dir='ltr'><strong>casu.</strong></span> 
     </span>
    </p>
   </div>
   <div class='ocr_carea' id='block_1_5' title="bbox 1860 2207 2086 2272">
    <p class='ocr_par' dir='ltr' id='par_1_39' title="bbox 1860 2207 2086 2272">
     <span class='ocr_line' id='line_1_54' title="bbox 1860 2207 2086 2272; baseline 0 0"><span class='ocrx_word' id='word_1_235' title='bbox 1860 2207 2086 2272; x_wconf 84' lang='lat' dir='ltr'><strong>MOOLXXV.</strong></span> 
     </span>
    </p>
   </div>
   <div class='ocr_carea' id='block_1_6' title="bbox 1530 2421 2416 4985">
    <p class='ocr_par' dir='ltr' id='par_1_40' title="bbox 1530 2421 2258 2509">
     <span class='ocr_line' id='line_1_55' title="bbox 1530 2421 2258 2509; baseline -0.003 -21"><span class='ocrx_word' id='word_1_236' title='bbox 1530 2423 1572 2488; x_wconf 93' lang='lat' dir='ltr'><strong>D.</strong></span> <span class='ocrx_word' id='word_1_237' title='bbox 1597 2423 1722 2488; x_wconf 85' lang='lat' dir='ltr'><strong>Alanus</strong></span> <span class='ocrx_word' id='word_1_238' title='bbox 1747 2422 1863 2488; x_wconf 84' lang='lat' dir='ltr'><strong>Scotus</strong></span> <span class='ocrx_word' id='word_1_239' title='bbox 1886 2421 1925 2486; x_wconf 90' lang='grc'><strong>11</strong></span> <span class='ocrx_word' id='word_1_240' title='bbox 1951 2422 2258 2509; x_wconf 84' lang='lat' dir='ltr'><strong>Castropueliarum.</strong></span> 
     </span>
    </p>

    <p class='ocr_par' dir='ltr' id='par_1_41' title="bbox 1530 2528 2415 2703">
     <span class='ocr_line' id='line_1_56' title="bbox 1530 2528 2415 2617; baseline -0.001 -22"><span class='ocrx_word' id='word_1_241' title='bbox 1530 2531 1572 2596; x_wconf 92' lang='lat' dir='ltr'><strong>D.</strong></span> <span class='ocrx_word' id='word_1_242' title='bbox 1596 2531 1815 2617; x_wconf 86' lang='lat' dir='ltr'><strong>Bercngarius</strong></span> <span class='ocrx_word' id='word_1_243' title='bbox 1839 2529 1878 2594; x_wconf 90' lang='lat' dir='ltr'><strong>de</strong></span> <span class='ocrx_word' id='word_1_244' title='bbox 1902 2528 2068 2613; x_wconf 86' lang='lat' dir='ltr'><strong>Bociaois,</strong></span> <span class='ocrx_word' id='word_1_245' title='bbox 2094 2529 2339 2594; x_wconf 87' lang='lat' dir='ltr'><strong>archidiaconus</strong></span> <span class='ocrx_word' id='word_1_246' title='bbox 2368 2530 2415 2594; x_wconf 92' lang='lat' dir='ltr'><strong>bi·</strong></span> 
     </span>
     <span class='ocr_line' id='line_1_57' title="bbox 1639 2639 1803 2703; baseline 0 -1"><span class='ocrx_word' id='word_1_247' title='bbox 1639 2639 1803 2703; x_wconf 86' lang='lat' dir='ltr'><strong>terrensis.</strong></span> 
     </span>
    </p>

    <p class='ocr_par' dir='ltr' id='par_1_42' title="bbox 1531 2742 2319 2830">
     <span class='ocr_line' id='line_1_58' title="bbox 1531 2742 2319 2830; baseline -0.003 -19"><span class='ocrx_word' id='word_1_248' title='bbox 1531 2745 1573 2812; x_wconf 92' lang='lat' dir='ltr'><strong>D.</strong></span> <span class='ocrx_word' id='word_1_249' title='bbox 1597 2746 1795 2828; x_wconf 85' lang='lat' dir='ltr'><strong>Bonifacius,</strong></span> <span class='ocrx_word' id='word_1_250' title='bbox 1821 2743 2067 2808; x_wconf 88' lang='lat' dir='ltr'><strong>archidiaconus</strong></span> <span class='ocrx_word' id='word_1_251' title='bbox 2091 2742 2319 2830; x_wconf 81' lang='lat' dir='ltr'><strong>forojuliensis.</strong></span> 
     </span>
    </p>

    <p class='ocr_par' dir='ltr' id='par_1_43' title="bbox 1533 2851 2377 2919">
     <span class='ocr_line' id='line_1_59' title="bbox 1533 2851 2377 2919; baseline -0.001 -1"><span class='ocrx_word' id='word_1_252' title='bbox 1533 2854 1573 2919; x_wconf 95' lang='lat' dir='ltr'><strong>D.</strong></span> <span class='ocrx_word' id='word_1_253' title='bbox 1597 2853 1789 2918; x_wconf 84' lang='lat' dir='ltr'><strong>Francisous</strong></span> <span class='ocrx_word' id='word_1_254' title='bbox 1813 2852 1935 2916; x_wconf 91' lang='lat' dir='ltr'><strong>domini</strong></span> <span class='ocrx_word' id='word_1_255' title='bbox 1957 2851 2085 2916; x_wconf 80' lang='lat' dir='ltr'><strong>Alberti</strong></span> <span class='ocrx_word' id='word_1_256' title='bbox 2108 2852 2148 2916; x_wconf 90' lang='lat' dir='ltr'><strong>de</strong></span> <span class='ocrx_word' id='word_1_257' title='bbox 2172 2851 2377 2917; x_wconf 87' lang='lat' dir='ltr'><strong>Mousiverio.</strong></span> 
     </span>
    </p>

    <p class='ocr_par' dir='ltr' id='par_1_44' title="bbox 1531 2960 2189 3043">
     <span class='ocr_line' id='line_1_60' title="bbox 1531 2960 2189 3043; baseline -0.003 -15"><span class='ocrx_word' id='word_1_258' title='bbox 1531 2963 1573 3028; x_wconf 91' lang='lat' dir='ltr'><strong>D.</strong></span> <span class='ocrx_word' id='word_1_259' title='bbox 1599 2963 1763 3027; x_wconf 84' lang='lat' dir='ltr'><strong>Gerardus</strong></span> <span class='ocrx_word' id='word_1_260' title='bbox 1786 2960 1826 3025; x_wconf 91' lang='grc'><strong>11</strong></span> <span class='ocrx_word' id='word_1_261' title='bbox 1851 2961 2050 3043; x_wconf 81' lang='lat' dir='ltr'><strong>Cornazano,</strong></span> <span class='ocrx_word' id='word_1_262' title='bbox 2074 2966 2189 3026; x_wconf 81' lang='lat' dir='ltr'><strong>rector.</strong></span> 
     </span>
    </p>

    <p class='ocr_par' dir='ltr' id='par_1_45' title="bbox 1532 3067 2330 3153">
     <span class='ocr_line' id='line_1_61' title="bbox 1532 3067 2330 3153; baseline -0.005 -17"><span class='ocrx_word' id='word_1_263' title='bbox 1532 3070 1574 3136; x_wconf 93' lang='lat' dir='ltr'><strong>D.</strong></span> <span class='ocrx_word' id='word_1_264' title='bbox 1600 3068 1771 3134; x_wconf 83' lang='lat' dir='ltr'><strong>Goffredus</strong></span> <span class='ocrx_word' id='word_1_265' title='bbox 1795 3067 1835 3132; x_wconf 91' lang='lat' dir='ltr'><strong>da</strong></span> <span class='ocrx_word' id='word_1_266' title='bbox 1859 3067 2051 3151; x_wconf 70' lang='lat' dir='ltr'><strong>Cumbislll,</strong></span> <span class='ocrx_word' id='word_1_267' title='bbox 2075 3067 2187 3132; x_wconf 83' lang='lat' dir='ltr'><strong>doctor</strong></span> <span class='ocrx_word' id='word_1_268' title='bbox 2209 3067 2330 3153; x_wconf 90' lang='lat' dir='ltr'><strong>legum.</strong></span> 
     </span>
    </p>

    <p class='ocr_par' dir='ltr' id='par_1_46' title="bbox 1531 3174 2320 3263">
     <span class='ocr_line' id='line_1_62' title="bbox 1531 3174 2320 3263; baseline -0.004 -20"><span class='ocrx_word' id='word_1_269' title='bbox 1531 3177 1573 3243; x_wconf 94' lang='lat' dir='ltr'><strong>D.</strong></span> <span class='ocrx_word' id='word_1_270' title='bbox 1599 3178 1805 3242; x_wconf 86' lang='lat' dir='ltr'><strong>Guiilioimus</strong></span> <span class='ocrx_word' id='word_1_271' title='bbox 1828 3175 2015 3263; x_wconf 82' lang='lat' dir='ltr'><strong>Raymundi</strong></span> <span class='ocrx_word' id='word_1_272' title='bbox 2038 3176 2078 3240; x_wconf 90' lang='lat' dir='ltr'><strong>do</strong></span> <span class='ocrx_word' id='word_1_273' title='bbox 2102 3174 2320 3240; x_wconf 86' lang='lat' dir='ltr'><strong>Frontiniaco.</strong></span> 
     </span>
    </p>

    <p class='ocr_par' dir='ltr' id='par_1_47' title="bbox 1532 3282 2416 3456">
     <span class='ocr_line' id='line_1_63' title="bbox 1532 3282 2416 3368; baseline -0.002 -18"><span class='ocrx_word' id='word_1_274' title='bbox 1532 3285 1573 3350; x_wconf 92' lang='lat' dir='ltr'><strong>D.</strong></span> <span class='ocrx_word' id='word_1_275' title='bbox 1592 3285 1796 3349; x_wconf 88' lang='lat' dir='ltr'><strong>Guiiliclmus</strong></span> <span class='ocrx_word' id='word_1_276' title='bbox 1813 3283 1852 3348; x_wconf 94' lang='lat' dir='ltr'><strong>de</strong></span> <span class='ocrx_word' id='word_1_277' title='bbox 1869 3284 2078 3368; x_wconf 84' lang='lat' dir='ltr'><strong>Mandagoto,</strong></span> <span class='ocrx_word' id='word_1_278' title='bbox 2095 3282 2267 3347; x_wconf 90' lang='lat' dir='ltr'><strong>canonicus</strong></span> <span class='ocrx_word' id='word_1_279' title='bbox 2285 3305 2416 3348; x_wconf 89' lang='lat' dir='ltr'><strong>nemau-</strong></span> 
     </span>
     <span class='ocr_line' id='line_1_64' title="bbox 1638 3392 1751 3456; baseline 0.009 -1"><span class='ocrx_word' id='word_1_280' title='bbox 1638 3392 1751 3456; x_wconf 87' lang='lat' dir='ltr'><strong>sensis.</strong></span> 
     </span>
    </p>

    <p class='ocr_par' dir='ltr' id='par_1_48' title="bbox 1531 3497 1992 3585">
     <span class='ocr_line' id='line_1_65' title="bbox 1531 3497 1992 3585; baseline -0.002 -21"><span class='ocrx_word' id='word_1_281' title='bbox 1531 3499 1618 3585; x_wconf 86' lang='lat' dir='ltr'><strong>Mag.</strong></span> <span class='ocrx_word' id='word_1_282' title='bbox 1643 3498 1786 3564; x_wconf 85' lang='lat' dir='ltr'><strong>Jacobus</strong></span> <span class='ocrx_word' id='word_1_283' title='bbox 1810 3498 1850 3563; x_wconf 91' lang='lat' dir='ltr'><strong>de</strong></span> <span class='ocrx_word' id='word_1_284' title='bbox 1873 3497 1992 3563; x_wconf 86' lang='lat' dir='ltr'><strong>Arane.</strong></span> 
     </span>
    </p>

    <p class='ocr_par' dir='ltr' id='par_1_49' title="bbox 1531 3605 2303 3693">
     <span class='ocr_line' id='line_1_66' title="bbox 1531 3605 2303 3693; baseline -0.003 -21"><span class='ocrx_word' id='word_1_285' title='bbox 1531 3608 1619 3693; x_wconf 90' lang='lat' dir='ltr'><strong>Mag.</strong></span> <span class='ocrx_word' id='word_1_286' title='bbox 1642 3606 1809 3671; x_wconf 80' lang='lat' dir='ltr'><strong>lohannes</strong></span> <span class='ocrx_word' id='word_1_287' title='bbox 1832 3605 2048 3670; x_wconf 89' lang='lat' dir='ltr'><strong>Bonabrocha</strong></span> <span class='ocrx_word' id='word_1_288' title='bbox 2070 3605 2110 3670; x_wconf 87' lang='lat' dir='ltr'><strong>ds</strong></span> <span class='ocrx_word' id='word_1_289' title='bbox 2134 3605 2303 3670; x_wconf 80' lang='lat' dir='ltr'><strong>Aduacho.</strong></span> 
     </span>
    </p>

    <p class='ocr_par' dir='ltr' id='par_1_50' title="bbox 1531 3713 1885 3780">
     <span class='ocr_line' id='line_1_67' title="bbox 1531 3713 1885 3780; baseline -0.006 0"><span class='ocrx_word' id='word_1_290' title='bbox 1531 3713 1572 3780; x_wconf 94' lang='lat' dir='ltr'><strong>D.</strong></span> <span class='ocrx_word' id='word_1_291' title='bbox 1596 3714 1756 3778; x_wconf 77' lang='lat' dir='ltr'><strong>Martinus</strong></span> <span class='ocrx_word' id='word_1_292' title='bbox 1781 3713 1885 3779; x_wconf 76' lang='lat' dir='ltr'><strong>Ortol.</strong></span> 
     </span>
    </p>

    <p class='ocr_par' dir='ltr' id='par_1_51' title="bbox 1531 3819 2311 3909">
     <span class='ocr_line' id='line_1_68' title="bbox 1531 3819 2311 3909; baseline -0.003 -21"><span class='ocrx_word' id='word_1_293' title='bbox 1531 3822 1620 3909; x_wconf 85' lang='lat' dir='ltr'><strong>Mag.</strong></span> <span class='ocrx_word' id='word_1_294' title='bbox 1646 3823 1796 3886; x_wconf 85' lang='lat' dir='ltr'><strong>hlatheus</strong></span> <span class='ocrx_word' id='word_1_295' title='bbox 1819 3821 1859 3886; x_wconf 93' lang='grc'><strong>11</strong></span> <span class='ocrx_word' id='word_1_296' title='bbox 1883 3820 2032 3903; x_wconf 90' lang='lat' dir='ltr'><strong>Luduno,</strong></span> <span class='ocrx_word' id='word_1_297' title='bbox 2056 3819 2168 3886; x_wconf 81' lang='lat' dir='ltr'><strong>doctor</strong></span> <span class='ocrx_word' id='word_1_298' title='bbox 2191 3820 2311 3906; x_wconf 90' lang='lat' dir='ltr'><strong>legum.</strong></span> 
     </span>
    </p>

    <p class='ocr_par' dir='ltr' id='par_1_52' title="bbox 1531 3927 2101 4010">
     <span class='ocr_line' id='line_1_69' title="bbox 1531 3927 2101 4010; baseline -0.007 -14"><span class='ocrx_word' id='word_1_299' title='bbox 1531 3929 1573 3996; x_wconf 91' lang='lat' dir='ltr'><strong>D.</strong></span> <span class='ocrx_word' id='word_1_300' title='bbox 1598 3930 1752 3994; x_wconf 84' lang='lat' dir='ltr'><strong>Nicolaus</strong></span> <span class='ocrx_word' id='word_1_301' title='bbox 1776 3929 1816 3993; x_wconf 89' lang='lat' dir='ltr'><strong>de</strong></span> <span class='ocrx_word' id='word_1_302' title='bbox 1839 3927 1962 4010; x_wconf 88' lang='lat' dir='ltr'><strong>Recha,</strong></span> <span class='ocrx_word' id='word_1_303' title='bbox 1986 3935 2101 3992; x_wconf 82' lang='lat' dir='ltr'><strong>rector.</strong></span> 
     </span>
    </p>

    <p class='ocr_par' dir='ltr' id='par_1_53' title="bbox 1531 4035 1971 4104">
     <span class='ocr_line' id='line_1_70' title="bbox 1531 4035 1971 4104; baseline -0.016 1"><span class='ocrx_word' id='word_1_304' title='bbox 1531 4037 1573 4104; x_wconf 93' lang='lat' dir='ltr'><strong>D.</strong></span> <span class='ocrx_word' id='word_1_305' title='bbox 1597 4039 1714 4103; x_wconf 83' lang='lat' dir='ltr'><strong>Petrus</strong></span> <span class='ocrx_word' id='word_1_306' title='bbox 1739 4037 1779 4100; x_wconf 93' lang='grc'><strong>11</strong></span> <span class='ocrx_word' id='word_1_307' title='bbox 1803 4035 1971 4100; x_wconf 84' lang='lat' dir='ltr'><strong>Aduaoho.</strong></span> 
     </span>
    </p>

    <p class='ocr_par' dir='ltr' id='par_1_54' title="bbox 1531 4144 1956 4210">
     <span class='ocr_line' id='line_1_71' title="bbox 1531 4144 1956 4210; baseline -0.009 0"><span class='ocrx_word' id='word_1_308' title='bbox 1531 4145 1573 4210; x_wconf 91' lang='lat' dir='ltr'><strong>D.</strong></span> <span class='ocrx_word' id='word_1_309' title='bbox 1597 4146 1714 4210; x_wconf 85' lang='lat' dir='ltr'><strong>Petrus</strong></span> <span class='ocrx_word' id='word_1_310' title='bbox 1738 4144 1777 4209; x_wconf 91' lang='lat' dir='ltr'><strong>de</strong></span> <span class='ocrx_word' id='word_1_311' title='bbox 1801 4144 1956 4208; x_wconf 80' lang='lat' dir='ltr'><strong>Trasone.</strong></span> 
     </span>
    </p>

    <p class='ocr_par' dir='ltr' id='par_1_55' title="bbox 1530 4249 2126 4337">
     <span class='ocr_line' id='line_1_72' title="bbox 1530 4249 2126 4337; baseline -0.005 -20"><span class='ocrx_word' id='word_1_312' title='bbox 1530 4253 1572 4318; x_wconf 95' lang='lat' dir='ltr'><strong>D.</strong></span> <span class='ocrx_word' id='word_1_313' title='bbox 1596 4253 1713 4318; x_wconf 88' lang='lat' dir='ltr'><strong>Petrus</strong></span> <span class='ocrx_word' id='word_1_314' title='bbox 1736 4250 1912 4337; x_wconf 88' lang='lat' dir='ltr'><strong>Resigliosi</strong></span> <span class='ocrx_word' id='word_1_315' title='bbox 1935 4249 2126 4315; x_wconf 83' lang='lat' dir='ltr'><strong>catellanus.</strong></span> 
     </span>
    </p>

    <p class='ocr_par' dir='ltr' id='par_1_56' title="bbox 1531 4357 2126 4447">
     <span class='ocr_line' id='line_1_73' title="bbox 1531 4357 2126 4447; baseline -0.008 -21"><span class='ocrx_word' id='word_1_316' title='bbox 1531 4362 1572 4426; x_wconf 94' lang='lat' dir='ltr'><strong>D.</strong></span> <span class='ocrx_word' id='word_1_317' title='bbox 1597 4360 1768 4447; x_wconf 89' lang='lat' dir='ltr'><strong>Philippus</strong></span> <span class='ocrx_word' id='word_1_318' title='bbox 1793 4359 1832 4422; x_wconf 91' lang='lat' dir='ltr'><strong>de</strong></span> <span class='ocrx_word' id='word_1_319' title='bbox 1855 4357 1985 4442; x_wconf 89' lang='lat' dir='ltr'><strong>Bosejo,</strong></span> <span class='ocrx_word' id='word_1_320' title='bbox 2009 4363 2126 4422; x_wconf 88' lang='lat' dir='ltr'><strong>rector.</strong></span> 
     </span>
    </p>

    <p class='ocr_par' dir='ltr' id='par_1_57' title="bbox 1530 4466 1930 4534">
     <span class='ocr_line' id='line_1_74' title="bbox 1530 4466 1930 4534; baseline -0.01 0"><span class='ocrx_word' id='word_1_321' title='bbox 1530 4468 1572 4534; x_wconf 93' lang='lat' dir='ltr'><strong>D.</strong></span> <span class='ocrx_word' id='word_1_322' title='bbox 1597 4468 1692 4532; x_wconf 91' lang='lat' dir='ltr'><strong>Prior</strong></span> <span class='ocrx_word' id='word_1_323' title='bbox 1716 4467 1755 4531; x_wconf 89' lang='lat' dir='ltr'><strong>de</strong></span> <span class='ocrx_word' id='word_1_324' title='bbox 1779 4466 1930 4531; x_wconf 85' lang='lat' dir='ltr'><strong>Muliaco.</strong></span> 
     </span>
    </p>

    <p class='ocr_par' dir='ltr' id='par_1_58' title="bbox 1530 4573 2073 4662">
     <span class='ocr_line' id='line_1_75' title="bbox 1530 4573 2073 4662; baseline -0.009 -19"><span class='ocrx_word' id='word_1_325' title='bbox 1530 4576 1572 4643; x_wconf 92' lang='lat' dir='ltr'><strong>D.</strong></span> <span class='ocrx_word' id='word_1_326' title='bbox 1597 4573 1810 4662; x_wconf 87' lang='lat' dir='ltr'><strong>Raymundns</strong></span> <span class='ocrx_word' id='word_1_327' title='bbox 1833 4573 1873 4638; x_wconf 90' lang='lat' dir='ltr'><strong>de</strong></span> <span class='ocrx_word' id='word_1_328' title='bbox 1897 4574 2073 4638; x_wconf 83' lang='lat' dir='ltr'><strong>Altiniaco.</strong></span> 
     </span>
    </p>

    <p class='ocr_par' dir='ltr' id='par_1_59' title="bbox 1531 4679 2244 4768">
     <span class='ocr_line' id='line_1_76' title="bbox 1531 4679 2244 4768; baseline -0.011 -18"><span class='ocrx_word' id='word_1_329' title='bbox 1531 4683 1573 4750; x_wconf 90' lang='lat' dir='ltr'><strong>D.</strong></span> <span class='ocrx_word' id='word_1_330' title='bbox 1597 4681 1810 4768; x_wconf 77' lang='lat' dir='ltr'><strong>Roymuudus</strong></span> <span class='ocrx_word' id='word_1_331' title='bbox 1834 4702 1964 4764; x_wconf 80' lang='lat' dir='ltr'><strong>ceren,</strong></span> <span class='ocrx_word' id='word_1_332' title='bbox 1989 4680 2101 4745; x_wconf 84' lang='lat' dir='ltr'><strong>doctor</strong></span> <span class='ocrx_word' id='word_1_333' title='bbox 2124 4679 2244 4765; x_wconf 89' lang='lat' dir='ltr'><strong>legum.</strong></span> 
     </span>
    </p>

    <p class='ocr_par' dir='ltr' id='par_1_60' title="bbox 1530 4791 1910 4875">
     <span class='ocr_line' id='line_1_77' title="bbox 1530 4791 1910 4875; baseline -0.016 -17"><span class='ocrx_word' id='word_1_334' title='bbox 1530 4792 1573 4858; x_wconf 91' lang='lat' dir='ltr'><strong>D.</strong></span> <span class='ocrx_word' id='word_1_335' title='bbox 1597 4791 1770 4875; x_wconf 87' lang='lat' dir='ltr'><strong>Rogerius,</strong></span> <span class='ocrx_word' id='word_1_336' title='bbox 1795 4796 1910 4854; x_wconf 87' lang='lat' dir='ltr'><strong>rector.</strong></span> 
     </span>
    </p>

    <p class='ocr_par' dir='ltr' id='par_1_61' title="bbox 1532 4896 2030 4985">
     <span class='ocr_line' id='line_1_78' title="bbox 1532 4896 2030 4985; baseline -0.008 -21"><span class='ocrx_word' id='word_1_337' title='bbox 1532 4901 1620 4985; x_wconf 87' lang='lat' dir='ltr'><strong>Mag.</strong></span> <span class='ocrx_word' id='word_1_338' title='bbox 1644 4898 1813 4963; x_wconf 87' lang='lat' dir='ltr'><strong>Rolandus</strong></span> <span class='ocrx_word' id='word_1_339' title='bbox 1837 4896 1876 4961; x_wconf 90' lang='lat' dir='ltr'><strong>de</strong></span> <span class='ocrx_word' id='word_1_340' title='bbox 1899 4896 2030 4961; x_wconf 89' lang='lat' dir='ltr'><strong>Parma.</strong></span> 
     </span>
    </p>
   </div>
   <div class='ocr_carea' id='block_1_7' title="bbox 580 4999 2420 5198">
    <p class='ocr_par' dir='ltr' id='par_1_62' title="bbox 580 4999 2420 5198">
     <span class='ocr_line' id='line_1_79' title="bbox 580 4999 2420 5090; baseline -0.003 -20"><span class='ocrx_word' id='word_1_341' title='bbox 580 5002 621 5069; x_wconf 94' lang='lat' dir='ltr'><strong>D.</strong></span> <span class='ocrx_word' id='word_1_342' title='bbox 647 5003 812 5067; x_wconf 81' lang='lat' dir='ltr'><strong>Robertus</strong></span> <span class='ocrx_word' id='word_1_343' title='bbox 836 5001 875 5064; x_wconf 78' lang='lat' dir='ltr'><strong>(lo</strong></span> <span class='ocrx_word' id='word_1_344' title='bbox 898 5000 1048 5084; x_wconf 78' lang='lat' dir='ltr'><strong>Kirkam,</strong></span> <span class='ocrx_word' id='word_1_345' title='bbox 1065 5007 1170 5065; x_wconf 76' lang='lat' dir='ltr'><strong>rector</strong></span> <span class='ocrx_word' id='word_1_346' title='bbox 1201 4999 1335 5063; x_wconf 72' lang='lat' dir='ltr'><strong>ecclesie</strong></span> <span class='ocrx_word' id='word_1_347' title='bbox 1363 5019 1388 5061; x_wconf 72' lang='grc' dir='ltr'><strong>Β·</strong></span> <span class='ocrx_word' id='word_1_348' title='bbox 1407 5045 1414 5061; x_wconf 94' lang='lat'><strong>·</strong></span> <span class='ocrx_word' id='word_1_349' title='bbox 1433 5045 1440 5061; x_wconf 94' lang='lat'><strong>·</strong></span> <span class='ocrx_word' id='word_1_350' title='bbox 1459 5045 1467 5061; x_wconf 90' lang='lat'><strong>·</strong></span> <span class='ocrx_word' id='word_1_351' title='bbox 1530 5007 1573 5073; x_wconf 93' lang='grc' dir='ltr'><strong>Ι).</strong></span> <span class='ocrx_word' id='word_1_352' title='bbox 1597 5007 1784 5090; x_wconf 88' lang='lat' dir='ltr'><strong>Rostagnus</strong></span> <span class='ocrx_word' id='word_1_353' title='bbox 1801 5003 1840 5068; x_wconf 94' lang='lat' dir='ltr'><strong>de</strong></span> <span class='ocrx_word' id='word_1_354' title='bbox 1857 5003 2012 5086; x_wconf 79' lang='lat' dir='ltr'><strong>Trasone,</strong></span> <span class='ocrx_word' id='word_1_355' title='bbox 2029 5001 2203 5067; x_wconf 85' lang='lat' dir='ltr'><strong>canonicus</strong></span> <span class='ocrx_word' id='word_1_356' title='bbox 2219 5001 2420 5088; x_wconf 85' lang='lat' dir='ltr'><strong>parisiensis,</strong></span> 
     </span>
     <span class='ocr_line' id='line_1_80' title="bbox 688 5106 1893 5198; baseline 0.002 -25"><span class='ocrx_word' id='word_1_357' title='bbox 688 5108 940 5174; x_wconf 87' lang='lat' dir='ltr'><strong>dumelianensis</strong></span> <span class='ocrx_word' id='word_1_358' title='bbox 963 5106 1109 5172; x_wconf 88' lang='lat' dir='ltr'><strong>diocesis.</strong></span> <span class='ocrx_word' id='word_1_359' title='bbox 1637 5114 1747 5198; x_wconf 88' lang='lat' dir='ltr'><strong>legum</strong></span> <span class='ocrx_word' id='word_1_360' title='bbox 1772 5111 1893 5176; x_wconf 84' lang='lat' dir='ltr'><strong>doctor.</strong></span> 
     </span>
    </p>
   </div>
   <div class='ocr_carea' id='block_1_8' title="bbox 582 5211 2420 5306">
    <p class='ocr_par' dir='ltr' id='par_1_63' title="bbox 582 5211 2420 5306">
     <span class='ocr_line' id='line_1_81' title="bbox 582 5211 2420 5306; baseline -0.005 -23"><span class='ocrx_word' id='word_1_361' title='bbox 582 5217 624 5283; x_wconf 94' lang='grc' dir='ltr'><strong>Ι).</strong></span> <span class='ocrx_word' id='word_1_362' title='bbox 638 5217 802 5282; x_wconf 82' lang='lat' dir='ltr'><strong>Robertus</strong></span> <span class='ocrx_word' id='word_1_363' title='bbox 817 5214 857 5279; x_wconf 92' lang='grc'><strong>11</strong></span> <span class='ocrx_word' id='word_1_364' title='bbox 875 5214 1039 5279; x_wconf 84' lang='lat' dir='ltr'><strong>Grislavia</strong></span> <span class='ocrx_word' id='word_1_365' title='bbox 1052 5214 1102 5296; x_wconf 86' lang='lat'><strong>(¹),</strong></span> <span class='ocrx_word' id='word_1_366' title='bbox 1119 5214 1231 5278; x_wconf 83' lang='lat' dir='ltr'><strong>doctor</strong></span> <span class='ocrx_word' id='word_1_367' title='bbox 1246 5211 1366 5296; x_wconf 86' lang='lat' dir='ltr'><strong>legum,</strong></span> <span class='ocrx_word' id='word_1_368' title='bbox 1383 5211 1468 5274; x_wconf 87' lang='lat' dir='ltr'><strong>filius</strong></span> <span class='ocrx_word' id='word_1_369' title='bbox 1531 5221 1573 5287; x_wconf 98' lang='lat' dir='ltr'><strong>D,</strong></span> <span class='ocrx_word' id='word_1_370' title='bbox 1598 5222 1785 5306; x_wconf 67' lang='lat' dir='ltr'><strong>Rostagnufl</strong></span> <span class='ocrx_word' id='word_1_371' title='bbox 1810 5219 1850 5283; x_wconf 69' lang='lat' dir='ltr'><strong>de</strong></span> <span class='ocrx_word' id='word_1_372' title='bbox 1873 5217 1985 5300; x_wconf 79' lang='lat' dir='ltr'><strong>Novis,</strong></span> <span class='ocrx_word' id='word_1_373' title='bbox 2002 5223 2173 5303; x_wconf 78' lang='lat' dir='ltr'><strong>precentor</strong></span> <span class='ocrx_word' id='word_1_374' title='bbox 2196 5215 2420 5281; x_wconf 72' lang='lat' dir='ltr'><strong>massiliensis,</strong></span> 
     </span>
    </p>
   </div>
   <div class='ocr_carea' id='block_1_9' title="bbox 578 5321 2418 6058">
    <p class='ocr_par' dir='ltr' id='par_1_64' title="bbox 578 5321 2418 6058">
     <span class='ocr_line' id='line_1_82' title="bbox 690 5321 1010 5388; baseline -0.003 -1"><span class='ocrx_word' id='word_1_375' title='bbox 690 5323 812 5388; x_wconf 91' lang='lat' dir='ltr'><strong>domini</strong></span> <span class='ocrx_word' id='word_1_376' title='bbox 835 5321 1010 5386; x_wconf 84' lang='lat' dir='ltr'><strong>Alisardei.</strong></span> 
     </span>
     <span class='ocr_line' id='line_1_83' title="bbox 579 5427 1757 5519; baseline -0.006 -22"><span class='ocrx_word' id='word_1_377' title='bbox 579 5433 668 5519; x_wconf 87' lang='lat' dir='ltr'><strong>Mag.</strong></span> <span class='ocrx_word' id='word_1_378' title='bbox 693 5431 856 5495; x_wconf 81' lang='lat' dir='ltr'><strong>Robertus</strong></span> <span class='ocrx_word' id='word_1_379' title='bbox 880 5429 921 5493; x_wconf 94' lang='lat' dir='ltr'><strong>de</strong></span> <span class='ocrx_word' id='word_1_380' title='bbox 946 5427 1108 5493; x_wconf 83' lang='lat' dir='ltr'><strong>Chrichia.</strong></span> <span class='ocrx_word' id='word_1_381' title='bbox 1637 5435 1757 5519; x_wconf 80' lang='lat' dir='ltr'><strong>Egidii,</strong></span> 
     </span>
     <span class='ocr_line' id='line_1_84' title="bbox 579 5534 2418 5630; baseline -0.004 -20"><span class='ocrx_word' id='word_1_382' title='bbox 579 5540 669 5622; x_wconf 80' lang='lat' dir='ltr'><strong>Mag·</strong></span> <span class='ocrx_word' id='word_1_383' title='bbox 694 5538 865 5620; x_wconf 88' lang='lat' dir='ltr'><strong>Roduifus,</strong></span> <span class='ocrx_word' id='word_1_384' title='bbox 891 5537 994 5601; x_wconf 72' lang='lat' dir='ltr'><strong>dictus</strong></span> <span class='ocrx_word' id='word_1_385' title='bbox 1020 5534 1200 5617; x_wconf 55' lang='grc'><strong>(1111611118,</strong></span> <span class='ocrx_word' id='word_1_386' title='bbox 1226 5534 1382 5619; x_wconf 64' lang='lat' dir='ltr'><strong>anglicus·</strong></span> <span class='ocrx_word' id='word_1_387' title='bbox 1531 5545 1619 5630; x_wconf 91' lang='lat' dir='ltr'><strong>Mag.</strong></span> <span class='ocrx_word' id='word_1_388' title='bbox 1645 5545 1755 5608; x_wconf 85' lang='lat' dir='ltr'><strong>Simon</strong></span> <span class='ocrx_word' id='word_1_389' title='bbox 1780 5541 1901 5606; x_wconf 90' lang='lat' dir='ltr'><strong>domini</strong></span> <span class='ocrx_word' id='word_1_390' title='bbox 1925 5539 2092 5604; x_wconf 85' lang='lat' dir='ltr'><strong>Guillelmi</strong></span> <span class='ocrx_word' id='word_1_391' title='bbox 2108 5538 2243 5603; x_wconf 83' lang='lat' dir='ltr'><strong>Gofredi</strong></span> <span class='ocrx_word' id='word_1_392' title='bbox 2259 5536 2418 5625; x_wconf 83' lang='lat' dir='ltr'><strong>anglicus.</strong></span> 
     </span>
     <span class='ocr_line' id='line_1_85' title="bbox 578 5641 2417 5734; baseline -0.011 -21"><span class='ocrx_word' id='word_1_393' title='bbox 578 5649 668 5734; x_wconf 90' lang='lat' dir='ltr'><strong>Mag.</strong></span> <span class='ocrx_word' id='word_1_394' title='bbox 693 5647 855 5730; x_wconf 86' lang='lat' dir='ltr'><strong>Rogerius</strong></span> <span class='ocrx_word' id='word_1_395' title='bbox 880 5645 919 5710; x_wconf 89' lang='grc'><strong>11</strong></span> <span class='ocrx_word' id='word_1_396' title='bbox 940 5644 1247 5726; x_wconf 84' lang='lat' dir='ltr'><strong>Louriten.,rcctor</strong></span> <span class='ocrx_word' id='word_1_397' title='bbox 1270 5641 1404 5706; x_wconf 90' lang='grc'><strong>11111111</strong></span> <span class='ocrx_word' id='word_1_398' title='bbox 1428 5641 1468 5704; x_wconf 90' lang='grc'><strong>11</strong></span> <span class='ocrx_word' id='word_1_399' title='bbox 1530 5652 1572 5717; x_wconf 92' lang='lat' dir='ltr'><strong>D,</strong></span> <span class='ocrx_word' id='word_1_400' title='bbox 1599 5652 1710 5716; x_wconf 72' lang='lat' dir='ltr'><strong>simon</strong></span> <span class='ocrx_word' id='word_1_401' title='bbox 1733 5648 1854 5714; x_wconf 75' lang='lat' dir='ltr'><strong>domini</strong></span> <span class='ocrx_word' id='word_1_402' title='bbox 1886 5647 2026 5712; x_wconf 62' lang='lat' dir='ltr'><strong>Simonis</strong></span> <span class='ocrx_word' id='word_1_403' title='bbox 2057 5645 2096 5711; x_wconf 63' lang='lat' dir='ltr'><strong>de</strong></span> <span class='ocrx_word' id='word_1_404' title='bbox 2129 5646 2326 5728; x_wconf 45' lang='grc' dir='ltr'><strong>Μῃωῃςθῃ,</strong></span> <span class='ocrx_word' id='word_1_405' title='bbox 2351 5646 2417 5732; x_wconf 65' lang='lat' dir='ltr'><strong>spi.</strong></span> 
     </span>
     <span class='ocr_line' id='line_1_86' title="bbox 687 5749 1908 5838; baseline -0.003 -20"><span class='ocrx_word' id='word_1_406' title='bbox 687 5753 870 5837; x_wconf 87' lang='lat' dir='ltr'><strong>Wanlret.,</strong></span> <span class='ocrx_word' id='word_1_407' title='bbox 895 5751 1118 5838; x_wconf 85' lang='lat' dir='ltr'><strong>glasohuensis</strong></span> <span class='ocrx_word' id='word_1_408' title='bbox 1142 5749 1288 5814; x_wconf 88' lang='lat' dir='ltr'><strong>diocesis.</strong></span> <span class='ocrx_word' id='word_1_409' title='bbox 1639 5758 1740 5822; x_wconf 64' lang='lat' dir='ltr'><strong>rengis</strong></span> <span class='ocrx_word' id='word_1_410' title='bbox 1764 5757 1908 5821; x_wconf 75' lang='lat' dir='ltr'><strong>diocesis.</strong></span> 
     </span>
     <span class='ocr_line' id='line_1_87' title="bbox 578 5858 2289 5951; baseline -0.005 -19"><span class='ocrx_word' id='word_1_411' title='bbox 578 5862 620 5928; x_wconf 89' lang='lat' dir='ltr'><strong>D.</strong></span> <span class='ocrx_word' id='word_1_412' title='bbox 644 5863 807 5948; x_wconf 75' lang='lat' dir='ltr'><strong>Rogerius</strong></span> <span class='ocrx_word' id='word_1_413' title='bbox 832 5861 1005 5942; x_wconf 65' lang='lat' dir='ltr'><strong>Hermoni,</strong></span> <span class='ocrx_word' id='word_1_414' title='bbox 1032 5858 1179 5924; x_wconf 71' lang='lat' dir='ltr'><strong>clericufl·</strong></span> <span class='ocrx_word' id='word_1_415' title='bbox 1530 5865 1619 5951; x_wconf 89' lang='lat' dir='ltr'><strong>Mag.</strong></span> <span class='ocrx_word' id='word_1_416' title='bbox 1644 5865 1796 5947; x_wconf 86' lang='lat' dir='ltr'><strong>Thomas,</strong></span> <span class='ocrx_word' id='word_1_417' title='bbox 1821 5862 2066 5928; x_wconf 89' lang='lat' dir='ltr'><strong>archidiaconus</strong></span> <span class='ocrx_word' id='word_1_418' title='bbox 2088 5859 2289 5925; x_wconf 88' lang='lat' dir='ltr'><strong>nomisensis.</strong></span> 
     </span>
     <span class='ocr_line' id='line_1_88' title="bbox 579 5961 2418 6058; baseline -0.006 -23"><span class='ocrx_word' id='word_1_419' title='bbox 579 5969 621 6035; x_wconf 93' lang='lat' dir='ltr'><strong>D.</strong></span> <span class='ocrx_word' id='word_1_420' title='bbox 644 5969 806 6056; x_wconf 89' lang='lat' dir='ltr'><strong>Rogerius</strong></span> <span class='ocrx_word' id='word_1_421' title='bbox 830 5968 870 6032; x_wconf 90' lang='lat' dir='ltr'><strong>de</strong></span> <span class='ocrx_word' id='word_1_422' title='bbox 893 5964 1104 6031; x_wconf 84' lang='lat' dir='ltr'><strong>Leomstrade</strong></span> <span class='ocrx_word' id='word_1_423' title='bbox 1122 5964 1171 6047; x_wconf 82' lang='lat'><strong>(2),</strong></span> <span class='ocrx_word' id='word_1_424' title='bbox 1196 5970 1301 6028; x_wconf 87' lang='lat' dir='ltr'><strong>rector</strong></span> <span class='ocrx_word' id='word_1_425' title='bbox 1332 5961 1466 6026; x_wconf 89' lang='grc'><strong>11111111</strong></span> <span class='ocrx_word' id='word_1_426' title='bbox 1530 5972 1572 6038; x_wconf 90' lang='lat' dir='ltr'><strong>D,</strong></span> <span class='ocrx_word' id='word_1_427' title='bbox 1597 5973 1758 6058; x_wconf 71' lang='lat' dir='ltr'><strong>Ugolinus</strong></span> <span class='ocrx_word' id='word_1_428' title='bbox 1783 5971 1947 6053; x_wconf 70' lang='lat' dir='ltr'><strong>Taberna,</strong></span> <span class='ocrx_word' id='word_1_429' title='bbox 1972 5989 2072 6055; x_wconf 76' lang='lat' dir='ltr'><strong>nepos</strong></span> <span class='ocrx_word' id='word_1_430' title='bbox 2096 5967 2243 6053; x_wconf 74' lang='lat' dir='ltr'><strong>magistri</strong></span> <span class='ocrx_word' id='word_1_431' title='bbox 2273 5966 2418 6032; x_wconf 82' lang='lat' dir='ltr'><strong>Rolandi</strong></span> 
     </span>
    </p>
   </div>
   <div class='ocr_carea' id='block_1_10' title="bbox 687 6073 1834 6144">
    <p class='ocr_par' dir='ltr' id='par_1_65' title="bbox 687 6073 1834 6144">
     <span class='ocr_line' id='line_1_89' title="bbox 687 6073 1834 6144; baseline 0.002 -2"><span class='ocrx_word' id='word_1_432' title='bbox 687 6077 726 6142; x_wconf 92' lang='lat' dir='ltr'><strong>de</strong></span> <span class='ocrx_word' id='word_1_433' title='bbox 751 6073 986 6140; x_wconf 73' lang='lat' dir='ltr'><strong>Branforteu).</strong></span> <span class='ocrx_word' id='word_1_434' title='bbox 1640 6081 1680 6144; x_wconf 90' lang='lat' dir='ltr'><strong>de</strong></span> <span class='ocrx_word' id='word_1_435' title='bbox 1704 6081 1834 6144; x_wconf 84' lang='lat' dir='ltr'><strong>Parma.</strong></span> 
     </span>
    </p>
   </div>
   <div class='ocr_carea' id='block_1_11' title="bbox 1530 5322 2420 5411">
    <p class='ocr_par' dir='ltr' id='par_1_66' title="bbox 1530 5322 2420 5411">
     <span class='ocr_line' id='line_1_90' title="bbox 1530 5322 2420 5411; baseline -0.01 -16"><span class='ocrx_word' id='word_1_436' title='bbox 1530 5329 1573 5395; x_wconf 93' lang='lat' dir='ltr'><strong>D.</strong></span> <span class='ocrx_word' id='word_1_437' title='bbox 1599 5328 1736 5393; x_wconf 84' lang='lat' dir='ltr'><strong>Sanctus</strong></span> <span class='ocrx_word' id='word_1_438' title='bbox 1760 5325 1968 5411; x_wconf 86' lang='lat' dir='ltr'><strong>Magnutius,</strong></span> <span class='ocrx_word' id='word_1_439' title='bbox 1991 5324 2077 5388; x_wconf 89' lang='lat' dir='ltr'><strong>filius</strong></span> <span class='ocrx_word' id='word_1_440' title='bbox 2107 5324 2269 5410; x_wconf 85' lang='lat' dir='ltr'><strong>quondam</strong></span> <span class='ocrx_word' id='word_1_441' title='bbox 2297 5322 2420 5387; x_wconf 93' lang='lat' dir='ltr'><strong>domini</strong></span> 
     </span>
    </p>
   </div>
   <div class='ocr_carea' id='block_1_12' title="bbox 1593 6418 1836 6574">
    <p class='ocr_par' dir='ltr' id='par_1_67' title="bbox 1593 6418 1836 6574">
     <span class='ocr_line' id='line_1_91' title="bbox 1595 6418 1810 6485; baseline -0.014 -13"><span class='ocrx_word' id='word_1_442' title='bbox 1595 6421 1634 6485; x_wconf 80' lang='grc' dir='ltr'><strong>(Β)</strong></span> <span class='ocrx_word' id='word_1_443' title='bbox 1655 6418 1810 6484; x_wconf 77' lang='lat' dir='ltr'><strong>Brayfom.</strong></span> 
     </span>
     <span class='ocr_line' id='line_1_92' title="bbox 1593 6507 1836 6574; baseline -0.016 -13"><span class='ocrx_word' id='word_1_444' title='bbox 1593 6510 1633 6574; x_wconf 76' lang='lat' dir='ltr'><strong>(l)</strong></span> <span class='ocrx_word' id='word_1_445' title='bbox 1653 6509 1697 6560; x_wconf 78' lang='lat' dir='ltr'><strong>An</strong></span> <span class='ocrx_word' id='word_1_446' title='bbox 1718 6507 1836 6559; x_wconf 82' lang='lat' dir='ltr'><strong>Cambia.</strong></span> 
     </span>
    </p>
   </div>
   <div class='ocr_carea' id='block_1_13' title="bbox 0 0 2776 7749">
    <p class='ocr_par' dir='ltr' id='par_1_68' title="bbox 0 0 2776 7749">
     <span class='ocr_line' id='line_1_93' title="bbox 0 0 2776 7749; baseline 0 0"><span class='ocrx_word' id='word_1_447' title='bbox 0 0 2776 7749; x_wconf 95' lang='lat' dir='ltr'><strong> </strong></span> 
     </span>
    </p>
   </div>
  </div>
 </body>
</html>
