5484 7746
1380 641 1621 694 MONUMENTA

1471 1016 1531 1080 IX.

1340 1217 1437 1300 1211,
1463 1217 1504 1280 12
1527 1214 1661 1280 octobris.

1209 1414 1261 1478 Ex
1285 1414 1397 1480 eodem
1421 1419 1519 1495 tomo,
1544 1433 1630 1476 num.
1654 1409 1800 1476 XXVII.

597 1641 599 1646 '
682 1631 889 1696 Innocentius
913 1653 999 1718 papa
1021 1631 1084 1694 Ill.
1099 1630 1137 1694 (¹)
1154 1629 1276 1694 Abbati
1299 1630 1403 1693 sancti
1427 1627 1584 1714 Stephani
1611 1625 1838 1708 bononiensis,
1863 1632 1895 1688 et
1915 1623 2070 1709 magistro
2099 1619 2272 1702 Gratiae),
2297 1618 2406 1682 decre-

593 1749 698 1803 torum
722 1740 854 1823 doctori,
879 1739 1025 1804 Bononia
1048 1737 1269 1803 commoranti.

682 1849 776 1914 Illius
798 1849 1015 1914 testimonium
1040 1849 1236 1931 invocamus,
1253 1847 1308 1934 qui
1330 1847 1421 1911 testis
1446 1854 1494 1910 cst
1517 1845 1550 1909 in
1574 1845 1642 1908 celo
1666 1843 1779 1925 fidelis,
1798 1842 1882 1929 quod
1906 1847 2062 1927 quantum
2078 1841 2147 1926 ipsc
2163 1838 2255 1903 nobis
2272 1837 2406 1922 dignare

594 1956 748 2039 donatur,
774 1978 793 2020 a
817 1979 879 2044 quo
903 1965 952 2022 est
975 1979 1068 2022 omne
1092 1957 1203 2020 datum
1227 1957 1399 2042 optimum,
1423 1961 1455 2018 et
1479 1973 1572 2018 omne
1596 1951 1715 2016 donum
1746 1949 1943 2037 perfectum,
1967 1947 2114 2034 negotia,
2138 1968 2200 2032 que
2223 1945 2265 2010 ad
2290 1944 2406 2009 Sedem

594 2063 803 2149 apostolicam
835 2065 1059 2150 perferuntur,
1084 2086 1157 2128 cum
1183 2064 1323 2150 puritate
1354 2083 1392 2126 ac
1422 2063 1590 2126 honestate
1619 2059 1751 2124 tractari
1781 2081 1818 2123 ac
1846 2057 1999 2143 expedire
2029 2076 2196 2137 curamus,
2220 2052 2405 2118 venalitatis

592 2171 716 2252 vitium,
734 2172 819 2257 quod
840 2193 881 2236 cx
904 2171 1078 2257 cupiditate
1103 2171 1247 2257 procedit
1271 2191 1332 2256 que
1356 2169 1450 2233 radix
1474 2175 1523 2232 est
1550 2168 1692 2232 omnium
1708 2167 1869 2247 vitiorum,
1887 2163 2077 2230 omnimodis
2093 2162 2307 2242 detestantes;
2324 2159 2406 2224 sicut

593 2280 690 2343 etiam
715 2279 762 2342 illi
785 2286 919 2365 possunt
942 2279 1111 2364 perhibere
1135 2279 1353 2343 testimonium
1376 2277 1514 2359 veritati,
1537 2277 1590 2361 qui
1614 2297 1671 2361 pro
1696 2273 1830 2338 diversis
1854 2273 1991 2358 negotiis
2014 2270 2211 2356 exequendis
2235 2268 2276 2333 ad
2300 2288 2404 2332 roma-

593 2407 669 2450 nam
690 2385 870 2451 Ecclesiam
894 2387 1079 2472 frequenter
1103 2386 1276 2468 accedunt,
1301 2407 1397 2471 quam
1422 2407 1478 2471 per
1502 2384 1602 2448 divini
1624 2383 1765 2448 muneris
1789 2382 1928 2468 gratiam
1952 2381 1993 2444 ab
2016 2377 2201 2464 hujusmodi
2223 2376 2306 2440 labis
2330 2397 2405 2439 con·

592 2495 681 2578 tagio
705 2516 834 2558 servare
856 2495 1033 2579 satagimus
1050 2495 1224 2580 expiatam,
1241 2501 1276 2557 ut
1292 2493 1377 2579 quod
1394 2494 1495 2578 gratis
1512 2493 1703 2578 accepimus,
1721 2491 1821 2578 gratis
1837 2489 1960 2571 demus,
1977 2488 2161 2552 nullatenus
2178 2485 2404 2566 substinentes,

593 2602 678 2688 quod
702 2603 733 2667 in
758 2603 863 2667 causis
887 2603 1112 2668 ecclesiasticis
1136 2602 1245 2688 aliqua
1261 2602 1377 2688 pactio,
1394 2601 1446 2666 vel
1463 2602 1643 2682 conventio,
1660 2622 1717 2664 000
1737 2599 1834 2663 etiam
1850 2597 2018 2684 promissio
2035 2595 2229 2678 intercedat;
2247 2602 2405 2680 quatenns

593 2709 619 2772 si
643 2710 720 2794 quid
744 2709 904 2775 interdum
928 2717 999 2797 post
1022 2711 1119 2774 finem
1142 2709 1264 2794 negotii
1287 2709 1384 2773 fuerit
1414 2709 1611 2790 exhibitum,
1636 2730 1699 2772 non
1723 2729 1781 2794 per
1807 2706 2031 2770 necessitatem
2060 2711 2239 2786 extortum,
2263 2703 2320 2768 sed
2347 2726 2405 2790 per

593 2817 797 2882 devotionem
820 2826 976 2904 appareat
999 2841 1068 2882 esse
1093 2819 1254 2882 collatum.
1278 2817 1401 2881 Verum
1425 2817 1535 2880 mirari
1558 2817 1713 2901 cogimur,
1730 2823 1762 2880 et
1786 2816 1908 2880 moveri
1931 2837 2027 2902 super
2051 2837 2089 2879 eo
2111 2815 2196 2901 quod
2213 2816 2254 2878 ab
2271 2815 2404 2878 alexan-

592 2924 684 2990 drino
704 2925 865 3012 Episcopo
885 2925 1053 2990 didicimus
1070 2932 1272 3006 attentatum,
1289 2932 1321 2988 et
1335 2926 1519 3008 juramento
1536 2925 1621 3010 quod
1638 2925 1773 3011 ipsemet
1788 2925 1928 3010 prestitit
1944 2924 1977 2986 in
1993 2943 2091 2987 causa
2109 2945 2170 3009 que
2193 2923 2278 2988 inter
2299 2925 2404 3011 ipsum

593 3042 625 3098 et
649 3035 805 3120 quosdam
836 3043 1029 3099 mercatores
1059 3055 1208 3097 romanos
1232 3054 1340 3096 coram
1364 3033 1454 3096 vobis
1478 3052 1521 3096 ex
1545 3032 1747 3117 delegatione
1772 3039 1882 3096 nostra
1910 3033 2017 3096 extitit
2047 3033 2220 3115 ventilata,
2246 3035 2300 3120 qui
2332 3057 2405 3098 cum

593 3141 634 3206 ab
659 3163 696 3208 eo
720 3142 883 3227 quandam
905 3147 1087 3226 repeterent
1109 3141 1244 3226 pecunie
1269 3140 1499 3224 quantitatem,
1525 3161 1621 3225 quam
1650 3139 1754 3204 Romo
1786 3139 1851 3204 suis
1883 3141 2145 3225 procuratoribus
2176 3148 2404 3206 mutuaverant

543 3252 546 3258 ’
594 3250 703 3314 literas
727 3251 798 3334 ejus
820 3248 1014 3313 habentibus
1038 3247 1076 3311 de
1102 3255 1211 3311 mutuo
1236 3247 1465 3328 contrahenda,
1490 3247 1558 3333 ipse
1582 3269 1676 3311 suum
1696 3269 1928 3332 recognoscens
1945 3269 2014 3312 esse
2031 3248 2183 3333 sigillum,
2202 3249 2287 3334 quod
2303 3249 2403 3313 literis

593 3365 662 3422 crat
686 3359 887 3443 impressum,
904 3355 961 3419 sed
985 3375 1107 3440 negans
1131 3376 1186 3418 eas
1210 3354 1249 3418 de
1273 3375 1332 3418 sua
1354 3355 1550 3418 conscientia
1573 3355 1776 3442 processisse,
1797 3363 1981 3420 constanter
2004 3358 2141 3420 asseruit
2167 3357 2253 3442 quod
2276 3365 2403 3421 centum

592 3465 692 3530 libras
716 3466 745 3529 ei
768 3465 909 3529 solverat
933 3484 990 3549 pro
1014 3463 1176 3548 expensis,
1194 3470 1225 3525 et
1247 3468 1441 3548 potestatem
1457 3462 1520 3526 illis
1537 3470 1738 3526 concesserat
1761 3471 1796 3526 ut
1816 3464 1843 3526 si
1859 3471 1990 3550 possent
2006 3464 2140 3528 forsitan
2158 3465 2302 3529 obtinere
2319 3466 2403 3550 quod

592 3573 755 3656 Ecclesie,
779 3593 840 3658 que
865 3571 906 3634 ad
930 3570 1174 3634 alexandrinam
1198 3568 1394 3651 Ecclesiam,
1420 3570 1502 3632 sicut
1525 3571 1601 3635 olim
1623 3576 1778 3634 statutum
1810 3570 1933 3655 fuerat,
1956 3573 2170 3656 accedebant,
2198 3575 2243 3638 ire
2267 3573 2308 3638 ad
2333 3595 2404 3638 eam

593 3683 722 3746 minime
740 3687 935 3763 tenerentur,
953 3687 985 3744 et
1001 3679 1083 3764 quod
1102 3678 1129 3741 si
1145 3678 1229 3742 idem
1252 3676 1431 3763 Episcopus
1456 3686 1526 3742 octo
1551 3679 1692 3743 locorum
1716 3678 1860 3744 Ecclesic
1883 3681 2016 3766 pacifice
2036 3682 2223 3766 possideret,
2241 3704 2342 3768 usque
2362 3682 2402 3746 ad

593 3798 721 3855 centum
753 3789 988 3875 quinquaginta
1020 3787 1118 3851 libras
1148 3793 1294 3850 mutuum
1325 3786 1515 3850 contrahere
1545 3786 1656 3850 liceret
1683 3787 1823 3870 eisdem3
1847 3789 1874 3852 si
1905 3810 1981 3853 vero
2013 3790 2185 3875 impetrare
2216 3799 2347 3876 possent
2370 3799 2404 3854 ut

593 3921 703 3965 ornnes
727 3897 945 3984 possessiones
969 3895 1103 3960 ecclesie
1126 3894 1229 3958 sancti
1251 3893 1383 3957 Martini
1399 3893 1438 3957 de
1455 3893 1547 3958 Foris
1564 3894 1605 3958 ad
1621 3895 1866 3959 alexandrinam
1881 3895 2062 3960 Ecclesiam
2077 3899 2285 3982 pertinerent,
2303 3920 2402 3984 usque

594 4007 635 4070 ad
659 4011 874 4070 trecentarum
897 4003 1053 4067 librarum
1076 4022 1234 4066 summam
1258 4007 1389 4087 possent
1410 4001 1511 4064 libere
1534 4023 1554 4065 a
1577 4003 1807 4067 mercatoribus
1832 4009 1989 4068 mutuare.
2014 4003 2067 4068 Ex
2097 4005 2147 4069 bis
2179 4005 2308 4091 quidem
2338 4007 2403 4070 cvi·

593 4114 706 4178 denter
729 4119 864 4198 apparet
887 4110 962 4197 quid
988 4109 1027 4174 dc
1051 4110 1142 4173 nobis
1166 4108 1251 4172 idem
1275 4107 1454 4194 Episcopus
1478 4109 1623 4191 senserit,
1641 4131 1720 4194 quos
1736 4109 1776 4174 ad
1793 4110 1878 4174 bona
1894 4111 2112 4176 ecclesiastiea
2128 4111 2332 4178 concedenda
2348 4135 2404 4198 per

593 4221 809 4286 interventum
831 4219 967 4306 pecunie
990 4217 1098 4281 induci
1128 4238 1221 4302 posse
1244 4216 1380 4303 putabat
1411 4214 1528 4301 quidve
1552 4215 1622 4280 dari
1646 4217 1847 4281 mandaverit
1869 4239 1927 4304 pro
1951 4218 2043 4282 bonis
2071 4219 2295 4284 ecclesiasticis
2324 4222 2404 4285 obti-

592 4329 716 4410 nendis,
740 4349 812 4392 cum
836 4347 988 4412 expresse
1012 4325 1174 4388 taxaverit
1197 4331 1350 4410 quantam
1374 4345 1432 4410 pro
1457 4323 1525 4388 istis
1542 4332 1574 4388 et
1590 4331 1744 4409 quantam
1759 4346 1817 4411 pro
1835 4325 1897 4388 illis
1914 4333 2045 4411 possent
2060 4327 2230 4412 pecuniam
2246 4338 2402 4394 mutuare.

593 4436 677 4510 Quia
700 4456 777 4499 vero
801 4455 864 4498 non
888 4434 991 4498 solum
1015 4453 1035 4496 a
1059 4432 1161 4514 malo,
1185 4431 1242 4495 sed
1266 4431 1307 4495 ab
1331 4432 1417 4496 omni
1441 4432 1547 4517 specie
1572 4432 1649 4494 mali
1678 4433 1821 4518 precepit
1852 4434 2017 4518 apostolus
2049 4434 2228 4518 abstinere,
2253 4457 2311 4500 nos
2336 4437 2404 4502 zelo

592 4542 807 4607 ecclesiastice
837 4541 1016 4605 honestatis
1040 4539 1183 4622 accensi,
1207 4545 1296 4602 tante
1320 4538 1568 4624 presumptionis
1593 4559 1630 4603 ac
1653 4540 1860 4625 turpitudinis
1883 4542 2004 4604 malum
2029 4541 2189 4627 corrigere
2218 4545 2402 4628 cupientes,

592 4672 650 4737 per
673 4649 849 4735 apostolica
872 4647 964 4712 vobis
987 4647 1107 4732 scripta
1129 4645 1335 4732 precipiendo
1359 4646 1549 4710 mandamus
1566 4653 1734 4732 quatenus,
1752 4649 1942 4712 auctoritate
1966 4657 2076 4712 nostra
2093 4649 2225 4731 suffulti,
2243 4650 2404 4736 prefatum

591 4757 788 4845 Episcopum
811 4756 852 4820 ab
875 4755 1065 4820 executione
1095 4754 1288 4840 pontificalis
1319 4760 1350 4818 et
1381 4754 1590 4818 sacerdotalis
1613 4755 1718 4836 officii,
1743 4755 1870 4820 sublato
1894 4755 2065 4840 cujuslibet
2089 4758 2349 4822 contradictionis
2373 4767 2406 4824 et

592 4864 818 4951 appellationis
842 4862 1027 4945 obstaculo,
1052 4861 1180 4948 publice
1204 4861 1425 4948 suspendatis,
1450 4869 1485 4925 ut
1508 4863 1578 4945 ejus
1601 4863 1750 4948 exemplo
1774 4863 1891 4927 similia
1914 4863 2013 4928 ceteri
2036 4885 2133 4949 agere
2156 4865 2404 4952 pertimescant,

592 4973 747 5038 facientes
771 4970 963 5036 seutentiam
987 4970 1205 5056 suspensionis
1227 4968 1412 5053 hujusmodi
1436 4991 1493 5054 per
1517 4991 1685 5034 censuram
1708 4971 1960 5036 ecclesiasticam
1982 4971 2116 5036 firmiter
2139 4973 2314 5037 observari.

680 5079 801 5143 Datum
824 5076 979 5142 Laterani
1002 5097 1048 5142 1v.
1074 5077 1144 5140 idus
1169 5077 1318 5160 octobris,
1343 5075 1560 5161 [pontificatus
1584 5078 1696 5161 nostri]
1722 5099 1806 5143 anno
1830 5099 1903 5146 xlv.

1478 5385 1521 5450 X.

1317 5584 1413 5666 1213,
1437 5585 1480 5647 26
1504 5584 1681 5649 acamrrbris.

899 5777 951 5842 Ex
982 5779 1069 5842 arch.
1098 5779 1186 5844 Max.
1218 5780 1310 5862 bon.,
1335 5786 1411 5844 acet.
1441 5804 1455 5838 ι
1482 5780 1664 5845 Demanialc
1689 5807 1719 5862 a,
1744 5803 1830 5846 num.
1856 5761 1926 5876 ἐξ,
1951 5783 2020 5847 doc.
2047 5785 2100 5846 24.

681 5995 775 6060 Anno
799 5995 930 6059 Domini
954 5995 1123 6064 millesimo
1147 5996 1271 6080 ccxiij.‚
1296 5995 1348 6060 die
1372 6017 1402 6059 v.
1427 6003 1565 6060 exeunte
1589 5996 1765 6080 novembri,
1789 5997 1962 6062 indictione
1986 5999 2098 6084 prima.
2124 5997 2163 6063 In
2186 6001 2348 6084 presentia
2374 6009 2409 6064 et

592 6105 773 6170 testimonio
791 6103 910 6168 domini
927 6103 1061 6166 Hearici
1077 6102 1182 6166 Eleeti
1198 6103 1414 6183 bononiensis,
1431 6103 1576 6188 magistri
1592 6103 1741 6169 Bonidiei
1758 6154 1965 6169 .......
1990 6106 2134 6170 Alberici
2154 6107 2281 6188 notarii,
2298 6106 2409 6171 domni

591 6213 743 6296 stardi,
761 6213 869 6278 domni
893 6211 1029 6274 Marsilii
1052 6210 1194 6292 Filicari,
1211 6210 1386 6274 Rolandini
1410 6209 1644 6294 Bonincambii,
1662 6212 1790 6294 Arardi,
1808 6212 1960 6276 Graniani
1981 6213 2020 6276 dc
2038 6213 2177 6277 Gazettis
2205 6220 2265 6277 etc.
2287 6235 2410 6278 merca-

671 6461 710 6528 (1)
730 6462 780 6530 Ep.
794 6461 893 6513 CXIV.
912 6461 1006 6514 innoc.
1020 6461 1086 6528 ΙΙΙ.,
1100 6478 1144 6514 an.
1157 6461 1369 6528 Mccxl.,xl1.
1382 6461 1471 6514 octob.

673 6555 712 6620 (2)
732 6553 845 6622 Legitur
863 6569 878 6603 e
900 6553 1030 6618 Greporio
1050 6569 1074 6603 r.
