5484 7746
664 599 739 668 264
1444 617 1684 668 nonunanra

662 773 836 838 festivitate
861 775 964 838 sancti
987 773 1173 856 Michaelis,
1198 784 1229 838 et
1254 774 1335 838 alias
1358 773 1404 858 iij.
1428 773 1460 836 in
1485 773 1612 838 Pascha
1635 773 1910 858 Resurrectiouis3
1933 775 2053 838 habeat
2076 795 2203 860 quoque
2227 782 2259 839 et
2283 779 2392 838 teneat
2415 773 2474 838 Sa-

662 881 759 946 crista
783 883 933 947 denarios
956 890 988 947 et
1013 882 1164 947 candelas
1187 883 1281 947 unius
1304 883 1428 947 brachii
1452 890 1485 946 et
1508 883 1593 946 iufra
1616 883 1785 946 missarum
1809 883 1991 948 votivorum
2018 904 2098 968 quas
2122 881 2300 947 cantabunt
2323 881 2400 944 dicti
2422 901 2473 944 sa·

661 990 815 1054 cerdotes.
842 989 973 1054 Ceteras
998 998 1105 1054 autern
1130 991 1308 1055 oblationes
1332 991 1474 1076 ipsarum
1499 991 1669 1054 missarum
1693 997 1725 1054 et
1748 1011 1858 1054 omnes
1882 989 2031 1055 denarios
2048 997 2080 1053 et
2099 990 2280 1054 oblationes
2303 989 2473 1052 missarum

662 1119 741 1182 quas
766 1098 943 1162 cantabunt
966 1098 1062 1162 alicui
1087 1099 1232 1162 societati
1256 1098 1317 1184 ipsi
1341 1098 1534 1180 sacerdotes,
1552 1105 1584 1162 et
1601 1099 1632 1163 in
1649 1098 1700 1162 die
1721 1098 1847 1162 veneris
1871 1097 1912 1162 ad
1936 1099 2091 1162 honorem
2114 1104 2225 1161 sancte
2249 1095 2372 1176 Crucis,
2389 1101 2421 1158 et
2441 1095 2472 1158 iu

660 1205 711 1268 die
736 1205 862 1270 sabbati
887 1206 926 1269 ad
950 1206 1105 1270 honorem
1129 1215 1238 1270 sancte
1262 1205 1376 1288 Marie,
1394 1205 1536 1290 assignet
1561 1205 1704 1270 Sacrista
1727 1205 1898 1270 canevario
1919 1205 1974 1292 qui
1997 1227 2055 1291 pro
2072 1211 2216 1290 tempore
2240 1204 2311 1268 erit.
2338 1203 2372 1268 Si
2396 1203 2473 1266 civi·

659 1319 769 1394 tatem,
787 1313 872 1398 quod
898 1313 991 1394 absit,
1009 1314 1179 1398 contigerit
1202 1314 1372 1377 interdicto
1396 1314 1540 1398 generali
1564 1313 1711 1400 supponi,
1728 1334 1786 1400 pro
1810 1312 1961 1399 predictis
1985 1312 2126 1377 denariis
2142 1320 2175 1376 et
2191 1310 2333 1376 candelis
2349 1311 2473 1374 votiva·

660 1442 731 1483 rum
756 1421 936 1503 missarum,
955 1421 1098 1484 Sacrista
1121 1421 1450 1507 recompensationem
1475 1421 1609 1507 recipiat
1633 1443 1652 1483 a
1673 1420 1866 1484 Camerariis
1884 1420 2024 1506 Capituli
2041 1426 2286 1506 competentem.
2304 1418 2473 1482 Cameram

660 1548 786 1612 quoque
808 1529 904 1611 juxta
928 1529 1107 1592 sacristiam
1132 1537 1163 1590 et
1186 1529 1376 1615 campanile,
1395 1549 1456 1615 que
1480 1529 1646 1592 consuevit
1669 1527 1740 1592 dari
1763 1528 1805 1591 ad
1828 1528 2025 1613 pensionem,
2048 1535 2121 1613 post
2144 1526 2262 1590 festum
2285 1525 2389 1589 saneti
2412 1523 2473 1588 ni-

660 1635 779 1699 chaelis
804 1636 986 1721 proximum
1011 1637 1130 1700 haheat
1155 1635 1296 1700 Sacrista
1320 1636 1360 1700 ad
1384 1658 1477 1700 usum
1502 1658 1594 1700 suurn
1619 1644 1785 1700 eteorum
1810 1637 1959 1721 quicum
1983 1642 2157 1716 eoerunt,
2181 1635 2226 1699 ita
2257 1632 2343 1719 quod
2371 1653 2472 1718 usque

658 1743 700 1806 ad
724 1751 862 1828 quatuor
886 1765 986 1807 arrnos
1011 1765 1170 1808 cameram
1195 1744 1284 1807 illam
1308 1743 1413 1808 elevet
1437 1766 1509 1808 cum
1532 1744 1682 1830 expensis
1705 1743 1860 1826 sacristis,
1877 1751 1985 1830 preter
2001 1764 2118 1828 panem
2135 1750 2167 1806 et
2183 1741 2292 1805 vinum
2314 1761 2375 1826 que
2399 1761 2471 1825 pcr-

659 1850 755 1936 cipiet
779 1871 798 1913 a
823 1850 983 1937 Capitulo,
1005 1858 1040 1915 ut
1064 1851 1202 1937 desuper
1225 1851 1345 1914 habeat
1368 1873 1528 1916 cameram
1553 1851 1705 1934 Sacrista,
1726 1859 1759 1915 et
1781 1850 1848 1932 illa,
1865 1872 1927 1936 que
1951 1871 2035 1914 nune
2059 1857 2117 1931 est,
2134 1849 2224 1913 linito
2248 1847 2471 1934 quadriennio,

660 1957 809 2044 Cupitnlo
834 1958 1023 2022 dimittatur.
1045 1959 1156 2022 Dictos
1181 1980 1307 2044 quoque
1331 1958 1514 2023 sacerdotes
1538 1959 1675 2044 accipiat
1691 1965 1723 2023 et
1739 1967 1887 2022 amoveat
1905 1957 2057 2040 Sacrista,
2075 1958 2157 2020 siout
2173 1955 2290 2020 viderit
2306 1953 2470 2040 expedire,

659 2065 791 2129 consilio
817 2065 958 2149 Capituli
982 2067 1145 2150 requisito.
1171 2066 1257 2130 Dieti
1281 2087 1408 2152 quoque
1433 2066 1615 2130 sacerdotes
1639 2073 1671 2129 et
1694 2066 1758 2130 duo
1782 2065 1889 2130 clerici
1913 2065 2101 2146 servientes,
2122 2063 2208 2151 quod
2231 2063 2428 2127 credentiam
2450 2083 2472 2126 a

658 2173 807 2259 Capitulo
839 2172 889 2236 vel
923 2172 1064 2236 Sacrista
1097 2174 1274 2256 injunctam
1306 2195 1368 2237 non
1393 2172 1584 2237 revelabunt
1615 2180 1648 2236 ct
1680 2194 1730 2237 res
1761 2173 1905 2237 sacristia
1929 2179 1962 2236 et
1985 2172 2220 2236 Canonicorum
2244 2171 2383 2236 scienter
2406 2191 2470 2234 uon

658 2280 864 2362 fraudabunt,
890 2287 1038 2366 presente
1063 2281 1223 2366 Capitulo,
1247 2281 1438 2367 prestahunt
1461 2281 1671 2367 corporaliter
1691 2282 1923 2366 juramentum.

745 2387 864 2452 Actum
889 2408 972 2451 auno
998 2389 1128 2452 Domini
1150 2409 1186 2452 n.
1198 2407 1245 2451 ce.
1256 2390 1340 2472 xxj.,
1366 2388 1512 2452 kalendis
1537 2388 1730 2452 novembris.
1754 2387 1799 2452 Ut
1815 2395 1923 2452 autem
1939 2388 1998 2452 heo
2014 2387 2137 2450 firmius
2154 2387 2367 2450 observentur
2382 2392 2414 2448 et
2429 2385 2470 2448 de

657 2494 718 2558 hiis
743 2495 951 2581 imposterum
975 2517 1038 2558 non
1063 2495 1236 2578 dubitetur,
1262 2496 1345 2560 hane
1368 2504 1489 2560 cartam
1514 2496 1630 2560 nostris
1654 2497 1769 2580 sigillis
1793 2495 1927 2560 lecimus
1951 2495 2098 2579 sigillari.

1496 2797 1626 2862 XXIII.

1431 2995 1526 3078 1224,
1550 2995 1594 3057 20
1616 2996 1701 3058 carnii.

1001 3191 1052 3256 Ex
1077 3193 1343 3279 archiepiscopali
1365 3193 1497 3257 archivo
1521 3199 1709 3274 ravennate,
1733 3213 1831 3279 capsa
1853 3191 1892 3274 E,
1917 3213 2003 3255 num.
2032 3193 2126 3255 1488.

744 3407 839 3471 Anno
865 3428 883 3469 a
909 3407 1076 3470 nativitate
1104 3406 1236 3472 Domini
1267 3406 1435 3470 millesimo
1460 3406 1678 3470 ducentesimo
1702 3407 1855 3470 vicesimo
1883 3413 2016 3492 quarto,
2040 3405 2092 3469 dic
2116 3403 2305 3468 duodecimo
2329 3411 2470 3468 excunte

655 3514 771 3596 madio,
789 3515 962 3579 indictione
987 3513 1186 3596 duodecima,
1205 3515 1358 3598 magister
1374 3515 1570 3596 Tancredus,
1587 3514 1793 3578 bononiensis
1815 3515 1997 3596 canonicus,
2015 3513 2163 3576 detentus
2181 3512 2377 3592 infirmitate,
2395 3533 2469 3597 pro-

655 3629 790 3685 testatus
815 3621 874 3685 fuit
899 3629 931 3686 et
954 3622 1036 3685 dixit
1060 3644 1168 3686 eoram
1192 3621 1321 3686 domino
1344 3621 1498 3704 HenricO,
1515 3622 1579 3686 Dei
1601 3622 1707 3706 gratia
1729 3621 1875 3685 Bononia
1899 3622 2059 3706 episcope,
2077 3628 2109 3684 et
2125 3641 2233 3684 coram
2253 3619 2469 3704 infrascriptis

654 3729 800 3810 testibus,
818 3730 850 3793 in
876 3729 973 3793 verbo
999 3730 1143 3793 veritatis
1160 3729 1322 3794 affirmans
1339 3737 1370 3793 et
1395 3730 1426 3793 iu
1450 3730 1568 3793 virtute
1593 3728 1732 3815 Spiritus
1756 3728 1866 3793 Sancti
1890 3728 2052 3811 adiurans,
2069 3727 2154 3813 quod
2170 3727 2318 3791 domiuus
2335 3726 2470 3811 Symou,

654 3836 717 3901 Dei
741 3837 846 3922 gratia
870 3857 1029 3900 ravennas
1053 3836 1339 3923 Archiepiscopus,
1364 3858 1529 3923 nunquam
1553 3837 1730 3901 donaverat
1745 3836 1798 3900 vel
1821 3835 1935 3900 donari
1957 3835 2078 3899 lecerat
2106 3856 2163 3898 seu
2187 3834 2257 3898 dari
2279 3855 2337 3920 per
2357 3855 2391 3898 se
2416 3832 2470 3897 vel

653 3945 836 4031 paralium,
854 3945 915 4008 sihi
932 3966 990 4009 nec
1014 3945 1109 4009 alicui
1134 3945 1189 4008 alii
1211 3967 1270 4032 pro
1295 3967 1339 4026 se,
1357 3967 1474 4031 equum
1499 3945 1649 4030 aliquem,
1667 3966 1726 4009 neo
1742 3965 1880 4030 cuppam
1897 3952 2095 4029 argenteam,
2112 3964 2216 4028 neque
2233 3942 2363 4028 aliquod
2379 3940 2470 4005 aliud

654 4051 772 4115 donum
798 4052 905 4137 aliquo
930 4061 1073 4139 ternpore
1097 4075 1233 4139 parvurn
1249 4052 1301 4116 vel
1325 4073 1488 4137 magnum,
1505 4053 1617 4116 valens
1634 4053 1764 4116 unicum
1780 4051 1965 4133 denarium3
1983 4058 2015 4115 et
2031 4051 2116 4136 quod
2132 4071 2190 4137 per
2205 4057 2308 4114 totum
2325 4071 2471 4113 mensem

652 4158 739 4236 iulii,
765 4159 894 4244 augusti
918 4167 949 4222 et
979 4159 1170 4246 septembris
1194 4159 1333 4246 proximi
1355 4159 1499 4244 preteriti
1530 4180 1657 4244 semper
1679 4159 1741 4223 luit
1766 4160 1799 4222 in
1823 4159 1953 4223 civitate
1985 4158 2037 4222 vel
2060 4157 2180 4221 diocesi
2203 4156 2411 4238 bononiensi,
2437 4161 2471 4218 et

652 4267 683 4328 in
710 4267 772 4329 illis
796 4267 899 4330 trihus
921 4267 1084 4331 mensibus
1107 4288 1171 4330 non
1195 4267 1296 4330 exivit
1320 4266 1483 4330 civitatem
1503 4267 1555 4330 vel
1572 4267 1723 4330 diocesim
1740 4266 1980 4330 bononiensem.
1997 4265 2039 4330 Et
2056 4263 2141 4351 quod
2156 4263 2273 4348 viginti
2288 4263 2365 4326 anni
2381 4269 2469 4345 sunt,

653 4381 685 4436 et
706 4374 789 4458 plus,
814 4373 898 4458 quod
922 4395 985 4437 non
1010 4375 1141 4438 intravit
1165 4374 1329 4438 civitatem
1353 4373 1508 4438 Ravenna
1540 4374 1593 4437 vel
1619 4374 1688 4437 eius
1719 4374 1898 4438 districtum
1928 4374 1990 4437 nisi
2018 4373 2132 4455 semel,
2161 4379 2192 4436 et
2216 4371 2277 4435 hoc
2301 4371 2333 4434 in
2357 4391 2469 4432 meuse

652 4481 763 4566 aprilis
788 4480 819 4544 in
844 4481 1019 4546 festivitate
1043 4482 1145 4545 sancti
1168 4481 1297 4545 Vitalis.
1321 4480 1364 4544 Et
1387 4502 1551 4567 nunquam
1575 4480 1713 4544 comedit
1734 4503 1806 4544 cum
1823 4481 1935 4545 codem
1952 4481 2205 4567 archiepiscopo,
2222 4499 2281 4542 nee
2298 4477 2377 4542 bibit
2395 4498 2471 4540 curn

652 4608 700 4669 eo,
718 4587 803 4673 quod
821 4588 1014 4670 recordetur,
1032 4588 1093 4651 nisi
1110 4588 1219 4671 semel,
1237 4588 1365 4674 quando
1385 4596 1455 4652 erat
1477 4609 1549 4652 cunr
1574 4589 1723 4674 episcopo
1747 4610 1804 4653 suo
1828 4588 2028 4652 bononiensi.
2045 4588 2088 4652 Et
2112 4608 2208 4674 super
2231 4586 2293 4650 hiis
2318 4585 2470 4648 omuibus

651 4702 783 4779 paratus
807 4703 855 4758 est
879 4695 985 4759 facere
1009 4695 1104 4758 iidern
1128 4696 1272 4782 plenario
1296 4718 1354 4759 suo
1378 4696 1570 4759 iuramento.

739 4802 823 4867 Acta
848 4811 922 4866 sunt
944 4803 1003 4866 hee
1028 4804 1113 4889 apud
1137 4804 1325 4867 eanonicam
1349 4803 1579 4867 bononiensem
1595 4803 1628 4866 in
1644 4825 1772 4867 camera
1788 4803 1924 4890 predicti
1939 4803 2086 4889 magistri
2102 4801 2276 4884 Taucredi,
2292 4799 2470 4864 indictione

651 4910 813 4994 predicta;
837 4918 986 4997 presente
1015 4911 1099 4975 dieto
1132 4911 1261 4975 domino
1285 4911 1435 4997 episcopo
1466 4911 1629 4992 Bononia,
1654 4917 1686 4974 et
1709 4911 1912 4996 presentibus
1935 4911 2071 4975 testibus
2095 4910 2223 4974 domino
2248 4907 2402 4972 Guidotto
2429 4906 2470 4969 de

651 5017 808 5103 Corrigia,
826 5019 979 5083 canonico
1002 5019 1209 5100 bononiense,
1227 5019 1356 5082 domino
1372 5018 1585 5100 Bernsrdino,
1603 5019 1757 5082 canonico
1778 5018 1953 5099 faventino,
1971 5018 2125 5103 magistro
2147 5017 2261 5081 Amico
2285 5015 2471 5090 florentino,

650 5124 822 5190 Zantuliuo
846 5127 962 5190 clerico
987 5125 1026 5190 de
1051 5125 1270 5212 Crespellano,
1295 5133 1327 5189 et
1350 5125 1478 5190 domino
1503 5125 1651 5190 Gnidone
1675 5126 1714 5189 de
1739 5126 1880 5190 Castello
1905 5133 1937 5188 et
1960 5126 2031 5189 aliis
2055 5125 2213 5211 pluribus.

740 5233 798 5314 (L.
815 5235 837 5316 †
855 5233 902 5317 S.)
925 5233 968 5297 Et
991 5256 1051 5318 ego
1075 5233 1278 5298 Lanfrancus
1301 5233 1482 5319 Papiensis,
1507 5233 1682 5318 imperialis
1706 5233 1779 5297 aule
1803 5233 1961 5316 notarius,
1986 5233 2118 5296 interfui
2141 5231 2283 5318 predicte
2306 5237 2471 5318 protesta-

651 5341 740 5423 tioni,
764 5347 796 5404 et
819 5348 951 5425 rogatus
976 5362 995 5404 a
1019 5341 1104 5404 dicto
1128 5341 1282 5426 magistro
1306 5340 1484 5422 Tancredo,
1509 5341 1592 5404 hano
1616 5347 1738 5404 cartam
1762 5340 1875 5426 scripsi
1898 5347 1930 5404 et
1953 5341 2127 5427 publicavi.

1495 5645 1621 5709 XXIV.

1375 5843 1471 5926 1224,
1495 5843 1539 5906 26
1562 5845 1696 5928 eliquati.

2173 6019 2231 6133 ,²⁰¹3,
2256 6038 2325 6102 doc.
2347 6040 2404 6100 41.

719 6036 771 6101 Ex
796 6039 882 6102 arch.
908 6038 1045 6124 Metrop.
1065 6038 1159 6120 hon,
1185 6060 1268 6102 nuuc
1291 6039 1323 6102 in
1348 6038 1429 6104 Tah.
1453 6039 1542 6104 Max.
1567 6039 1659 6122 bon,
1677 6047 1754 6103 sect.
1777 6039 1992 6104 «Dernonialc
2009 6065 2038 6121 ›,
2065 6060 2171 6103 num.-

737 6254 775 6318 In
809 6253 873 6318 Dei
905 6255 1052 6336 nomine,
1078 6275 1182 6319 amen.
1206 6255 1303 6319 Anno
1331 6255 1463 6320 Domini
1491 6255 1662 6320 millesimo
1692 6256 1911 6322 ducentesimo
1944 6256 2095 6321 vicesimo
2128 6261 2259 6341 quarto,
2288 6253 2339 6317 die
2370 6261 2475 6320 sexto

647 6368 787 6426 exeunte
810 6368 960 6446 augusto,
978 6361 1152 6426 indictione
1176 6361 1375 6426 duodecima.
1397 6361 1479 6427 Cum
1501 6363 1585 6426 iuter
1609 6363 1793 6449 Capitulum
1816 6364 2022 6428 bononiensis
2045 6363 2189 6428 Ecclesia
2214 6385 2256 6427 ex
2275 6383 2339 6426 uua
2359 6369 2473 6447 parte,

648 6474 680 6532 et
702 6468 867 6533 dominum
890 6469 1037 6533 Azonem
1060 6469 1241 6552 Abbatem,
1265 6477 1297 6532 et
1324 6477 1518 6534 conventum
1541 6471 1729 6535 monasterii
1752 6472 1855 6535 serrati
1888 6471 2044 6557 Stephani
2077 6471 2282 6536 bononiensis
2312 6491 2353 6534 ex
2389 6471 2474 6552 alia,
