5492 7750
874 1203 1630 1370 MONUMENTA

1113 1521 1396 1588 SPEOTANTIA

570 1745 687 1853 AD
737 1741 1350 1855 BONONIENSEM
1400 1740 1939 1851 ACADEMIAM.

438 2647 602 2712 Peodromi
625 2649 686 2712 loco
707 2649 768 2712 sint
786 2669 890 2732 pauca
913 2648 1064 2732 quaedam
1086 2646 1278 2712 reiterandae
1299 2649 1493 2732 antiquitatis
1514 2653 1710 2711 rnortumenta
1733 2646 1776 2710 acl
1798 2653 1935 2710 nostram
1949 2645 2028 2710 banc
2043 2646 2160 2710 Acade·

347 2731 442 2820 enisum
464 2757 640 2840 spectantia,
657 2777 734 2840 quae
758 2762 784 2819 et
807 2755 902 2820 eidem
918 2755 1145 2839 perhonorifica
1164 2762 1247 2836 suist,
1264 2761 1290 2818 et
1312 2755 1355 2818 ad
1370 2755 1454 2818 iltius
1469 2754 1627 2818 historiam
1643 2755 1740 2838 inopis
1755 2753 1974 2817 illustrandam
1984 2754 2160 2838 plurimum

348 2864 523 2947 conferunt.
541 2862 693 2927 Dedimus
709 2864 771 2926 iam
787 2864 821 2926 in
839 2861 1036 2945 lhaefatione
1051 2862 1094 2926 ad
1106 2864 1242 2946 primam
1259 2869 1393 2946 pontem,
1403 2883 1478 2946 pop.
1488 2859 1561 2924 XX
1566 2860 1597 2922 V
1596 2911 1619 2940 .,
1630 2861 1654 2942 5
1665 2859 1740 2924 XX
1738 2910 1760 2942 .,
1777 2861 1894 2925 litteras
1909 2860 2084 2925 Alexandri
2098 2860 2164 2926 ΙΙΙ.

347 2971 390 3035 od
411 2970 611 3035 Academiam
635 2969 845 3034 bononiensem
868 2971 1015 3054 scraptae,
1039 2977 1066 3033 et
1088 2968 1197 3033 ibidem
1221 2970 1301 3033 alias
1324 2969 1458 3052 ejusdem
1475 2969 1638 3053 pontificis,
1658 2989 1735 3053 quae
1757 2969 1799 3032 ad
1820 2968 1934 3031 scholas
1955 2975 2075 3032 nostras
2091 2989 2164 3052 per·

346 3079 444 3142 tinere
460 3085 600 3163 possent,
624 3097 679 3141 nos
707 3077 834 3141 datuurus
859 3078 1080 3162 promisimus:
1102 3075 1155 3141 sed
1184 3076 1283 3159 iresca,
1307 3077 1369 3140 loco
1397 3076 1622 3162 opportstniore,
1646 3075 1751 3139 dotum
1777 3075 1870 3157 fidem
1894 3073 2097 3139 liberabimus.
2121 3074 2163 3138 In

347 3185 536 3250 recensendis
557 3192 659 3248 autem
683 3185 886 3248 monumentis
910 3185 989 3248 ratio
1011 3183 1114 3248 isabito
1138 3191 1179 3248 est
1202 3185 1345 3268 temporis
1368 3183 1552 3247 eoinsmdem.

1242 3733 1268 3797 1.

1125 3967 1221 4050 1217,
1246 3967 1290 4030 27
1312 3968 1386 4031 uos.

637 4198 690 4264 Ex
716 4208 802 4264 tomo
828 4198 1021 4263 XXXXIV.
1049 4198 1166 4263 Codicis
1189 4198 1387 4283 Diplomatici
1408 4199 1621 4282 Bononiensis,
1645 4221 1731 4263 num.
1755 4198 1829 4263 XV.
1839 4199 1877 4264 (l)

347 4432 461 4518 [ltebet
486 4431 629 4515 Pontifee
653 4431 795 4495 Potestati
817 4429 923 4494 bonon.
950 4437 985 4494 ut
1010 4429 1141 4514 Statuta,
1164 4438 1270 4494 contra
1293 4431 1477 4495 scholarium
1501 4431 1667 4496 titulatam
1690 4432 1821 4514 condita,
1840 4433 1985 4516 protinus
2006 4431 2127 4516 obrepet
2129 4429 2162 4512 ].

434 4683 599 4748 Honorius
622 4681 687 4746 ΙΙΙ.
705 4681 744 4746 (²)
769 4681 929 4746 Potestati
953 4681 1153 4746 bononiensi.

435 4791 487 4855 Ex
503 4798 614 4856 tenore
631 4791 822 4872 litterarum,
840 4811 920 4875 quas
939 4790 1031 4853 nobis
1052 4796 1108 4853 tua
1130 4789 1258 4853 devotio
1282 4789 1466 4871 destinavit,
1491 4791 1654 4876 colligitur
1677 4789 1857 4872 manifeste,
1883 4788 1968 4875 quod
1991 4789 2030 4853 ad
2056 4789 2164 4854 obser-

347 4899 510 4963 uationem
535 4897 704 4982 eujusdam
725 4895 845 4961 Statuit
864 4904 908 4980 te,
925 4898 1109 4981 juramento
1133 4896 1332 4983 interposito,
1354 4903 1444 4962 tanto
1469 4897 1679 4962 inconsultius
1704 4896 1887 4982 obbligasti,
1912 4903 2033 4983 quanto
2056 4897 2163 4961 verius

345 5013 471 5071 constat
503 5005 584 5070 illud
605 5026 670 5068 non
702 5005 771 5068 sine
803 5004 925 5069 lesione
955 5004 1142 5090 interposite
1173 5004 1248 5068 fidei
1271 5025 1365 5090 posse
1396 5006 1537 5088 serrari,
1561 5005 1623 5069 nisi
1653 5004 1816 5069 scholares
1840 5004 1874 5067 in
1896 5003 2004 5090 aliquo
2028 5004 2165 5069 duorum

346 5134 478 5177 casuum
501 5112 750 5198 degenerarent,
777 5120 833 5176 aut
856 5133 912 5175 eos
937 5112 1052 5175 saltem
1075 5111 1164 5176 exire
1196 5112 1235 5176 de
1267 5120 1353 5176 terra
1384 5113 1610 5199 compelleres,
1634 5113 1662 5175 ei
1691 5119 1800 5177 tamen
1833 5112 1901 5175 sine
1928 5112 2071 5198 perjurio
2103 5110 2163 5177 tibi

344 5221 414 5306 jain
438 5220 544 5302 liceat,
562 5219 616 5305 qui
639 5218 673 5283 id
693 5217 799 5282 iacere
823 5218 908 5282 inira
933 5218 1014 5282 duos
1038 5240 1163 5283 menses
1184 5221 1361 5304 juramenti
1384 5221 1492 5284 debito
1515 5220 1688 5284 tenebaris.
1711 5219 1916 5305 Quapropter
1938 5218 2163 5284 discretionem

345 5334 435 5392 tuam
457 5347 624 5391 monemus
648 5333 680 5390 et
704 5327 916 5391 exhortamur
932 5325 965 5388 in
981 5325 1131 5409 Domino,
1152 5349 1210 5414 per
1226 5326 1414 5414 Apostolica
1438 5326 1496 5391 tibi
1520 5328 1639 5414 scripta
1655 5326 1855 5410 mandantes,
1874 5331 2031 5412 quatenus
2055 5326 2082 5390 si
2105 5326 2163 5390 ali-

346 5457 483 5522 quorum
508 5436 642 5500 consilio
663 5436 733 5520 jam
757 5435 908 5499 emissum
929 5434 1063 5498 honeste
1084 5435 1204 5520 poteris
1228 5457 1379 5500 revocare
1403 5435 1608 5519 mandatum,
1632 5434 1712 5499 illud
1736 5454 1867 5498 revoces
1891 5434 1959 5497 eine
1982 5455 2083 5516 mora,
2108 5441 2164 5498 aut

348 5542 389 5606 ad
418 5542 522 5606 minue
555 5542 615 5607 sub
643 5540 897 5606 dissimulatione
924 5547 1147 5627 pertranseam
1171 5542 1342 5628 diligenter
1366 5543 1545 5627 attendens,
1569 5565 1610 5607 an
1634 5542 1787 5629 expediat
1810 5540 1942 5624 civitati,
1967 5541 2018 5605 eui
2042 5541 2164 5606 utiliter

347 5671 476 5735 preesse
494 5650 625 5732 teneris,
642 5649 805 5714 scholares
822 5648 951 5734 expelli,
970 5670 1105 5734 quorum
1121 5649 1277 5715 hactenus
1292 5652 1455 5737 presentia
1472 5652 1533 5738 ipsi
1552 5651 1659 5716 extitit
1675 5649 1895 5736 multiplieiter
1917 5649 2091 5714 fructuosa.

438 5757 563 5822 Datum
580 5757 731 5843 Anagnia
749 5763 841 5821 sexto
857 5755 1015 5820 kalendas
1028 5758 1122 5842 junii,
1138 5758 1349 5822 Pontificatue
1366 5759 1467 5822 nostri
1483 5781 1568 5824 anno
1584 5759 1696 5845 primo.

425 6257 463 6318 (1)
477 6253 528 6306 Hie
539 6254 634 6320 codex,
646 6255 805 6308 distributus
819 6256 845 6308 in
857 6255 1095 6323 tomuxxxlu,
1105 6258 1226 6309 eontinet
1283 6275 1342 6310 mus
1354 6257 1548 6310 Cerretantinus
1557 6257 1698 6328 Rogerius.
1707 6258 1787 6310 Hune
1798 6259 1920 6311 eodieem
1931 6259 2080 6311 transmisit
2091 6259 2163 6310 idem

345 6347 439 6395 uetera
458 6346 636 6395 monumento
654 6347 712 6395 tum
732 6344 765 6396 ad
785 6345 892 6396 scholas
912 6345 1101 6411 bononienses,
1114 6350 1172 6398 tum
1191 6346 1225 6398 ad
1281 6348 1411 6399 Pontifex
1429 6347 1589 6414 Bononiam,
1603 6352 1633 6400 ut
1646 6349 1674 6400 in
1687 6349 1832 6401 secretiore
1846 6348 2028 6401 scientiarum
2041 6349 2163 6402 Instituti

345 6432 506 6497 Ecclesiam,
520 6436 578 6483 tum
597 6432 632 6484 ad
651 6434 789 6486 civitatem
807 6435 981 6503 pertinentia,
995 6453 1074 6504 quae,
1085 6437 1165 6504 jussu
1178 6435 1229 6488 Be·
1283 6437 1456 6489 Bibliotheca
1475 6443 1636 6490 servaretur.

344 6521 445 6574 nedicti
459 6521 549 6587 xla,
564 6538 598 6574 ex
614 6524 733 6576 romanis
747 6523 873 6576 Archisis
892 6524 1003 6594 collegit
1021 6526 1087 6576 olim
1106 6525 1223 6578 elatissi-
1360 6528 1401 6593 (2)
1414 6527 1456 6578 Ex
1476 6529 1571 6581 eodem
1584 6529 1652 6598 Reg.
1667 6529 1780 6582 Honorii
1791 6528 1858 6595 IlI.,
1872 6531 1951 6599 epist.
1972 6535 2032 6597 454,
2043 6531 2091 6584 fol.
2103 6535 2162 6583 110.
