5484 7746
849 935 1605 1104 MONUMENTA

1088 1269 1371 1336 SPEOTANTIA

447 1516 571 1625 AD
625 1494 1042 1624 OLASSEM
1095 1505 2016 1618 ARCHIDIACONORUM

725 1775 1153 1887 EOOLESIAE
1202 1770 1741 1883 BONONIENSIS.

1220 2857 1247 2922 I.

1103 3071 1267 3156 noum
1290 3073 1369 3136 iulii.

509 3290 560 3353 Ex
585 3289 717 3354 archivo
742 3287 883 3373 Capituli
908 3285 1181 3372 ltletropolitanae
1205 3284 1422 3368 bononiensis,
1445 3305 1542 3370 capsa
1566 3283 1605 3367 B,
1630 3305 1717 3348 num.
1741 3283 1786 3367 1.‚
1810 3283 1880 3350 doc.
1908 3287 1958 3349 11.

414 3503 466 3586 l[u
492 3501 634 3585 nomine]
658 3499 782 3583 s[anote
799 3506 830 3564 et
847 3498 1026 3582 i]ndividue
1043 3499 1220 3563 Trinitatis.
1238 3500 1333 3563 Anno
1349 3497 1517 3562 Dominicc
1533 3497 1769 3562 incarnacionis
1785 3498 1954 3562 millesimo
1971 3501 2144 3566 centesimo

324 3613 438 3697 quinto
451 3611 501 3694 (ll,
522 3617 637 3696 quarto
661 3609 785 3673 decimo
809 3606 966 3671 kalendas
990 3607 1129 3692 augusti,
1146 3605 1319 3671 indictione
1342 3605 1578 3671 terciadecima.
1602 3604 1674 3690 Ego
1697 3605 1827 3690 quidem
1849 3606 1882 3671 in
1905 3605 1969 3671 Dei
1991 3606 2144 3692 [norni]ne

325 3719 463 3784 Matilda
486 3718 549 3782 Dei
572 3717 678 3802 gratia
703 3715 889 3800 cometipsa,
906 3713 973 3778 lilia
997 3712 1185 3799 q[u]ondam
1208 3714 1291 3778 bone
1314 3713 1467 3778 memorie
1489 3712 1658 3777 Bonesacii
1674 3712 1764 3778 ducis
1788 3721 1821 3778 et
1839 3715 2044 3798 marchionis,
2060 3716 2144 3782 bono

326 3827 433 3892 animo
458 3833 490 3890 et
514 3823 690 3890 voluntatis
713 3823 822 3909 placet
844 3827 877 3884 et
901 3820 1050 3886 convenit
1072 3820 1165 3902 mihi,
1182 3827 1217 3884 ut
1239 3842 1298 3907 per
1321 3821 1404 3885 hanc
1427 3820 1584 3885 cartulam
1608 3819 1788 3885 offersionis
1812 3829 1908 3908 atque
1932 3824 2146 3888 concessionis

327 3955 346 3998 a
372 3932 515 4018 presenti
537 3929 589 3994 die
612 3930 653 3994 do
678 3937 775 4014 atque
800 3927 941 3993 concedo
965 3928 997 3992 in
1021 3927 1176 3992 canonica
1199 3928 1302 3992 sancti
1325 3927 1415 3991 Petri
1437 3928 1643 3992 bononiensis
1667 3928 1812 4012 ecclesie,
1836 3937 1869 3993 et
1891 3930 1982 3996 robis
2009 3930 2146 3995 dominis

328 4039 517 4104 Dominicus
538 4036 788 4123 archipresbiter
801 4036 839 4100 (2)
856 4041 889 4098 et
915 4035 1092 4100 clarissimo
1117 4033 1353 4100 Archidiacono
1377 4035 1557 4120 vestrisque
1577 4035 1802 4118 confratribus,
1819 4036 1873 4122 qui
1897 4058 1981 4102 nunc
2004 4037 2051 4102 ibi
2073 4045 2147 4102 sunt

327 4153 383 4210 aut
406 4167 464 4232 pro
489 4152 633 4230 tempore
657 4143 787 4224 fuerint,
805 4143 847 4206 ad
867 4142 1062 4225 habendum,
1079 4140 1254 4206 tenendum
1270 4147 1302 4206 et
1317 4140 1546 4226 possidendum
1561 4142 1772 4206 communiter
1787 4145 2051 4210 conversancium
2067 4146 2147 4210 Fra·

329 4262 425 4336 trum,
443 4253 525 4317 idest
541 4251 713 4317 ecclesiam
730 4250 833 4314 sancti
848 4249 1027 4332 Michaelis,
1043 4269 1104 4334 que
1121 4256 1169 4312 est
1186 4248 1247 4312 sita
1261 4250 1356 4333 juxta
1373 4256 1514 4312 castrum
1529 4249 1685 4334 Argelate
1702 4271 1774 4314 cum
1791 4250 1938 4314 omnibus
1954 4251 1996 4315 ad
2013 4253 2148 4318 eandem

330 4361 488 4448 capellam
512 4358 765 4445 pertinentibus,
790 4356 849 4440 dc,
875 4356 970 4438 cedo,
995 4355 1094 4420 offero
1118 4378 1176 4442 pro
1208 4356 1349 4422 remedio
1380 4356 1485 4420 anime
1509 4378 1579 4420 mee
1603 4363 1635 4420 et
1658 4364 1829 4443 parentum
1852 4379 1996 4424 meorum
2019 4361 2052 4423 in
2076 4383 2147 4447 per-

331 4477 464 4556 petuum
488 4466 528 4530 ad
553 4467 624 4530 iura
647 4465 846 4552 proprietate
870 4472 903 4528 et
927 4463 995 4548 [a]d
1017 4464 1189 4528 utilitatem
1212 4463 1338 4550 prefate
1366 4463 1527 4528 Canonice
1558 4464 1662 4527 sancti
1691 4463 1791 4530 Petri.
1816 4464 1953 4552 Insuper
1976 4467 2028 4550 do,
2052 4475 2148 4554 atque

331 4574 470 4640 concedo
495 4572 752 4638 medietatcmffi)
769 4572 876 4636 Masso
903 4571 1047 4635 Taurani
1070 4592 1142 4635 cum
1171 4571 1326 4657 pensione
1357 4577 1390 4634 et
1419 4570 1649 4653 renovacione,
1674 4593 1712 4635 co
1743 4571 1893 4638 videlicet
1922 4581 2033 4639 tenore
2065 4575 2149 4661 qnod

331 4684 363 4746 in
388 4683 455 4746 rita
479 4703 550 4745 mea
574 4678 822 4762 concesse[ritis]
856 4678 934 4742 mihi
967 4678 1218 4743 decimacionem
1247 4677 1348 4764 ipsius
1380 4677 1487 4742 Massa
1519 4685 1552 4741 et
1581 4678 1737 4762 placitum
1766 4686 1797 4744 ct
1828 4679 2025 4765 districtum,
2050 4689 2082 4746 et
2110 4684 2149 4748 de

331 4789 431 4876 ipsius
455 4788 597 4869 decimis,
623 4808 703 4874 quas
728 4785 807 4849 mihi
830 4807 973 4868 reservo,
997 4785 1071 4849 volo
1095 4792 1191 4871 atque
1215 4784 1356 4850 concedo
1380 4784 1537 4848 decimam
1560 4792 1686 4871 partem
1709 4786 1851 4872 predicte
1876 4787 2055 4872 Canonice3
2078 4798 2151 4876 post

332 4917 439 4960 mcum
463 4917 539 4959 vero
565 4894 687 4959 obitum
711 4893 744 4956 in
775 4893 939 4978 integrum
967 4899 1069 4956 totum
1101 4891 1256 4974 concedo,
1281 4893 1403 4958 scilicet
1434 4891 1574 4956 decimas
1606 4899 1638 4956 et
1668 4893 1822 4979 placitum
1845 4900 1882 4958 et
1912 4895 2091 4960 districtum
2120 4905 2152 4962 ct

332 5010 439 5068 cetera
470 5002 577 5066 omnia
609 5001 640 5064 in
673 5001 837 5086 integrum
865 5001 934 5084 jam
967 4999 1051 5064 dicte
1079 5000 1240 5065 Canonice
1264 5001 1366 5064 sancti
1390 5000 1491 5064 Petri.
1515 4999 1559 5064 Et
1581 5000 1642 5064 hoc
1666 5000 1752 5086 quod
1775 5001 1806 5064 in
1831 5023 1881 5065 me
1905 5023 2046 5086 reservo,
2071 5004 2152 5069 sicut

332 5110 479 5196 superius
502 5108 632 5193 legitur,
656 5107 736 5172 nulli
760 5107 901 5172 ominum
915 5107 954 5171 (t)
971 5106 1131 5188 alienabo,
1157 5127 1261 5192 neque
1285 5129 1342 5193 per
1366 5107 1506 5190 feodum,
1530 5128 1634 5191 neque
1656 5129 1715 5193 per
1737 5105 1860 5172 nnllam
1882 5109 1958 5191 rim,
1975 5109 2150 5195 ingenium,

333 5225 365 5282 ct
389 5223 424 5280 nt
448 5237 552 5301 neque
576 5237 634 5301 per
658 5236 708 5278 me
734 5236 837 5299 neque
861 5235 919 5300 per
938 5213 1036 5278 aliam
1055 5214 1224 5278 sumissam
1240 5235 1411 5300 personam
1428 5213 1552 5278 abeatis
1565 5215 1603 5278 (5)
1617 5215 1888 5298 nrolcstacioncm,
1905 5223 1954 5280 set
1970 5218 2057 5280 omni
2073 5225 2152 5282 tem-

334 5345 412 5410 pore
436 5323 477 5388 ab
502 5323 589 5388 omni
612 5322 743 5387 homine
766 5320 936 5385 defensare
961 5327 993 5385 et
1018 5321 1216 5385 auctorizare
1241 5320 1402 5407 promitto,
1420 5321 1563 5406 alioquin
1585 5329 1661 5386 tunc
1685 5321 1800 5386 datura
1824 5342 1875 5387 me
1899 5323 2076 5409 p[romit]t0
2092 5346 2153 5410 ego

334 5430 463 5518 prelata
488 5429 660 5495 cometissa
684 5449 876 5514 componore
900 5435 932 5491 et
957 5427 1034 5491 dare
1051 5449 1133 5513 pene
1150 5428 1277 5494 nomine
1294 5429 1326 5490 iu
1343 5434 1478 5512 argento
1494 5427 1699 5493 denariorum
1715 5428 1894 5494 lucensium
1910 5430 2009 5494 libras
2025 5441 2154 5496 centuni

334 5536 487 5624 predictis
512 5536 683 5602 Canonicis
707 5544 739 5600 et
767 5557 877 5600 eorum
903 5535 1151 5618 successoribus,
1177 5535 1220 5618 [ct
1241 5543 1312 5621 post
1328 5556 1444 5620 penam
1462 5535 1613 5619 solutam]
1637 5535 1780 5622 predicto
1789 5537 1828 5602 (6)
1845 5537 1877 5601 in
1902 5559 1959 5602 suo
1983 5539 2098 5604 robore
2122 5541 2154 5604 in

335 5653 526 5733 perpetuum
551 5653 803 5731 permanentem.

424 5753 544 5818 Actum
567 5753 599 5815 in
612 5750 823 5837 Episcopatu
847 5751 970 5814 lucensi
995 5751 1027 5814 iu
1051 5751 1131 5832 loco,
1156 5751 1210 5836 qui
1233 5750 1350 5814 dicitur
1374 5751 1626 5836 Gahlinganum,
1651 5750 1823 5816 indictione
1847 5755 2066 5840 suprascripta
2090 5763 2153 5818 ter-

336 5859 522 5924 ciodecimo.
548 5859 586 5924 In
610 5858 778 5946 presencia
803 5856 901 5922 donni
924 5857 1175 5940 Bonnisenioris,
1200 5859 1261 5922 viri
1284 5858 1480 5922 venerabilis
1504 5859 1659 5944 regiensis
1683 5859 1835 5946 episcopi,
1858 5866 1890 5924 ct
1914 5861 2154 5947 capellanorum

336 5965 464 6030 domine
478 5966 656 6047 cometissa,
671 5965 792 6030 scilicet
805 5965 949 6030 Alberici
966 5973 999 6028 et
1015 5964 1239 6048 Froch[e1·ii(⁷l
1243 6015 1401 6030 .......
1405 5965 1415 6048 ]
1432 5966 1515 6052 perti
1531 5973 1562 6030 et
1574 5966 1596 6032 J
1598 5966 1734 6030 ohannis
1750 5966 1872 6050 [Bo]n[i
1887 5967 2154 6050 bononiensislssl]

417 6269 455 6334 (1)
477 6269 562 6321 Deest
580 6287 595 6318 s
615 6271 715 6322 decimo
735 6289 759 6322 ιι.
1353 6271 1393 6336 (l)
1413 6270 1501 6322 Vide:
1516 6271 1600 6334 Ricci,
1619 6271 1638 6322 I
1644 6272 1795 6338 primordii
1812 6272 1881 6324 dello
1899 6272 1994 6324 Smdio
2005 6270 2157 6337 Bolopuese,

418 6359 457 6424 (2)
477 6358 529 6410 Sic.
1272 6359 1704 6426 Bonon.,neectxxxvt11.,
1724 6361 1783 6414 doc.
1796 6361 1830 6413 X.
1844 6363 1947 6426 (1033),
1965 6377 2028 6430 pag.
2043 6365 2101 6413 126.

419 6450 459 6514 (3)
481 6449 528 6500 Bis
547 6465 561 6499 ι
582 6450 747 6501 medietatem
766 6469 789 6501 s.
1354 6452 1394 6517 (3)
1418 6449 1469 6518 Ορ.
1496 6451 1560 6514 cit,
1589 6451 1647 6502 doc.
1673 6449 1752 6502 XIII.
1778 6451 1883 6516 (1103)
1902 6455 1931 6503 et
1958 6450 2019 6502 ΧΥ.
2038 6451 2155 6517 (1101),

419 6540 456 6605 (4,
475 6542 491 6592 5
511 6543 539 6592 ct
558 6539 586 6606 3)
605 6539 657 6592 Sic.
1275 6557 1337 6610 pag.
1360 6544 1418 6607 130,
1441 6545 1499 6606 134,
1521 6545 1580 6593 135.
