5490 7750
813 667 1047 718 secessurus
1075 670 1127 719 sn
1157 670 1411 722 raosnssoans
1439 672 1545 723 auare
1572 673 1705 722 crvrnrs
2091 653 2162 724 121

348 819 440 883 dictis
464 820 566 884 literis
591 821 707 884 nostris
731 821 815 885 dioto
840 821 966 885 notario
990 829 1022 886 et
1045 824 1163 887 nuncio
1192 831 1300 888 nostro
1332 825 1510 888 commissis
1540 846 1597 889 seu
1628 825 1757 890 directis
1788 833 1881 891 erant
1911 834 2083 910 contenta,
2108 849 2167 894 uec

349 927 519 992 attendens
543 928 629 1012 qnod
652 928 685 991 in
707 912 821 994 eadem
845 929 987 1011 civitate,
1012 930 1044 992 in
1068 951 1132 1014 qua
1155 951 1279 994 merum
1303 937 1335 994 et
1358 931 1495 995 mixtum
1518 933 1688 1018 imperium
1711 941 1743 996 et
1767 934 1950 998 omnimoda
1975 934 2167 1019 jurisdictio,

348 1054 407 1098 neo
432 1055 496 1099 non
520 1035 657 1100 facultas
681 1036 810 1099 creandi
828 1042 860 1100 et
874 1035 1016 1122 ponendi
1038 1035 1248 1120 Potestatem,
1267 1037 1479 1123 Capitaneum
1501 1059 1538 1102 ac
1562 1039 1830 1106 Conservatorem
1854 1048 1886 1106 et
1909 1041 1990 1106 alios
2015 1041 2167 1106 officiales

348 1142 543 1228 principales
568 1143 707 1207 civitatis
730 1143 885 1227 ejusdem,
903 1143 1015 1228 eisque
1037 1144 1226 1208 exercitium
1250 1146 1331 1210 meri
1355 1152 1387 1210 et
1409 1146 1503 1210 mixti
1527 1147 1653 1232 imperij
1678 1168 1715 1212 ao
1732 1147 1966 1232 jurisdictionis
1982 1149 2167 1234 hujusmodi

349 1248 570 1314 committendi
593 1250 635 1314 ad
658 1272 716 1314 nos
740 1251 905 1336 dictosque
934 1271 1134 1315 successores
1166 1262 1292 1316 nostros
1316 1259 1349 1316 et
1372 1251 1518 1316 eamdem
1541 1245 1902 1320 romanam'ecclssiam
1925 1256 2086 1342 pertinere
2110 1277 2166 1320 no·

349 1364 491 1440 suuntur,
516 1363 548 1420 et
579 1357 665 1442 quod
696 1358 781 1422 idem
812 1357 953 1422 sindicus
977 1364 1009 1422 et
1031 1365 1221 1443 procurator
1245 1358 1417 1424 sindicario
1446 1367 1478 1424 et
1501 1363 1722 1446 procuratorio
1747 1363 1875 1427 nomine
1904 1364 2166 1428 constituentium

348 1464 565 1550 predictorum
588 1465 773 1549 hujusmodi
796 1487 920 1528 merum
943 1471 975 1528 et
998 1466 1136 1530 mixtum
1159 1465 1329 1551 imperinm
1353 1474 1385 1530 et
1408 1489 1536 1532 omnem
1557 1469 1814 1554 jurisdictionem
1846 1471 1879 1535 in
1910 1479 2022 1535 nostra
2054 1479 2086 1536 et
2118 1472 2165 1535 di·

349 1579 473 1636 ctorum
503 1572 655 1636 Fratrum
683 1579 715 1636 et
738 1572 952 1636 multitudinis
977 1574 1104 1658 copiose
1128 1574 1291 1658 presentia
1314 1574 1442 1659 publice
1467 1575 1633 1640 confessus
1657 1575 1764 1642 fuerat
1794 1584 1827 1642 et
1849 1587 2099 1663 recognoverat,
2125 1579 2166 1644 ad

348 1702 406 1744 nos
434 1680 601 1766 dictosque
625 1702 825 1744 successores
849 1687 975 1744 nostros
996 1688 1028 1744 et
1043 1702 1210 1745 romanam
1227 1681 1396 1746 ecclesium
1413 1684 1573 1768 pertinere
1591 1691 1702 1748 contra
1722 1685 1908 1769 hujusmodi
1932 1686 2166 1752 confessionem
2196 1688 2201 1700 “

348 1795 381 1852 et
404 1788 657 1872 recognitionem
681 1796 794 1873 sponte
819 1788 948 1869 factam,
965 1788 1084 1854 bonam
1105 1788 1201 1852 fidem
1224 1796 1256 1853 et
1279 1790 1449 1854 veritatem
1472 1792 1700 1874 coutinentem,
1717 1792 1828 1857 venire
1856 1814 1921 1859 non
1945 1794 2078 1876 veritus,
2094 1816 2166 1881 pre·

349 1894 485 1980 sumpsit
509 1915 653 1959 asserere
679 1895 764 1980 quod
789 1896 856 1981 ipse
881 1903 951 1960 erat
972 1895 1093 1960 electus
1109 1897 1310 1961 concorditer
1326 1918 1384 1983 per
1400 1919 1567 1962 commune
1585 1905 1617 1962 et
1632 1899 1787 1985 populum
1804 1901 1943 1964 civitatis
1959 1902 2165 1966 bononiensis

349 2011 504 2088 perpetuo
530 2002 571 2066 ad
594 2003 695 2066 vitam
718 2023 809 2066 suam
833 2003 866 2066 in
884 2003 1155 2068 Conservatorum
1179 2004 1318 2070 civitatis
1342 2005 1495 2090 predicte,
1513 2013 1545 2068 et
1569 2006 1655 2091 quod
1678 2007 1864 2072 intentionis
1888 2029 1945 2072 sue
1969 2016 2039 2072 erat
2062 2009 2164 2074 omni·

348 2108 442 2174 mode
466 2111 498 2173 iu
522 2110 636 2174 eodem
667 2110 770 2175 officio
795 2110 1039 2175 Conservatoris
1062 2133 1209 2193 manere,
1233 2113 1342 2176 vivere
1366 2119 1398 2176 et
1421 2119 1507 2176 stare
1531 2134 1632 2199 usque
1662 2112 1703 2177 ad
1733 2121 1869 2179 mortem
1893 2137 2000 2198 suam,
2024 2124 2057 2180 et
2080 2117 2165 2201 quod

345 2217 415 2301 jam
438 2238 540 2303 equus
564 2239 658 2300 suus,
683 2225 718 2282 ut
742 2218 887 2301 ejusdem
911 2217 1036 2282 Thadei
1058 2219 1166 2282 verbis
1190 2226 1336 2302 utamur,
1361 2220 1394 2283 in
1418 2227 1542 2284 tautum
1568 2227 1643 2284 aute
1666 2230 1887 2307 processerat,
1912 2223 1997 2309 quod
2021 2245 2086 2288 nou
2110 2246 2166 2310 po·

348 2331 432 2389 terat
455 2325 600 2408 retroire,
617 2325 711 2412 plura
736 2327 800 2390 alia
824 2327 952 2390 nomine
977 2347 1035 2390 suo
1059 2347 1096 2390 ac
1120 2327 1349 2409 univcrsitatis,
1368 2328 1544 2392 communis
1569 2336 1601 2392 et
1624 2329 1735 2414 populi
1759 2337 1790 2394 et
1811 2330 1929 2395 civium
1949 2331 2166 2417 predictorum

348 2432 468 2497 ibidem
491 2433 689 2520 presentium
712 2433 847 2497 dicendo
872 2440 904 2497 et
931 2433 1094 2520 premissis
1125 2434 1288 2517 addendo,
1313 2456 1404 2497 suam
1429 2435 1636 2518 electionem,
1661 2437 1865 2500 tiramnidem
1897 2446 1929 2502 et
1961 2440 2167 2503 manifestam

348 2540 566 2605 deviationem
589 2548 621 2604 et
644 2540 880 2604 indevotionem
906 2541 947 2604 ad
971 2541 1117 2604 eamdem
1141 2563 1307 2606 romanam
1328 2543 1497 2606 ecclesiam
1515 2543 1683 2629 sapientia,
1700 2565 1762 2629 que
1783 2552 1914 2630 propter
1930 2568 2039 2610 eorum
2057 2548 2166 2611 incon·

348 2648 543 2712 senientiam
568 2654 601 2712 et
624 2647 784 2712 insaniam
807 2648 1010 2734 presentibus
1034 2648 1184 2712 duximus
1209 2649 1407 2732 subticenda,
1426 2671 1528 2734 queve
1550 2671 1751 2736 eorumque
1772 2652 1850 2716 dicti
1873 2653 2112 2718 ambassiatores
2129 2675 2166 2719 ac

347 2755 493 2840 prefatus
516 2755 657 2819 sindicus
681 2761 713 2818 st
736 2761 926 2840 procurator
953 2775 1064 2818 eorum
1087 2756 1215 2841 publice
1240 2756 1272 2820 in
1296 2763 1407 2820 nostra
1430 2764 1462 2820 et
1483 2756 1643 2821 dictorum
1667 2758 1803 2822 fratrum
1824 2767 1856 2823 et
1879 2759 2093 2824 multitudinis
2114 2782 2166 2825 co-

346 2863 435 2948 piose
458 2863 622 2949 presentia
646 2863 832 2927 solemniter
855 2864 1025 2949 protestati
1049 2870 1082 2927 et
1104 2863 1242 2928 confessi
1266 2864 1407 2928 dilucida
1432 2871 1463 2928 et
1486 2864 1616 2951 publica
1640 2888 1718 2930 voce
1742 2867 1886 2950 fueraut,
1911 2867 2078 2953 dictusque
2102 2870 2166 2932 sin·

346 2970 436 3034 dicus
460 2971 588 3034 nomine
612 2971 798 3056 supradicto
820 2971 1078 3054 juramentorum
1102 2971 1298 3056 prestatione
1322 2972 1507 3036 firmaverat
1531 2973 1770 3054 inficiationem,
1795 2975 2095 3060 prevaricationem,
2116 2997 2165 3039 re·

347 3078 574 3142 cidivationem
598 3077 630 3141 in
654 3078 765 3164 culpas
790 3078 941 3164 pristinas
965 3099 1001 3142 ac
1026 3079 1268 3142 renovationem
1285 3101 1396 3143 earum
1412 3087 1444 3143 et
1460 3087 1585 3144 reatum
1601 3081 1736 3166 perjurij
1754 3082 1934 3145 evidentius
1951 3082 2166 3146 ostendebant

348 3185 503 3270 quasdam
527 3184 774 3267 moderationes,
793 3192 828 3248 nt
850 3185 1010 3268 dicebant,
1028 3207 1086 3271 per
1103 3207 1160 3250 uos
1177 3186 1258 3268 fieri,
1275 3186 1478 3271 postulando,
1497 3209 1559 3271 que
1583 3209 1617 3251 re
1634 3209 1711 3252 vera
1729 3188 1964 3253 moderationes
1981 3211 2045 3253 non
2062 3195 2164 3272 erant,

346 3293 402 3357 sed
428 3293 555 3357 modum
582 3299 613 3356 et
636 3292 827 3356 modestiam
851 3293 1044 3357 excedentes
1068 3293 1367 3357 immoderationem
1392 3295 1499 3378 potius
1523 3295 1703 3380 sapiebant,
1721 3317 1758 3359 ac
1774 3297 1943 3381 promissa,
1961 3303 2164 3381 gesto,·acta,

344 3401 472 3486 jurata,
497 3407 529 3464 et
553 3400 618 3464 alia
641 3401 748 3464 omnia
772 3406 804 3464 et
827 3401 956 3484 singula
980 3401 1165 3486 supradicta
1189 3401 1300 3464 habito
1328 3423 1386 3486 per
1416 3402 1575 3466 sindicum
1605 3410 1637 3466 et
1667 3411 1908 3488 procuratorem
1939 3404 2101 3489 prefatum
2133 3404 2166 3467 in

346 3507 523 3572 ludibrium
547 3515 579 3570 et
603 3508 847 3572 evacuationem
871 3507 1029 3571 deducere
1053 3507 1264 3590 videbantur,
1290 3529 1425 3594 quorum
1449 3509 1599 3573 videlicet
1623 3509 1766 3590 Thadei,
1791 3512 1986 3594 communis,
2010 3511 2166 3574 universi·

347 3616 423 3680 tatis
446 3622 479 3678 et
501 3615 611 3701 populi
637 3622 669 3679 ct
692 3615 810 3678 civium
838 3615 923 3678 idem
954 3615 1099 3678 notarius
1131 3621 1240 3680 noster
1267 3617 1426 3681 versutias
1458 3624 1555 3702 atque
1584 3617 1674 3682 dolos
1704 3639 1901 3702 cognoscens
1933 3626 1965 3682 et
1995 3619 2165 3704 experiens

347 3722 528 3805 manifeste,
545 3729 716 3808 postquam
741 3723 930 3808 perplures
955 3723 1022 3787 dies
1046 3723 1196 3787 insistens
1221 3725 1349 3788 monitis
1370 3731 1402 3788 et
1425 3725 1654 3789 monitionibus
1678 3726 1874 3808 eorumdem,
1892 3733 1927 3790 ut
1951 3748 2005 3790 eos
2029 3747 2048 3788 o
2072 3726 2166 3790 ruina

348 3851 441 3894 casus
465 3837 636 3911 averteret,
653 3838 685 3893 et
703 3830 744 3894 ad
768 3830 926 3915 gremium
951 3837 1096 3894 nostrum
1120 3836 1151 3894 et
1176 3831 1321 3916 ejusdem
1344 3833 1455 3895 matris
1472 3833 1606 3896 ecclesie
1623 3840 1800 3915 revocaret,
1818 3834 1897 3896 inibi
1913 3854 2036 3897 moram
2053 3833 2164 3915 traxit,

346 3938 460 4003 videns
485 3937 569 4022 quod
594 3937 674 4002 nihil
697 3937 868 4024 proliceret
891 3939 976 4024 apud
1001 3960 1056 4002 eos
1081 3938 1202 4024 absque
1226 3938 1336 4024 aliqua
1359 3940 1588 4024 premissorum
1612 3941 1765 4024 efficacia,
1786 3962 1850 4005 non
1873 3942 1941 4005 sins
1966 3962 2085 4026 magna
2109 3962 2165 4005 no-

348 4052 415 4110 stra
438 4052 470 4109 et
493 4044 639 4128 ejusdem
661 4065 793 4108 romane
817 4045 951 4109 ecclesie
975 4045 1094 4129 injuria
1117 4053 1149 4109 et
1173 4053 1368 4132 contemptu,
1386 4047 1427 4111 ad
1447 4068 1505 4111 nos
1529 4054 1561 4111 et
1585 4047 1703 4112 dietam
1726 4047 1895 4112 ecclesiam
1920 4047 1981 4112 fuit
2004 4069 2163 4130 reversus,

348 4159 444 4239 prout
467 4152 551 4216 idem
576 4153 720 4216 notarius
744 4153 784 4216 de
808 4152 970 4238 premissis
993 4153 1140 4217 omnibus
1164 4160 1196 4217 et
1219 4154 1354 4238 singulis
1378 4176 1435 4239 per
1459 4177 1532 4218 eum
1557 4156 1656 4241 gestis
1688 4162 1720 4218 et
1751 4177 1808 4241 per
1836 4155 2014 4238 Thadenm,
2038 4156 2166 4219 uuiver-

348 4262 477 4324 sitatcm
500 4267 532 4323 et
555 4259 709 4345 populum
735 4267 766 4323 et
790 4281 958 4324 commune
983 4267 1015 4324 et
1043 4261 1130 4324 cives
1161 4261 1322 4346 predictos
1353 4263 1532 4348 responsis,
1558 4262 1668 4346 dietis,
1689 4262 1783 4326 factis
1807 4270 1840 4327 et
1863 4263 1982 4326 habitis
2013 4263 2106 4327 nobis
2134 4271 2167 4328 et

348 4366 468 4431 eisdem
493 4367 647 4430 fratribus
671 4368 788 4430 nostris
811 4373 878 4430 tam
902 4367 975 4431 vive
998 4367 1086 4431 vocis
1117 4368 1265 4450 oraculo,
1291 4390 1388 4454 quam
1418 4391 1476 4455 per
1505 4369 1670 4455 publicum
1702 4370 1951 4434 instrumentum
1981 4370 2166 4436 tabellionis

348 4473 478 4560 publica
502 4495 599 4536 manu
624 4473 788 4558 seriptum,
813 4475 868 4558 qui
891 4495 956 4537 uun
980 4496 1052 4538 oum
1076 4475 1160 4539 dicto
1185 4477 1311 4540 notario
1334 4497 1466 4562 presens
1491 4476 1597 4540 fuerat
1622 4478 1654 4540 in
1679 4477 1853 4563 premissis,
1878 4478 1955 4542 fecit
1975 4478 2164 4542 relationem

349 4589 480 4663 certam,
505 4582 684 4667 plenariam
709 4588 740 4644 et
763 4581 906 4662 fidelem3
930 4580 1022 4663 cujus
1047 4583 1219 4668 implacide
1243 4584 1400 4647 relatione
1424 4584 1535 4648 audita
1558 4591 1591 4647 et
1613 4605 1671 4670 per
1694 4606 1767 4648 eam
1790 4584 1829 4648 de
1853 4584 2013 4668 illusione,
2031 4585 2165 4648 circum-

349 4689 499 4752 ventione
528 4695 560 4752 et
586 4688 667 4752 dolis
699 4695 731 4752 et
763 4695 854 4753 reatu
885 4691 1021 4776 perjurij
1052 4690 1209 4754 dictorum
1238 4691 1433 4774 communis,
1456 4691 1675 4756 universitatis
1706 4698 1738 4755 et
1768 4691 1896 4777 populi,
1922 4698 1954 4755 et
1977 4691 2102 4756 Thadei
2134 4699 2166 4756 et

349 4796 467 4860 civium
489 4795 737 4860 bononiensium
760 4795 970 4881 prefatorum,
988 4805 1020 4861 et
1043 4799 1140 4862 etiam
1164 4819 1222 4883 per
1246 4798 1367 4862 claram
1391 4806 1424 4862 et
1446 4799 1605 4863 notoriam
1625 4799 1863 4885 'experientiam
1880 4797 2044 4862 informati
2060 4798 2165 4863 adhuc

349 4909 421 4988 post
444 4903 571 4988 lapsum
595 4902 678 4966 dicto
702 4903 806 4967 medie
830 4904 1076 4990 quadragesime
1101 4927 1212 4969 eorum
1236 4905 1390 4988 reditum,
1415 4907 1561 4991 quamvis
1592 4905 1728 4988 frustra,
1752 4905 1794 4969 ad
1816 4905 1921 4969 sinum
1945 4906 2089 4989 ejusdem
2114 4928 2165 4969 ec·

350 5011 446 5074 clesie
470 5017 567 5095 atque
591 5016 736 5074 nostrum
760 5031 817 5096 per
840 5012 949 5096 plures
972 5034 1099 5077 menses
1122 5013 1273 5077 duximus
1297 5013 1543 5099 expectandum.

439 5116 520 5181 Cum
544 5125 652 5181 autem
675 5117 760 5181 idem
785 5118 936 5182 Thadeus
952 5142 1010 5205 pro
1031 5119 1276 5203 Conservatore,
1293 5141 1352 5185 uec
1368 5142 1433 5184 non
1449 5120 1505 5184 alii
1520 5142 1578 5206 pro
1594 5120 1770 5203 Potestate,
1788 5120 1977 5206 capitaneo,
1994 5120 2164 5203 Barisello,

350 5224 530 5308 Judicibus,
548 5224 757 5308 Consiliariis,
774 5225 978 5309 Rectoribus,
997 5227 1200 5309 Consulibus,
1216 5228 1367 5292 Antianis
1384 5235 1415 5292 et
1432 5228 1628 5313 quibuslibet
1649 5228 1837 5292 officialibus
1855 5227 1993 5292 civitatis
2010 5227 2164 5312 ejusdem,

351 5353 551 5417 quocumque
575 5333 702 5396 nomine
727 5340 928 5415 censeantur,
954 5355 988 5397 se
1011 5343 1171 5418 gerentes,
1196 5357 1234 5399 ac
1257 5335 1461 5417 universitas,
1477 5336 1615 5422 populus
1640 5343 1672 5399 et
1695 5356 1863 5399 commune
1880 5341 1912 5398 et
1928 5335 2014 5399 cives
2030 5334 2165 5420 predicti

349 5439 501 5526 predictis
525 5439 711 5503 excessibus
735 5447 831 5525 atque
856 5441 959 5526 culpis
982 5441 1190 5506 violationem
1213 5450 1245 5507 et
1267 5443 1510 5506 temerationem
1534 5443 1689 5528 promisse
1713 5442 1787 5506 fidei
1813 5450 1845 5507 et
1868 5449 1994 5507 reatum
2017 5442 2164 5529 perjurij,

347 5547 533 5632 juramenta
556 5547 702 5632 predicta
725 5547 855 5611 minime
879 5549 1095 5634 adimplend0,
1117 5550 1292 5635 culpasque
1316 5551 1501 5615 continuate
1526 5550 1742 5615 inobedientis
1766 5557 1798 5614 et
1826 5551 2025 5614 contumacis
2050 5571 2166 5636 aggre-

350 5661 464 5740 gantes
488 5662 561 5740 poet
584 5655 710 5739 lapsum
733 5655 876 5740 predicte
908 5656 1012 5719 medie
1043 5657 1288 5742 quadragesime
1313 5659 1346 5721 iu
1370 5679 1479 5722 omnes
1504 5657 1664 5744 predictas
1687 5679 1788 5744 penas
1813 5665 1845 5722 et
1868 5659 2062 5740 sententias,
2087 5666 2166 5722 tam-

351 5784 447 5848 quam
470 5762 529 5845 filij
555 5761 788 5826 maledictionis
813 5769 844 5826 et
875 5763 1115 5847 ingratitudinis
1146 5765 1371 5828 miserabiliter
1400 5765 1552 5829 recidisse
1583 5773 1767 5848 noscantur,
1792 5787 1828 5828 ac
1860 5771 2031 5851 propterea
2063 5765 2166 5828 dictus

351 5869 502 5935 Thadeus
532 5890 591 5956 pro
616 5869 849 5934 Conservatore
874 5877 906 5933 et
929 5870 985 5954 alij
1016 5871 1191 5956 supradicti
1214 5893 1272 5958 pro
1295 5872 1476 5954 Potestate,
1498 5871 1532 5936 'et
1557 5872 1751 5958 Capitaneo,
1776 5873 1953 5954 Barisello,
1978 5872 2164 5954 Judicibus,
2210 5949 2213 5956 .

351 5978 560 6060 Consiliariis‚
577 5977 779 6060 Rectoribus,
794 5977 997 6059 Consulibus,
1010 5979 1161 6042 Antianis
1175 5987 1206 6043 et
1219 5979 1416 6065 quibuslibet
1433 5981 1621 6044 officialibus
1638 5981 1777 6044 civitatis
1795 5980 1950 6064 ejusdem,
1965 6001 2165 6064 quocumque

350 6087 478 6151 nomine
503 6094 705 6167 censeantur,
723 6107 756 6149 se
773 6093 933 6171 gerentes,
950 6086 982 6148 in
1005 6086 1182 6171 predictam
1207 6089 1546 6152 excommunicationis
1570 6089 1761 6152 seutentiam
1786 6087 1960 6152 reciderint
1983 6088 2051 6172 ipso
2068 6087 2165 6169 facto,

351 6217 388 6258 ac
412 6195 544 6275 civitas,
569 6193 756 6274 comitatus,
782 6193 978 6257 territorium
1001 6201 1033 6257 et
1057 6193 1219 6258 districtus
1243 6195 1369 6280 prefata
1393 6217 1431 6259 eo
1456 6196 1525 6281 ipso
1549 6196 1613 6258 sint
1636 6195 1803 6280 supposita
1826 6194 2043 6259 ecclesiastico
2068 6194 2166 6258 inter-

350 6302 446 6384 dicto,
468 6322 527 6365 nec
550 6321 614 6364 non
638 6300 751 6364 civitas
776 6321 813 6364 ao
836 6301 1029 6365 universitas
1053 6301 1266 6366 bononienses
1289 6302 1414 6388 prefate
1439 6303 1472 6366 in
1495 6302 1655 6388 predictas
1679 6324 1780 6388 penas
1804 6309 1836 6366 et
1860 6301 2035 6366 sententias
2059 6302 2165 6387 privo-

349 6409 445 6474 tionis
468 6408 614 6494 ejusdem
638 6405 743 6472 Studii
764 6407 924 6492 generalis
942 6407 1147 6493 omniumque
1162 6409 1416 6495 privilegiorum,
1434 6409 1708 6495 indulgentiarum
1724 6415 1756 6474 et
1772 6409 1951 6494 gratiarum
1975 6409 2165 6494 apostolico·

349 6539 421 6581 rum
438 6538 475 6581 ac
491 6516 741 6603 apostolicarum
758 6523 790 6579 et
804 6515 1031 6601 imperialium,
1045 6523 1077 6580 et
1090 6517 1131 6581 ab
1148 6516 1219 6579 aliis
1235 6517 1489 6602 quibuscumque
1507 6539 1730 6582 concessorum
1743 6524 1776 6582 et
1791 6538 2016 6582 concessarum
2033 6517 2164 6600 eisdem,

431 6655 499 6693 rou.
520 6657 552 6694 11.
2053 6645 2084 6694 16
