5492 7750
981 653 1219 705 MONUMEN'I'A
1244 655 1473 707 senosanam
1497 656 1548 707 AD
1575 659 1800 710 nannenten
1827 661 2091 714 Bouonsscnsunt

1518 1025 1563 1092 X.

1356 1241 1452 1324 1301,
1477 1242 1520 1304 22
1543 1241 1722 1306 nocernbris.

1220 1451 1272 1516 Ex
1295 1453 1409 1518 eedem
1432 1461 1528 1537 teme,
1553 1477 1640 1520 num.
1664 1455 1856 1521 xxxxiv.

806 1669 830 1753 [
840 1667 878 1733 Ut
901 1669 1096 1734 bononienses
1119 1690 1156 1732 ea
1178 1670 1273 1732 cumis
1295 1668 1447 1734 Aemiliae
1468 1670 1539 1734 locis
1561 1677 1743 1735 commeatus
1765 1673 1797 1734 in
1830 1671 1950 1754 Urbem,
1973 1675 2091 1738 ratione
2111 1677 2274 1760 pynsnocii,

1280 1783 1468 1860 consepeliare
1484 1797 1573 1861 posse
1596 1778 1771 1842 decernitur
1770 1777 1803 1860 ].

721 1987 911 2054 Bonilaeins
934 1988 1105 2075 episcopus
1128 2009 1240 2053 servus
1262 2010 1428 2053 serverum
1443 1987 1507 2053 Dei
1519 1989 1570 2072 (l),
1586 1989 1711 2054 dilectis
1734 1989 1808 2054 filiis
1825 1991 2055 2075 Potestatibus,
2072 1991 2275 2076 Rectoribus,
2292 1993 2442 2059 Consiliis

632 2104 666 2161 et
689 2095 982 2161 Communitatibus
1008 2096 1267 2180 ravennatensis,
1292 2096 1465 2160 cerviensis
1488 2103 1521 2161 et
1545 2097 1746 2160 ariminensis
1770 2098 1955 2184 civitatum,
1979 2121 2017 2164 ac
2040 2100 2138 2164 castri
2160 2099 2307 2186 Argenta
2330 2123 2444 2166 raven·

632 2203 776 2268 natensis
800 2203 966 2285 dioecesis,
990 2225 1049 2268 nec
1072 2225 1137 2268 nen
1161 2211 1193 2267 et
1209 2203 1346 2268 aliarum
1364 2225 1639 2290 quarumcumque
1663 2204 1838 2289 civitatum,
1863 2214 2042 2272 castrorum
2064 2214 2097 2271 et
2119 2207 2263 2272 locorum
2285 2229 2344 2294 per
2365 2209 2443 2274 Pre-

632 2312 771 2376 viuciam
795 2311 987 2376 Romaniele
1012 2312 1208 2393 constitutis,
1233 2311 1378 2376 Ecclesia
1402 2333 1533 2376 romane
1556 2311 1716 2395 fidelibus,
1739 2312 1780 2377 ad
1804 2334 1884 2399 quos
1907 2315 2000 2380 litere
2022 2315 2082 2380 iste
2105 2317 2322 2401 pervenerint.

722 2419 971 2484 Considerantea
1001 2419 1125 2484 sincere
1155 2419 1334 2483 devotionis
1359 2419 1521 2502 affectum,
1545 2441 1607 2506 quo
1631 2421 1741 2486 dilecti
1762 2421 1821 2506 filij
1846 2421 2031 2486 Communis
2053 2421 2267 2487 Bononiensis
2295 2444 2315 2488 a
2339 2424 2443 2510 longis

632 2527 801 2592 retroactis
830 2527 1029 2612 temporibus
1067 2547 1146 2612 erga
1176 2547 1344 2592 romanam
1375 2525 1542 2592 ferverent
1571 2527 1751 2592 Ecclesiam
1782 2537 1815 2592 et
1845 2529 2020 2615 apostolice
2052 2528 2147 2612 Sedi,
2171 2530 2261 2594 velut
2287 2532 2382 2596 matri
2412 2539 2445 2596 ct

632 2635 777 2716 domine,
803 2633 1000 2698 adheserunt
1028 2635 1209 2699 reverentia
1237 2633 1345 2716 filiali,
1369 2634 1455 2720 ipsos
1483 2656 1546 2698 nen
1580 2635 1738 2700 immerito
1769 2641 1905 2722 paterna
1935 2635 2105 2701 dilectione
2136 2637 2378 2723 complectimur
2411 2647 2445 2704 et

633 2748 791 2829 quantum
811 2763 884 2805 cum
906 2741 976 2806 Deo
992 2762 1173 2827 pessumus,
1190 2741 1328 2806 libenter
1350 2741 1520 2806 annuimus
1544 2743 1751 2828 petitionibus
1775 2742 1971 2808 eorumdem.
1996 2742 2082 2808 Sane
2105 2765 2163 2830 pro
2186 2751 2278 2830 parte
2301 2745 2445 2832 ipsorum

632 2849 694 2913 fuit
717 2849 809 2913 nobis
832 2848 997 2913 humiliter
1020 2849 1253 2934 supplicatum,
1278 2856 1314 2912 ut
1337 2869 1409 2912 cum
1432 2870 1544 2913 eorum
1568 2849 1700 2932 civitas,
1724 2855 1791 2913 tam
1819 2872 1877 2936 pro
1909 2871 2040 2914 suornm
2071 2851 2275 2917 multitudine
2308 2853 2445 2935 civium,

633 2978 731 3042 quarn
754 2955 951 3020 scholarium
974 2955 1064 3018 illam
1089 2956 1297 3020 incolentium
1320 2957 1445 3020 ratione
1468 2955 1608 3040 vigentis
1624 2956 1704 3020 inibi
1719 2957 1818 3020 studii
1833 2957 1994 3042 generalis
2010 2979 2048 3022 ac
2064 2958 2201 3022 aliorum
2217 2960 2445 3024 confluentium

633 3063 676 3128 ad
699 3062 846 3127 eamdem
872 3063 1068 3128 victualibus
1092 3069 1125 3126 et
1149 3063 1220 3127 aliis
1244 3063 1459 3127 mercimoniis
1482 3070 1592 3148 egeat,
1616 3063 1736 3150 illaque
1760 3085 1815 3128 ees
1839 3071 1986 3150 oporteat
2008 3065 2040 3128 in
2064 3065 2179 3130 vestris
2203 3073 2235 3130 et
2258 3066 2330 3130 aliia
2354 3067 2447 3132 terris

632 3192 740 3235 emere
765 3177 797 3234 et
820 3170 862 3234 ad
886 3170 1046 3257 prefatam
1070 3191 1162 3234 suam
1184 3171 1343 3234 adducere
1368 3171 1542 3254 civitatem,
1559 3171 1686 3235 emendi
1709 3193 1748 3235 ea
1765 3172 1797 3236 in
1814 3173 1907 3236 terris
1923 3173 2052 3256 vestris,
2069 3179 2101 3236 et
2117 3173 2188 3258 ipsa
2204 3193 2242 3237 ac
2258 3173 2322 3238 alia
2338 3182 2446 3261 empta

633 3277 770 3342 ubilibet
793 3277 960 3341 deferendi
976 3285 1008 3342 et
1024 3276 1240 3342 transferendi
1255 3299 1313 3364 per
1336 3283 1450 3360 terras,
1467 3298 1568 3363 aquas
1591 3283 1624 3342 et
1646 3285 1757 3364 portus
1780 3301 1817 3343 ac
1842 3279 2005 3342 districtus
2027 3286 2152 3344 vestros
2175 3301 2233 3366 per
2256 3301 2290 3344 sa
2313 3281 2366 3345 vel
2389 3303 2447 3367 per

633 3384 725 3467 alios,
749 3384 795 3448 eis
820 3384 985 3448 licentiam
1008 3384 1184 3450 concedere
1207 3383 1425 3470 dignaremur,
1449 3383 1516 3448 Nos
1540 3390 1658 3467 autern,
1682 3386 1868 3450 eorumdem
1890 3386 2177 3472 supplicationibus
2202 3387 2356 3470 inclinati,
2374 3410 2445 3474 pre·

632 3491 744 3574 latam,
769 3491 853 3556 sicut
875 3493 1082 3577 premittitur,
1107 3492 1251 3574 emendi,
1275 3491 1458 3574 deferendi,
1483 3513 1540 3556 seu
1563 3492 1788 3575 transferendi,
1808 3514 1909 3579 usque
1933 3493 1974 3557 ad
1998 3500 2105 3558 nostre
2127 3493 2366 3581 beneplacitum
2391 3517 2444 3560 ve·

631 3599 776 3681 luntatis,
794 3598 858 3662 illis
878 3599 1043 3663 licentiam
1067 3599 1218 3662 duximus
1239 3597 1486 3663 concedendam.
1504 3599 1663 3673 Quocirca
1682 3599 1894 3664 Universitati
1917 3606 2022 3665 vestre
2045 3622 2103 3687 per
2126 3602 2302 3688 apostolica
2326 3604 2445 3688 scripta

632 3705 841 3790 mandamus,
866 3713 1026 3792 quatenus
1050 3706 1180 3770 eosdem
1202 3706 1416 3772 bononienses
1439 3708 1471 3771 iu
1496 3707 1590 3773 terris
1612 3707 1726 3771 vestris
1750 3728 1856 3771 emere
1880 3713 1912 3771 et
1935 3707 2021 3794 ipsos
2052 3729 2089 3772 ac
2121 3708 2202 3773 alios
2232 3709 2357 3774 deferre
2388 3731 2445 3774 seu

629 3813 807 3878 transferre
831 3813 980 3878 Bononia
1004 3835 1131 3900 queque
1155 3815 1308 3878 victualia
1333 3822 1365 3879 et
1387 3815 1595 3880 mercimonia
1617 3820 1685 3878 tam
1707 3814 1739 3877 in
1764 3814 1840 3900 ipsis
1858 3814 1952 3878 terris
1972 3815 2097 3897 vestris,
2115 3837 2212 3901 quam
2232 3816 2309 3881 alibi
2326 3823 2444 3902 empta,

630 3942 688 4007 per
712 3927 825 4002 terras,
843 3941 955 4007 aquas,
974 3928 1084 4006 pertus
1110 3943 1147 3985 ae
1172 3921 1335 3986 districtus
1352 3930 1475 3988 vestros
1499 3921 1641 4009 prelatos
1665 3920 1765 3985 libere
1782 3941 1819 3985 ac
1834 3921 1967 4007 pacifice
1984 3921 2052 3985 sine
2069 3922 2319 3988 contradictione
2337 3925 2445 4009 aliqua

630 4028 834 4114 permittatis.

721 4135 844 4199 Datum
866 4135 1022 4199 Laterani
1045 4135 1088 4199 X.
1115 4135 1272 4199 kalendas
1296 4135 1485 4220 decembris,
1509 4135 1714 4222 pontificatus
1737 4135 1838 4200 nestri
1861 4157 1945 4201 anno
1969 4137 2114 4223 septimo.

711 6501 751 6570 (1)
771 6501 813 6553 Ex
831 6500 938 6571 Regist.
956 6500 1020 6552 anni
1041 6498 1104 6551 VII.
1124 6499 1258 6552 Benilacii
1278 6498 1372 6565 VIIL,
1392 6499 1470 6568 epist.
1491 6503 1550 6565 255,
1569 6499 1617 6552 iol.
1636 6503 1678 6552 67.
