5484 7746
1369 633 1609 685 MONUMBNTA

1473 1035 1513 1102 V.

1376 1266 1610 1352 [racc-1326]

1105 1499 1158 1564 Ex
1182 1500 1314 1564 archivo
1338 1499 1441 1563 sancti
1464 1498 1632 1563 Benedicti
1655 1497 1872 1562 Fabrianiill.

842 1751 877 1834 a)
902 1750 952 1814 De
976 1757 1087 1814 sancto
1115 1749 1272 1814 Silvestro
1297 1750 1425 1832 abbate,
1451 1747 1720 1834 Congregationis
1745 1749 1933 1813 Silvestrine
1957 1748 2138 1813 fundatore.

670 1859 834 1926 Oriundus
858 1878 997 1943 namque
1021 1858 1071 1922 vir
1094 1855 1155 1920 Dei
1181 1877 1293 1921 servus
1319 1855 1475 1920 Silvester
1498 1855 1559 1920 fuit
1582 1877 1623 1920 ex
1654 1857 1761 1942 patria
1785 1857 1983 1922 Auximana.
2007 1854 2133 1921 Nobilis
2157 1857 2288 1942 quidem
2311 1865 2401 1944 patre

581 1967 665 2032 inter
688 1967 768 2030 alios
792 1964 932 2030 civitatis
955 1963 1111 2049 ejusdem,
1129 1962 1186 2027 sed
1209 1961 1272 2026 fide
1296 1971 1328 2026 et
1351 1963 1524 2026 virtutibus
1548 1983 1612 2026 non
1636 1963 1741 2026 minus
1765 1964 1872 2028 extitit
1895 1961 2075 2028 decoratus.
2100 1962 2185 2027 Nam
2207 1965 2290 2028 siout
2312 1971 2400 2029 exte·

580 2077 648 2140 rius
672 2073 833 2161 corporali
856 2079 941 2137 etate
966 2073 1146 2152 crescebat,
1171 2072 1216 2135 ita
1239 2072 1325 2135 intus
1350 2071 1454 2156 magis
1478 2092 1515 2135 ac
1539 2071 1643 2156 magis
1667 2071 1839 2136 virtutibus
1863 2079 1895 2135 et
1918 2071 2010 2136 bonis
2035 2071 2185 2158 operibus
2208 2071 2399 2158 refulgebat.

581 2183 680 2248 Pater
704 2203 780 2246 vero
805 2182 886 2266 ejus,
904 2180 1032 2244 nornine
1058 2179 1225 2261 Gislerius,
1244 2179 1315 2264 lege
1339 2178 1426 2242 civili
1443 2179 1575 2264 peritus,
1595 2178 1786 2242 Silvestrum
1803 2180 1873 2263 ejus
1888 2179 2001 2261 filium,
2017 2200 2074 2242 sue
2091 2177 2306 2244 adolescentie
2322 2187 2400 2244 tem·

582 2313 660 2378 pore
684 2291 865 2354 Bononiam
896 2294 929 2352 et
952 2288 1100 2353 Paduam
1124 2287 1363 2370 transmittens,
1388 2287 1417 2350 ei
1442 2287 1594 2372 imposuit
1617 2293 1652 2350 ut
1677 2286 1842 2350 insudaret
1865 2287 1971 2351 studio
2000 2286 2116 2372 legalis
2140 2287 2284 2352 scientie.
2308 2287 2401 2363 Quod

582 2399 723 2464 studium
746 2395 949 2483 postmodum
975 2395 1138 2481 sapienter
1162 2395 1362 2479 relinquens,
1387 2415 1425 2458 eo
1450 2393 1535 2479 quod
1559 2415 1614 2458 cor
1645 2395 1715 2478 ejus
1747 2415 1950 2480 nequaquam
1982 2393 2172 2458 accenderet
2202 2394 2243 2458 ad
2275 2395 2400 2478 divina,

581 2508 666 2592 cepit
689 2504 730 2569 ad
755 2525 834 2590 pure
858 2503 1021 2587 theologie
1045 2503 1166 2566 fluenta
1189 2502 1265 2566 totis
1291 2501 1458 2564 desideriis
1480 2501 1643 2564 anhelare.
1661 2501 1777 2586 Igitur,
1793 2501 1905 2565 relicto
1922 2501 2031 2586 legum
2047 2501 2164 2584 studio,
2180 2508 2271 2568 tauto
2288 2503 2401 2568 ardore

582 2636 616 2678 se
641 2612 729 2677 dedit
752 2611 933 2674 divinarum
957 2611 1125 2674 literarum
1148 2609 1276 2690 scholis,
1295 2609 1437 2694 ipsarum
1461 2608 1607 2672 notitiam
1631 2609 1763 2694 cupiens
1786 2607 1931 2694 adipisci,
1949 2613 1984 2672 ut
2007 2610 2040 2672 iu
2063 2608 2184 2672 eisdem
2204 2630 2306 2695 parvo
2323 2617 2401 2675 tem·

581 2741 660 2808 pore
684 2726 910 2794 commoratus,
928 2725 994 2781 tam
1019 2717 1153 2781 scientie
1177 2716 1310 2780 floribus
1335 2736 1431 2800 quam
1456 2715 1634 2779 subtilitate
1658 2715 1780 2800 ingenii
1803 2715 1925 2801 pariter
1943 2715 2112 2780 ditaretur.
2129 2715 2192 2780 Sed
2210 2739 2283 2781 cum
2298 2717 2402 2782 adhuc

582 2850 640 2914 per
662 2827 802 2913 pueriles
826 2831 858 2889 et
888 2823 1103 2889 adolescentie
1128 2823 1279 2887 transiret
1303 2843 1422 2904 annos,
1447 2843 1510 2888 non
1542 2823 1717 2886 earundem
1750 2831 1872 2886 etatum
1904 2823 2054 2887 lascivias
2087 2844 2147 2888 nec
2171 2824 2403 2910 negligentiam

582 2933 787 3014 sectabatur3
806 2954 864 2996 nec
888 2931 1085 3018 perniciosas
1111 2929 1238 2993 fabulas
1265 2951 1323 2993 neo
1347 2930 1544 3015 vaniloquia,
1561 2951 1619 2994 nec
1641 2930 1738 2994 etiam
1762 2930 1956 2994 scurilitates
1979 2930 2181 2995 sectabatur:
2198 2931 2255 2995 sed
2278 2937 2403 2996 tantum

581 3064 621 3107 ea
646 3063 707 3128 que
732 3041 772 3104 ad
796 3039 1032 3104 edificationem
1056 3037 1246 3101 dicebantur
1270 3037 1443 3122 diligenter
1467 3037 1662 3118 auscultans,
1681 3058 1744 3101 non
1768 3037 1921 3102 oblivioni
1945 3037 2104 3120 tradebat,
2121 3038 2185 3102 imo
2209 3038 2315 3102 tenaci
2338 3061 2403 3102 me-

582 3150 682 3214 morie
706 3146 930 3212 comendabat.
953 3144 1113 3209 Auriebat
1137 3150 1213 3208 tunc
1238 3165 1357 3230 aquam
1392 3143 1549 3229 sapientie
1582 3145 1734 3209 salutaris
1764 3144 1804 3208 de
1836 3143 1978 3208 fontibus
2003 3143 2182 3208 Salvatoris
2206 3145 2313 3211 animo
2336 3147 2404 3210 siti·

582 3256 702 3339 bondo,
719 3276 816 3342 quam
839 3261 951 3339 postea
976 3260 1106 3337 gutture
1131 3251 1284 3315 mellifluo
1308 3251 1469 3315 eructavit
1492 3250 1533 3314 ad
1552 3252 1724 3316 utilitatem
1741 3259 1773 3315 et
1789 3251 1923 3316 comoda
1939 3251 2150 3336 singulorum.
2168 3251 2238 3316 Hec
2256 3260 2287 3316 et
2303 3254 2404 3318 multa

582 3364 648 3428 alia
670 3362 767 3427 laude
791 3361 890 3446 digna
913 3361 963 3423 vir
988 3359 1182 3424 venerabilis
1206 3365 1238 3422 et
1263 3359 1332 3422 Deo
1357 3358 1493 3423 devotus
1516 3358 1737 3441 Benvenutus,
1756 3359 1809 3444 qui
1833 3359 1957 3422 civitati
1980 3359 2166 3423 Auximane
2190 3381 2274 3425 nunc
2297 3368 2405 3446 preest

584 3471 687 3536 officio
710 3468 876 3556 pastorali,
900 3475 933 3532 et
956 3467 1060 3531 eidem
1085 3467 1117 3530 in
1142 3466 1259 3530 scholis
1284 3467 1389 3530 socius
1413 3465 1530 3548 extitit,
1555 3465 1698 3530 veridica
1722 3467 1906 3530 narratione
1929 3466 2151 3552 perhibuitl2).

883 3681 915 3765 b)
940 3679 990 3745 De
1014 3681 1110 3744 beato
1135 3679 1262 3744 Joanne
1286 3701 1306 3742 a
1329 3679 1465 3762 Baculo,
1490 3681 1593 3744 sancti
1619 3679 1766 3745 Silvestri
1790 3680 1916 3744 abbatis
1940 3680 2108 3767 discipulo.

672 3793 829 3856 Parentes
853 3797 961 3854 autem
986 3790 1056 3874 ejus
1080 3795 1112 3852 et
1136 3789 1253 3852 fratres
1279 3787 1513 3872 gloriabantur,
1531 3788 1607 3873 quia
1623 3787 1662 3852 de
1679 3787 1829 3852 Iohanne
1845 3787 1965 3851 bonum
1989 3788 2156 3852 dicebatur
2180 3789 2222 3852 ab
2245 3789 2404 3872 omnibus,

584 3908 616 3965 et
640 3900 726 3964 circa
748 3897 911 3962 Ecclesiae
935 3903 967 3960 et
990 3897 1112 3960 cultum
1145 3895 1291 3959 divinum
1323 3896 1394 3979 ejus
1427 3895 1562 3958 intentio
1594 3905 1625 3958 et
1656 3895 1858 3959 conversatio
1889 3896 2043 3960 attentius
2075 3897 2283 3960 versabatur:
2307 3904 2340 3961 et
2371 3905 2406 3961 ut

584 4008 728 4072 animum
751 4027 845 4068 auum
868 4011 977 4090 posset
1000 4004 1041 4068 ad
1066 4003 1259 4089 sapientiam
1283 4002 1474 4085 transferre,
1499 4023 1557 4087 pro
1581 4023 1675 4088 posse
1708 4002 1901 4066 secularium
1932 4002 2098 4066 hominum
2130 4004 2406 4068 conversationem

582 4116 696 4201 fugere
720 4113 894 4194 nitebatur,
919 4111 1058 4177 orationi
1080 4118 1112 4174 et
1135 4110 1265 4175 lectioni
1289 4109 1436 4175 vacando
1461 4110 1621 4174 continue.
1639 4109 1835 4174 Animantur
1857 4109 1993 4195 predicti
2016 4117 2168 4196 parentes
2192 4118 2224 4175 et
2240 4111 2357 4176 fratres
2374 4113 2406 4177 in

583 4221 726 4287 studioso
747 4219 914 4301 Johanne3
932 4227 964 4282 et
989 4217 1029 4281 ad
1053 4217 1312 4302 grammaticalia
1335 4216 1527 4302 capiendum
1551 4217 1713 4281 intereos
1737 4216 1914 4281 deliberato
1939 4217 2072 4281 consilio
2096 4217 2278 4283 Bononiam
2301 4226 2405 4283 trans·

584 4329 750 4393 miserunt.
771 4326 845 4408 Qui,
863 4333 994 4412 propter
1018 4325 1185 4388 literarum
1210 4331 1242 4388 et
1266 4323 1556 4409 grammaticalium
1588 4323 1730 4387 studium
1754 4323 1944 4409 pervigilem
1968 4345 2078 4387 curam
2102 4325 2208 4389 anime
2232 4347 2296 4390 non
2319 4333 2406 4413 post·

583 4457 717 4523 ponens,
734 4433 1008 4521 predicationibus
1033 4439 1065 4496 et
1088 4431 1301 4514 sermonibus,
1318 4431 1374 4517 qui
1397 4431 1517 4495 fiebant
1541 4431 1574 4495 in
1598 4431 1822 4516 religiosorum
1846 4438 1878 4495 et
1900 4431 2037 4496 aliorum
2053 4433 2207 4516 ecclesiis,
2225 4455 2297 4498 cum
2313 4455 2407 4520 posse

584 4544 712 4626 aderat,
737 4543 848 4606 deesse
874 4542 1022 4622 nolebat,
1047 4540 1103 4605 sed
1128 4540 1168 4604 ad
1193 4541 1265 4605 illos
1289 4540 1439 4604 currebat
1462 4545 1498 4603 ut
1520 4539 1561 4602 ad
1585 4539 1692 4604 cibum
1716 4539 1894 4604 famelicus.
1918 4539 2003 4603 Nam
2027 4540 2113 4604 cirea
2136 4541 2276 4606 studium
2300 4563 2407 4627 gram-

585 4650 782 4716 maticalium
814 4649 860 4712 sic
892 4669 1023 4734 operam
1054 4646 1142 4712 dedit
1173 4654 1209 4711 ut
1238 4647 1271 4710 in
1301 4647 1392 4710 brevi
1420 4653 1564 4732 tempore
1596 4646 1739 4733 ipsorum
1770 4645 1993 4710 sufficientiam
2024 4655 2214 4734 reportaret.
2240 4648 2304 4713 Sed
2335 4671 2407 4714 cum

585 4760 687 4824 multa
710 4757 831 4822 ibidem
854 4778 873 4820 a
896 4754 1120 4820 conservanda
1143 4754 1284 4840 puritate
1308 4753 1507 4818 retrahentia
1530 4753 1654 4818 videret
1677 4753 1806 4834 invitus,
1823 4753 1909 4840 cepit
1928 4755 2053 4837 timere,
2070 4761 2106 4818 ut
2124 4755 2245 4838 debuit,
2263 4763 2295 4819 et
2310 4757 2408 4820 etiarn

584 4866 728 4951 cogitare
753 4885 825 4929 cum
849 4863 946 4945 tedio,
971 4861 1048 4948 quid
1073 4867 1158 4926 esset
1181 4861 1243 4925 sibi
1266 4861 1373 4947 potius
1397 4860 1592 4946 eligendum,
1617 4859 1767 4925 recedere
1796 4881 1837 4924 an
1861 4861 1990 4925 morari.
2014 4861 2051 4926 si
2075 4862 2250 4944 recederet,
2275 4863 2409 4927 timebat

584 4973 741 5039 offensam
766 4979 937 5058 parentum
960 4978 992 5034 et
1018 4969 1166 5051 fratrum,
1184 4968 1237 5053 qui
1263 4969 1335 5053 ejus
1358 4967 1577 5053 procurabant
1599 4967 1754 5032 honorem
1778 4975 1810 5032 et
1833 4968 2020 5033 comodum:
2038 4969 2065 5032 si
2082 4977 2273 5054 remaneret,
2290 4970 2408 5036 damna

584 5079 734 5168 puritatis
758 5087 791 5142 et
814 5099 924 5142 casum
949 5076 1055 5141 anime
1079 5075 1193 5139 fortius
1223 5074 1428 5140 formidabat.
1453 5074 1634 5160 Perplexus
1658 5075 1703 5139 sic
1727 5075 1835 5160 itaque
1859 5075 1900 5139 ad
1924 5075 2102 5140 orationem
2125 5097 2159 5140 se
2183 5075 2288 5160 dedit,
2310 5085 2346 5142 ut
2368 5078 2408 5142 de

585 5188 654 5252 celo
678 5207 775 5273 super
806 5185 866 5249 hoc
898 5184 958 5248 sibi
990 5183 1160 5248 consilium
1191 5183 1381 5246 mitteretur.
1408 5181 1509 5265 Oujus
1541 5182 1678 5246 orationi
1710 5181 1772 5247 cito
1803 5183 2075 5268 appropinquavit
2104 5183 2214 5247 divina
2245 5185 2409 5250 miseratio

583 5295 623 5359 de
647 5293 806 5380 supernis,
823 5313 885 5378 que
909 5292 995 5355 latus
1019 5292 1091 5375 ejus
1114 5290 1298 5376 percutiens
1322 5291 1356 5354 in
1379 5290 1459 5354 tibia
1483 5290 1588 5375 ipsum
1612 5295 1812 5375 apostemate
1836 5290 1975 5375 pessImo
1996 5290 2189 5374 vulneravit,
2207 5299 2239 5356 et
2254 5292 2410 5356 excitavit

585 5402 728 5467 exterius
753 5400 794 5463 ad
818 5399 953 5464 meliora
980 5405 1013 5462 et
1038 5397 1142 5484 magis
1165 5420 1223 5485 pro
1248 5398 1355 5462 anima
1381 5396 1562 5462 necessaria
1586 5396 1824 5481 requirendum.
1842 5395 1972 5482 Cogitat
1988 5397 2129 5482 prudens
2142 5399 2271 5482 juvenis
2288 5421 2322 5463 se
2339 5421 2409 5464 esse

585 5508 774 5574 exauditum
798 5507 837 5570 de
862 5505 942 5588 celo,
960 5514 992 5571 et
1017 5506 1139 5592 gaudet
1161 5507 1305 5588 interius,
1323 5505 1397 5570 licet
1421 5505 1453 5568 in
1478 5525 1610 5590 corpore
1635 5503 1778 5568 exterius
1802 5503 1921 5567 doloris
1938 5503 2086 5568 immensi
2102 5512 2265 5590 pungatur
2281 5507 2408 5572 aculeo:

585 5617 747 5704 patienter
769 5623 878 5678 tamen
902 5620 1011 5700 portat
1035 5613 1179 5699 corporis
1203 5613 1421 5676 infirmitatem
1447 5619 1482 5676 ut
1506 5611 1612 5675 anime
1636 5611 1809 5675 sanitatem
1837 5617 2015 5675 conservet.
2041 5610 2157 5676 Studet
2180 5612 2239 5676 hec
2262 5612 2411 5678 celeriter

667 5956 706 6020 (1)
726 5953 902 6005 Praeclarum
922 5952 1081 6004 Monasterii
1100 5952 1188 6004 sancti
1209 5950 1352 6002 Benedicti
1372 5949 1473 6001 fabris·
1528 5966 1597 6018 quao
1612 5950 1665 6000 iarn
1679 5949 1849 6018 autographa
1862 5950 1889 6000 in
1903 5949 2012 6001 archivo
2027 5951 2114 6002 sancti
2125 5949 2268 6002 Benedicti
2281 5951 2411 6004 Fabrisni

587 6041 1120 6098 nensisarcthumintchDCCCLXI.
1132 6039 1398 6094 atnncccnxln.
1410 6041 1472 6092 sub·
1527 6039 1726 6091 asservabatur.
1746 6038 1820 6091 Obiit
1844 6043 1954 6091 sanctus
1982 6038 2114 6092 Silvester
2137 6040 2179 6092 dic
2201 6043 2233 6092 26
2257 6041 2411 6093 novembris

587 6138 715 6200 tractum,
734 6133 808 6186 haud
827 6132 1008 6201 deperditum,
1028 6132 1155 6184 creditur.
1530 6131 1612 6181 1267:
1627 6129 1739 6198 eiusque
1756 6129 1909 6194 historicus,
1923 6145 1995 6180 anno
2012 6132 2079 6181 1298
2096 6129 2148 6182 fuit
2161 6129 2255 6182 Abbas
2268 6129 2412 6183 Generalis

666 6225 706 6289 (2)
719 6223 763 6276 Ita
773 6221 938 6274 venerabilis
949 6221 1074 6273 Andreas
1084 6221 1183 6273 Jacobi
1197 6221 1230 6272 da
1244 6220 1380 6272 Fabriano
1394 6235 1473 6272 coae—
1528 6218 1720 6284 renunoistus;
1740 6235 1773 6271 ao
1792 6217 1897 6270 Romae
1922 6218 1951 6268 in
1978 6219 2143 6272 monasterio
2166 6220 2254 6272 sancti
2277 6219 2411 6289 Gregorii,

586 6329 636 6366 vus
656 6312 722 6364 dicti
734 6312 824 6364 sancti
837 6311 989 6364 fundatoris
1003 6310 1031 6362 in
1051 6309 1111 6361 Vita
1123 6310 1212 6361 sandi
1225 6310 1349 6361 Silvestra’
1360 6310 1475 6372 obbatis,
1531 6309 1607 6360 cuius
1626 6308 1814 6360 reformationi
1832 6309 1908 6360 iussu
1925 6308 2036 6360 Ioannis
2049 6307 2141 6361 XXII.
2154 6325 2266 6378 operam
2284 6310 2412 6376 navabat,

587 6402 646 6456 eod.
666 6401 794 6467 membr,
815 6415 886 6452 anno
915 6402 992 6467 1280,
1010 6401 1041 6452 ut
1067 6398 1195 6464 ereditur,
1215 6399 1378 6468 conscripto.
1398 6398 1475 6450 Haec
1532 6398 1649 6450 decessit
1668 6414 1739 6449 anno
1759 6401 1837 6464 1326,
1857 6399 1900 6451 die
1919 6398 2008 6466 prima
2027 6399 2144 6468 augusti.

585 6491 653 6544 Vita
677 6490 750 6560 typis
776 6489 884 6542 Bonslli
910 6489 983 6541 edita
1008 6488 1061 6540 fuit
1089 6489 1117 6540 in
1137 6488 1202 6541 urbe
1230 6489 1324 6540 sesina
1345 6504 1371 6539 a.
1393 6491 1476 6553 1772,
