5484 7746
657 662 887 713 SPEC'PANTIA
908 663 959 712 AD
979 663 1144 713 CLASSEM
1164 663 1529 714 ARCHlDlACONORUM
1548 664 1650 714 Ecca.
1673 664 1810 715 BONON.
2062 641 2136 712 269

1167 1030 1293 1094 XXIX.

1096 1244 1193 1326 1244,
1218 1244 1260 1306 31
1284 1245 1368 1306 111011.

757 1457 809 1524 Ex
833 1466 909 1522 tom.
934 1457 1078 1523 XXVII.
1105 1457 1177 1522 Cod.
1202 1459 1277 1543 dipl.
1302 1457 1384 1522 Eccl.
1409 1458 1498 1542 11011,
1523 1480 1609 1523 num.
1635 1459 1706 1524 011.

412 1674 621 1739 Innocentius
645 1673 703 1737 IV.
718 1673 758 1737 (11
774 1672 923 1759 Capitale
947 1672 1146 1736 bononiensi.

407 1781 588 1867 Assumpti,
614 1780 762 1867 quamvis
786 1779 946 1862 immeriti,
972 1777 1161 1865 disponente
1185 1778 1336 1862 Domino,
1360 1779 1392 1843 in
1416 1779 1649 1866 plenitudinem
1672 1780 1851 1866 potestatis,
1869 1781 1940 1844 illos
1965 1802 2044 1867 quos
2067 1781 2138 1844 lite-

321 1913 430 1955 rarum
454 1890 600 1971 scientia,
627 1910 751 1953 morum
776 1887 927 1951 nobilitas
951 1893 983 1950 et
1008 1887 1209 1950 conversatio
1232 1887 1352 1950 munda
1376 1887 1543 1969 decorant,
1567 1908 1605 1950 ec
1629 1888 1780 1950 libentius
1805 1887 1837 1951 in
1861 1894 1986 1973 partem
2009 1887 2139 1951 honoris

319 2005 351 2062 et
375 1997 600 2062 sollicitudinis
626 2017 815 2079 evocamus,
840 2016 902 2080 quc
926 2015 984 2081 per
1008 1995 1090 2058 tales
1114 1995 1278 2080 operarios
1302 1995 1396 2058 vinea
1420 1994 1540 2058 domini
1566 1993 1709 2058 Sabaoth
1734 1995 1900 2059 cousuevit
1927 1994 2138 2077 fructificare,

319 2105 446 2169 sarculo
471 2103 645 2168 studiosius
671 2103 786 2185 excoli,
811 2124 848 2166 ac
873 2104 1016 2166 securius
1041 2101 1205 2166 custodiri.
1231 2101 1310 2166 Onm
1335 2101 1435 2186 igitur
1456 2102 1608 2165 dilectum
1632 2101 1732 2165 filium
1757 2108 1900 2167 nostrum
1926 2101 2140 2166 Octavianum

319 2219 428 2276 sancta
453 2211 556 2276 Maris
581 2211 613 2274 in
637 2210 701 2273 Via
725 2209 792 2273 lata
819 2210 989 2273 diaconum
1009 2209 1217 2291 cardinalem,
1234 2209 1286 2272 cui
1302 2210 1470 2273 commissa
1495 2217 1565 2272 erat
1580 2209 1621 2272 ab
1639 2209 1815 2295 apostolica
1833 2209 1916 2272 Sede
1931 2209 2138 2273 bononiensis

318 2319 464 2384 Ecclesia
489 2318 703 2405 procuranda,
722 2317 763 2380 ad
780 2316 998 2381 cardinalatus
1014 2317 1205 2402 dignitatem
1223 2315 1373 2379 duximus
1390 2315 1627 2398 assumendum,
1645 2337 1702 2380 nos
1726 2315 1912 2400 diligentius
1937 2316 2139 2379 attendentes

319 2427 405 2511 quod
429 2425 654 2490 sollicitudinis
679 2431 786 2488 nostre
811 2424 984 2506 intererat,
1009 2431 1044 2486 ut
1076 2424 1108 2485 in
1141 2423 1254 2486 eadem
1281 2422 1428 2486 Ecclesia
1455 2423 1546 2486 illum
1569 2422 1731 2486 honrinem
1754 2444 1966 2508 poneremus,
1991 2423 2046 2508 qui
2068 2421 2139 2486 Deo

319 2541 431 2619 gratus
457 2540 487 2597 et
511 2532 694 2596 hominibus
719 2532 760 2594 sit
784 2537 954 2616 acceptus,
979 2530 1132 2594 dilectum
1159 2530 1260 2592 filiurn
1292 2529 1425 2593 fratrem
1455 2530 1614 2594 Jaccbum
1644 2529 1945 2593 vicecancellarius]
1976 2538 2138 2613 nostrum,

318 2641 424 2705 virum
447 2639 592 2726 profecto
617 2637 792 2702 secundum
818 2659 872 2702 cor
896 2645 1053 2720 nostrum,
1072 2638 1123 2701 eni
1146 2644 1277 2724 propter
1300 2638 1540 2724 prerogativam
1561 2658 1685 2701 morum
1702 2644 1733 2700 ct
1749 2637 1892 2720 scientie,
1910 2658 2006 2723 super
2023 2637 2138 2722 quibus

318 2749 348 2812 ei
372 2755 537 2832 tamquam
562 2746 608 2810 illi
634 2747 688 2831 qni
711 2745 767 2809 diu
792 2746 960 2809 nobiseum
977 2753 1026 2808 est
1050 2745 1256 2808 laudabiliter
1272 2752 1490 2826 conversatus,
1507 2744 1670 2808 laudabile
1688 2745 1904 2808 testimoninm
1921 2744 2137 2830 perhibemus,

318 2855 380 2940 ipsi
404 2854 560 2936 Ecclesie,
578 2853 617 2916 de
634 2852 771 2916 fratrum
796 2859 977 2916 nostrorum
1003 2852 1146 2934 consilio,
1164 2852 1356 2937 prefecimus
1380 2852 1411 2915 in
1434 2852 1619 2937 episcopum
1635 2859 1668 2915 et
1683 2858 1856 2937 pastorem,
1874 2860 1905 2915 et
1921 2852 2018 2938 plena
2035 2851 2138 2915 cidem

317 2969 384 3026 tam
409 2961 441 3024 in
466 2959 688 3046 spiritualibus
713 2981 809 3044 quam
837 2960 1068 3045 temporalibus
1093 2959 1370 3022 administratione
1395 2980 1557 3040 concessa,
1575 2959 1824 3023 consecrationis
1847 2958 1909 3022 sibi
1933 2980 2048 3022 munus
2072 2979 2139 3022 ma·

316 3070 411 3133 nibus
437 3070 554 3132 nostris
578 3068 730 3131 duximus
760 3066 1028 3152 impendendum,
1053 3073 1221 3152 sperantes
1251 3067 1395 3147 firmiter,
1420 3066 1516 3129 immo
1548 3088 1606 3153 pro
1637 3075 1724 3131 certo
1755 3067 1916 3154 probabili
1948 3074 2138 3151 argumento

317 3183 473 3258 tenentes,
500 3175 585 3261 quod
609 3175 722 3238 eadem
746 3173 893 3238 Ecclesia
919 3174 979 3237 sub
1005 3175 1104 3260 ipsius
1128 3174 1284 3259 regimine
1308 3175 1505 3237 incrementa
1529 3181 1623 3259 grata
1646 3174 1808 3259 suscipiet,
1833 3180 1964 3238 auctore
1987 3173 2137 3256 Domina,

318 3285 351 3346 in
381 3284 536 3367 utrisque.
562 3282 721 3356 Quocirca
751 3282 955 3368 presentibus
985 3281 1176 3344 mandamus
1200 3289 1375 3367 quatenus,
1400 3281 1602 3345 considerato
1634 3282 1808 3368 prudenter
1832 3281 1917 3367 quod
1948 3302 1989 3344 ex
2020 3280 2138 3344 affectu

318 3411 436 3475 magno
460 3390 625 3476 processit,
643 3389 728 3475 quod
753 3411 810 3453 nos
835 3389 994 3471 exuimus,
1019 3396 1053 3452 ut
1078 3410 1134 3453 scs
1159 3397 1190 3452 et
1214 3389 1444 3454 bononiensem
1467 3389 1647 3453 Ecclesiam
1671 3391 1871 3471 vestiremus
1889 3388 1950 3475 ipsi
1973 3394 2138 3473 tamquam

316 3499 401 3584 patri
425 3505 457 3560 et
480 3496 604 3583 pastori
627 3497 807 3559 animarum
828 3504 1009 3559 vestrarum
1026 3498 1120 3582 plene
1137 3518 1175 3559 ac
1191 3497 1354 3560 humiliter
1372 3497 1584 3578 intendentes,
1602 3497 1783 3560 exhibeatis
1800 3497 1904 3560 eidem
1921 3495 2138 3560 obedientiam

319 3612 350 3668 et
374 3605 590 3668 reverentiam
613 3603 754 3668 debitam
779 3611 811 3666 et
834 3604 996 3686 devotam,
1022 3605 1093 3687 ejus
1118 3603 1261 3667 salubria
1284 3604 1407 3668 monita
1429 3613 1461 3668 et
1485 3604 1638 3668 mandata
1662 3604 1865 3689 suscipiendo
1889 3603 2004 3666 devote
2029 3623 2067 3664 ao
2091 3602 2138 3665 in·

317 3711 513 3776 violabiliter
537 3711 760 3792 observando;
785 3711 928 3796 alioquin
952 3712 1268 3797 sententiam,qna1n
1293 3712 1378 3775 idern
1402 3713 1462 3776 rite
1486 3711 1595 3775 tulerit
1613 3711 1644 3774 111
1661 3711 1809 3793 rebelles,
1826 3718 1929 3774 ratam
1946 3709 2137 3773 habebimus

319 3827 350 3882 et
375 3819 540 3902 faciemus,
565 3826 697 3883 auctore
721 3819 828 3902 [De0],
853 3840 954 3903 usque
978 3819 1019 3882 ad
1042 3818 1295 3884 satisfactionem
1320 3819 1512 3905 condignam
1537 3819 1766 3884 inviolabiliter
1790 3819 1965 3883 observari.

404 3927 527 3992 Datum
549 3928 703 3992 Laterani
729 3927 869 3992 secundo
893 3927 1051 3990 kalendas
1073 3928 1167 4012 junii,
1192 3929 1398 4014 pontificatus
1422 3929 1523 3993 nostri
1546 3949 1630 3992 anno
1655 3928 1768 4014 primo.

1170 4249 1279 4313 XXX.

1078 4464 1177 4548 1251,
1202 4463 1223 4525 3
1246 4463 1380 4527 octobris

677 4676 729 4740 Ex
755 4677 842 4741 arch.
867 4677 1004 4763 Metrop.
1030 4677 1204 4742 benonin
1233 4701 1247 4734 ι
1273 4676 1368 4740 Libro
1392 4679 1508 4741 Acirim
1532 4703 1562 4760 »,
1588 4699 1652 4741 car.
1678 4680 1720 4742 80
1745 4675 1789 4741 v.⁰

417 4891 531 4954 Carta
605 4890 644 4953 ln
675 4891 803 4954 nonriue
827 4891 972 4974 Domini,
998 4913 1101 4954 amen.
1132 4892 1229 4955 Anno
1260 4891 1390 4956 Domini
1422 4892 1591 4956 millesimo
1622 4891 1840 4954 ducentesimo
1871 4891 2137 4978 quinquagesimo

315 4997 531 5062 conversionis
605 4997 718 5082 primo,
740 4997 912 5062 indictione
936 5019 1032 5080 nona,
1050 4998 1100 5062 die
1125 4999 1246 5080 martis,
1264 5000 1358 5062 tertio
1379 5000 1519 5062 intrante
1543 4997 1685 5063 octobre.
1707 5000 1758 5072 (Π
1774 4997 1998 5062 Jarnbonellus
2022 4997 2137 5061 Alber-

315 5104 513 5186 Jarnbonellj
605 5104 708 5167 tinelli
732 5104 771 5167 de
794 5105 982 5188 Bolognolis
1006 5105 1045 5167 (10
1070 5105 1266 5190 Castagnclo
1283 5105 1410 5188 Minori,
1428 5105 1631 5191 presentibus
1655 5113 1687 5169 ct
1711 5105 1983 5168 consentientibus
2008 5104 2136 5168 domino

605 5211 783 5276 Octaviano
807 5212 997 5297 presbitero,
1021 5212 1150 5277 domino
1174 5213 1353 5298 presbitero
1377 5213 1617 5295 BartholcmeO,
1634 5212 1763 5276 domino
1788 5212 1966 5277 Octaviano
1990 5211 2136 5294 diacono,

315 5319 403 5383 dedit
426 5327 458 5383 et
481 5319 598 5382 obtulit
622 5341 655 5382 se
681 5341 753 5382 curn
777 5319 925 5382 omnibus
949 5319 1015 5382 sais
1038 5319 1145 5402 bonis,
1168 5320 1295 5404 juribus
1327 5327 1359 5383 et
1390 5319 1570 5383 actionibus
1602 5320 1672 5383 Deo
1702 5325 1735 5382 et
1762 5318 1897 5383 ecelesia
1921 5319 2024 5382 sancti
2047 5318 2137 5382 Petri

314 5427 444 5492 nomine
470 5426 649 5490 offersionis
674 5427 705 5489 in
730 5447 844 5489 manas
869 5426 989 5489 domini
1013 5425 1166 5513 Phylippi
1190 5427 1407 5490 archidiaconi
1431 5426 1647 5507 bononiensis,
1672 5433 1704 5490 et
1725 5426 1845 5490 domini
1868 5426 2008 5510 Bononij
2033 5427 2136 5490 archi·

314 5534 486 5620 presbiteri
510 5534 726 5616 bononiensis,
744 5535 934 5619 promittens
957 5533 1077 5597 eisdem
1101 5535 1315 5598 reverentiam
1339 5542 1371 5598 et
1396 5534 1611 5598 obedientiam
1636 5535 1819 5599 manualem
1844 5535 2071 5620 recipientibus
2095 5535 2137 5598 ad

315 5643 470 5705 honorem
493 5642 625 5705 Domini
650 5643 750 5705 nostri
774 5641 852 5706 Jesu
878 5642 998 5705 Christi
1021 5649 1053 5706 et
1077 5641 1211 5706 ecclesie
1236 5643 1339 5706 saneti
1362 5642 1452 5706 Petri
1475 5643 1680 5728 episcopatus
1703 5643 1920 5706 bononiensis.

407 5751 526 5812 Actum
552 5749 584 5811 111
608 5750 763 5813 canonica
786 5748 943 5831 Bononie,
961 5750 1165 5835 presentibus
1188 5749 1316 5814 dominc
1333 5750 1511 5835 presbitero
1528 5749 1749 5833 Aldrovando,
1766 5750 1944 5836 presbitero
1959 5751 2136 5815 Frumento

316 5856 512 5938 sacristauis,
531 5863 563 5919 ct
587 5855 737 5920 Jolranne
762 5863 885 5919 rectore
910 5856 1045 5920 ecclesie
1069 5863 1178 5921 sancte
1202 5855 1304 5920 Maris
1328 5857 1367 5920 de
1384 5857 1563 5940 Auxilittis,
1581 5865 1611 5920 et
1630 5857 1840 5922 Cazanemico
1858 5857 1897 5921 de
1914 5858 2134 5940 Poreuncinis,

315 5970 347 6025 et
371 5962 444 6025 aliis
470 5963 578 6025 multis
602 5962 738 6026 testibus
762 5963 885 6026 10011110
909 5971 941 6026 01
965 5964 1098 6048 rogatis.

405 6068 1067 6154 (1111.)ΕιεςοΒοιιιῑεῑυεοοηᾱειηι
1098 6072 1262 6154 Accursii,
1287 6071 1479 6135 auctoritate
1509 6071 1674 6156 jmperialj
1705 6073 1867 6153 notarius,
1892 6072 1953 6134 hiis
1987 6071 2134 6136 omnibus

314 6197 446 6262 presens
471 6177 536 6258 fui,
562 6183 604 6257 et,
629 6184 665 6239 nt
688 6197 786 6262 supra
809 6177 938 6261 legitur,
964 6177 1115 6242 mandato
1140 6179 1282 6264 ipsorum
1306 6179 1508 6242 dominorum
1532 6177 1590 6261 [et]
1613 6178 1691 6241 dicti
1712 6178 1910 6242 lambonelli
1934 6178 2057 6264 scripsi.

395 6515 433 6579 (1)
454 6513 494 6564 Ex
515 6529 570 6581 reg.
591 6513 612 6564 l.
634 6514 727 6565 lnnoe.
748 6514 813 6578 IV,
833 6531 875 6582 ep.
897 6517 956 6578 119,
978 6514 1024 6566 101.
1047 6519 1106 6580 113,
1126 6515 1317 6581 1100111111,
1336 6515 1442 6568 XXXI.
1461 6518 1534 6569 maii.
