5484 7746
604 628 681 699 200
933 649 1172 701 MONUMENTA
1192 651 1423 700 SPEOTANTIA
1443 652 1495 700 AD
1514 650 1768 702 Paoaassoams
1786 650 1891 702 quala
1912 650 2087 701 CANONICI

1472 1017 1543 1082 XL.

1323 1231 1694 1318 1297,21sepamtris.
1804 1199 1808 1206 ’

627 1445 680 1509 Ex
703 1445 803 1510 Aroh.
827 1445 915 1510 Max.
941 1445 1034 1528 bon,
1059 1445 1091 1509 in
1116 1445 1246 1510 Memor.
1272 1445 1469 1530 Commaaie;
1492 1445 1589 1511 Mem.
1614 1447 1814 1511 Zaccharelli
1836 1447 1977 1513 Rclaudi
2001 1447 2215 1531 Zaccharelli,
2240 1470 2267 1514 c.
2292 1451 2333 1514 35
2359 1472 2383 1514 r.

686 1660 860 1726 Millesirno
890 1661 1110 1726 ducentesimo
1140 1661 1350 1746 nonagesimo
1382 1662 1528 1748 septimo,
1553 1661 1725 1726 indictione
1754 1662 1896 1745 decima,
1919 1661 1970 1726 die
2002 1663 2262 1750 vigesimaprima
2295 1665 2411 1728 mensis

598 1768 800 1854 septembris.

597 1872 762 2011 Mutuum,
792 1876 1009 1953 &Dominus
1032 1876 1191 1940 Martinus
1214 1876 1403 1963 Hyspanus,
1421 1883 1526 1941 rector
1545 1876 1678 1941 ecclesie
1694 1884 1804 1940 sancte
1820 1876 1923 1941 Maria
1944 1878 1984 1942 de
2002 1877 2138 1960 Ohubla,
2156 1887 2410 1964 cexaragostane

597 2021 762 2030 ---
793 1983 928 2049 diocesis
952 1983 985 2046 in
1008 1983 1164 2070 Yspania,
1182 1983 1332 2070 syndicus
1349 1990 1381 2048 et
1397 1991 1585 2070 procurator
1601 1984 1802 2048 dominorum
1818 1984 1992 2050 Rectorum
2009 1993 2040 2048 et
2061 1984 2289 2050 Universitatir
2312 1987 2410 2052 Scho-

597 2092 714 2155 larium
729 2092 1041 2156 ultramontanorum
1065 2097 1097 2154 et
1116 2091 1422 2156 citramontanorum
1439 2091 1480 2154 ad
1496 2091 1701 2177 infrascripta
1717 2092 1899 2178 specialiter
1915 2093 2117 2175 constitutus,
2134 2099 2169 2156 ut
2185 2093 2225 2158 de
2241 2094 2410 2180 syndicatu

596 2207 629 2262 et
659 2220 797 2286 procura
821 2205 968 2264 constare
992 2199 1074 2262 dixit
1104 2220 1146 2261 ex
1176 2199 1305 2283 publico
1334 2199 1544 2263 instrumento
1569 2199 1687 2285 scripto
1712 2221 1809 2264 manu
1832 2199 1968 2263 Matthai
1992 2198 2117 2264 Camhii
2145 2202 2278 2284 notarii,
2303 2203 2410 2287 syndi-

596 2307 717 2372 oatoric
741 2314 773 2371 et
795 2306 1015 2392 procuratorio
1039 2306 1167 2370 nomine
1190 2306 1348 2370 dictorum
1370 2305 1545 2370 Raetorum
1561 2315 1594 2370 et
1608 2306 1837 2371 Universitatis
1854 2313 1886 2370 et
1903 2306 2004 2371 dictos
2020 2306 2175 2372 Rectores
2193 2315 2225 2372 et
2242 2308 2407 2375 Universi·

594 2421 695 2478 tatem
717 2421 750 2479 et
773 2413 949 2500 quemlibet
972 2414 1114 2498 ipsorum
1128 2413 1305 2478 Raetorum
1320 2419 1352 2476 et
1368 2413 1408 2476 de
1424 2412 1509 2476 dicta
1524 2412 1744 2477 Universitate
1761 2413 1981 2499 principaliter
1997 2422 2029 2478 et
2045 2415 2217 2480 insolidum
2234 2415 2408 2501 obliganda

595 2522 636 2586 ad
660 2523 768 2587 omnia
791 2529 824 2586 et
846 2521 975 2607 singula
998 2521 1213 2608 infrascripta,
1237 2520 1383 2606 promisit
1406 2520 1483 2584 dare
1507 2527 1539 2584 et
1562 2521 1730 2585 restituere
1753 2521 1896 2586 dohanni
1920 2522 2083 2608 quondam
2106 2521 2263 2588 datdonis
2287 2524 2326 2588 de
2350 2524 2409 2588 Mi·

594 2630 676 2694 zolle
700 2628 739 2693 de
762 2630 916 2694 societate
941 2628 1144 2694 Schellorum
1168 2628 1207 2692 de
1231 2628 1397 2692 Florentia
1420 2628 1587 2714 stipulanti
1610 2628 1782 2692 insolidum
1805 2649 1863 2714 pro
1887 2650 1921 2692 se
1937 2635 1969 2693 et
1992 2629 2062 2694 vice
2086 2636 2118 2694 et
2134 2630 2263 2695 nomine
2280 2630 2405 2714 Toleni,

593 2737 678 2824 Lapi
701 2745 733 2801 et
755 2737 846 2801 Petri
870 2737 920 2800 sui
943 2737 1022 2802 socii
1045 2743 1077 2800 et
1101 2737 1238 2800 aliorum
1261 2736 1421 2801 sociorum
1437 2757 1567 2800 suorum
1584 2735 1623 2799 de
1640 2735 1726 2800 dicta
1741 2736 1893 2800 societate
1910 2742 2039 2800 centum
2055 2737 2290 2823 quinquaginta
2309 2739 2408 2804 libras

592 2845 829 2910 bononinorurn
852 2845 927 2909 hinc
951 2843 992 2908 ad
1015 2865 1073 2908 sex
1097 2865 1222 2908 menses
1245 2844 1428 2929 proximos3
1449 2865 1546 2928 quam
1569 2843 1704 2930 pecunie
1729 2843 1940 2928 quantitatem
1964 2843 2049 2908 dicto
2073 2843 2255 2930 syndicario
2279 2854 2311 2911 et
2334 2869 2406 2934 pro·

593 2952 755 3016 curatoria
785 2951 914 3016 nomine
942 2951 1179 3038 presentialiter
1208 2951 1330 3036 recepit
1352 2956 1384 3014 et
1406 2951 1520 3014 habuit
1544 2971 1563 3012 a
1587 2950 1671 3014 dieto
1695 2950 1845 3015 lohanne
1876 2957 2042 3016 mutuante
2065 2973 2124 3038 pro
2147 2973 2181 3016 se
2214 2960 2247 3017 et
2273 2953 2343 3018 vice
2376 2963 2407 3018 et

593 3060 720 3124 uomina
744 3059 903 3124 dictorum
927 3059 1042 3122 Talani
1066 3064 1099 3122 et
1122 3058 1259 3122 aliorum
1282 3059 1442 3122 sociarum
1465 3066 1497 3122 et
1520 3057 1559 3122 de
1584 3059 1725 3143 ipsorum
1749 3059 1877 3122 comuni
1898 3059 2037 3144 pecunia
2060 3081 2102 3124 ex
2126 3080 2224 3124 eausa
2244 3062 2347 3126 mutui
2368 3062 2406 3128 de

591 3189 674 3253 pura
695 3173 781 3231 sorte
804 3173 837 3231 et
859 3166 966 3252 gratia
989 3165 1121 3252 speciali
1145 3165 1178 3228 in
1195 3165 1317 3229 venetis
1334 3165 1437 3250 grosis
1454 3165 1627 3250 argenteis,
1644 3186 1724 3251 quos
1740 3164 1854 3230 eodem
1870 3165 1998 3230 nomine
2015 3166 2181 3232 consessus
2205 3168 2266 3232 fuit
2282 3176 2405 3234 tantam

591 3275 701 3338 valere
725 3280 758 3338 et
781 3274 955 3338 ascendere
979 3274 1193 3358 quantitatem
1215 3273 1461 3355 bononinorum,
1478 3273 1511 3337 in
1530 3272 1689 3337 dictorum
1705 3272 1879 3337 Rectorum
1896 3279 1929 3338 et
1943 3272 2173 3339 Universitatis
2190 3275 2332 3361 predicte
2349 3278 2408 3341 uti·

591 3381 717 3446 litatem
740 3389 772 3446 et
796 3380 965 3448 comodum
988 3381 1167 3467 spetialiter
1190 3380 1450 3462 convertendam,
1475 3380 1673 3463 solvendam,
1696 3380 1846 3445 videlieet
1869 3387 1901 3446 et
1925 3381 2066 3446 dandam
2088 3381 2217 3448 domino
2243 3384 2405 3470 Stephano

585 3489 729 3573 Bonerii‚
746 3489 924 3554 chananico
947 3486 1194 3572 nerbcne[n]asi,
1211 3488 1413 3553 decretorum
1437 3487 1570 3572 doctori,
1586 3509 1645 3573 pro
1662 3509 1719 3552 suo
1744 3489 1862 3553 salario
1883 3489 2012 3574 legendi
2031 3489 2190 3571 Decreta3
2208 3491 2260 3556 cui
2275 3490 2403 3557 domino

587 3596 752 3682 Stephano
777 3595 818 3660 ad
841 3596 963 3660 dictum
986 3595 1141 3658 salarium
1164 3601 1314 3659 tenentur
1337 3595 1414 3660 dieti
1437 3595 1557 3660 Rector
1580 3603 1612 3660 et
1635 3595 1838 3660 Universitas
1861 3596 2023 3682 predicta,
2048 3604 2084 3661 ut
2107 3599 2264 3662 contineri
2287 3598 2403 3662 dicitur

586 3725 628 3768 ex
652 3705 864 3768 instrumento
888 3701 965 3766 dicti
995 3702 1119 3766 Mathai
1142 3701 1267 3766 Cambii
1297 3703 1417 3767 notarii
1448 3710 1480 3768 et
1511 3725 1553 3766 ex
1583 3704 1794 3768 instrumento
1824 3705 1982 3789 presentis
2014 3703 2132 3786 debiti,
2158 3705 2277 3790 scripto
2310 3726 2405 3769 manu

585 3810 702 3876 Jacobi
725 3810 876 3876 Jacobini
898 3810 1026 3893 notarii,
1043 3810 1114 3874 heri
1136 3810 1222 3875 facto
1245 3810 1391 3876 Bononia
1416 3811 1449 3875 in
1472 3812 1566 3876 domo
1590 3811 1802 3876 habitationis
1826 3812 1902 3876 dicti
1925 3812 2102 3895 creditoris,
2124 3814 2327 3899 presentibus
2350 3815 2405 3880 do·

586 3920 673 3984 mino
698 3919 863 4005 Stephano
885 3918 1028 4001 Bonerii‚
1047 3918 1223 3983 chunonicc
1243 3917 1490 4002 norbone[n]ssi,
1506 3919 1708 3984 decretorum
1729 3921 1869 4003 doctore,
1886 3919 2014 3984 domino
2031 3920 2224 4005 Raymundo
2241 3921 2400 4006 Barceho,

586 4025 786 4092 chauonicho
811 4025 992 4107 nimetensi,
1017 4024 1147 4089 domino
1169 4025 1337 4089 Bernardo
1361 4025 1506 4090 Gabcoto
1530 4025 1570 4089 dc
1593 4025 1722 4110 Biteris,
1745 4026 1959 4112 Bonbologno
1983 4026 2146 4112 quondam
2170 4026 2292 4092 domini
2314 4028 2400 4094 Bon·

586 4135 716 4198 martini
740 4133 962 4218 Alegracoris,
988 4132 1077 4197 Gozo
1100 4132 1263 4196 bbertelli
1285 4132 1325 4196 de
1347 4132 1479 4219 anoli,
1503 4140 1536 4197 et
1559 4133 1717 4199 Chatanio
1741 4134 1898 4199 Guidcnis
1922 4135 1961 4200 de
1985 4133 2117 4198 Rezano
2140 4135 2289 4219 testibus,
2307 4143 2339 4200 et
2362 4137 2407 4202 sic

586 4240 664 4306 dicti
687 4241 914 4306 contrahentes
937 4261 1002 4304 una
1026 4261 1098 4304 eum
1121 4239 1206 4303 dicto
1230 4239 1356 4303 notario
1379 4247 1547 4323 venerunt,
1568 4241 1720 4306 dixerunt
1743 4248 1776 4306 et
1798 4241 1895 4306 scribi
1919 4242 2076 4306 fecerunt.

585 4454 736 4519 Mutuum
782 4458 834 4529 (ἵ
845 4453 1004 4518 Dominus
1022 4453 1206 4539 Stephanus
1221 4453 1365 4538 Bonerij,
1383 4453 1578 4519 chananicus
1595 4455 1831 4538 narbonenasis,
1848 4455 2051 4520 decretorum
2067 4456 2187 4538 doctor,
2204 4457 2404 4532 (L‘dominus

586 4598 746 4606 —-—
783 4561 996 4648 Rayrnundns
1019 4561 1197 4644 Barochus,
1217 4561 1413 4627 chananicus
1437 4562 1651 4644 nimetenssis,
1676 4569 1708 4626 et
1730 4563 1941 4637 (L‘domiuus
1964 4562 2152 4628 Bernardus
2176 4562 2341 4628 Gaboctus
2364 4565 2404 4628 de

585 4670 735 4754 Bicteris,
760 4669 934 4734 insolidum
956 4671 1126 4734 restituere
1149 4669 1366 4755 promiserunt
1388 4670 1474 4734 dicto
1497 4669 1518 4734 J
1521 4668 1640 4734 ohanni
1663 4669 1841 4756 stipulanti,
1864 4677 1900 4734 ut
1923 4670 2042 4735 dictum
2074 4677 2138 4754 est,
2163 4679 2291 4736 centum
2315 4672 2405 4757 quin·

586 4779 743 4864 quaginta
765 4777 865 4842 libras
888 4777 1124 4843 bononinorum
1147 4775 1222 4841 hinc
1246 4776 1287 4840 ad
1308 4799 1367 4841 sex
1391 4798 1516 4841 manses
1539 4776 1721 4863 proximos3
1746 4798 1842 4862 quam
1866 4778 2001 4864 pecunie
2026 4779 2250 4864 quantitatem,
2274 4800 2404 4864 presen-

585 4886 707 4950 tialiter
728 4891 920 4971 receperunt
942 4906 963 4948 a
990 4885 1074 4950 dicto
1097 4884 1248 4950 «iohanne
1272 4891 1461 4967 mutuante,
1486 4891 1521 4948 ut
1544 4884 1664 4948 dietum
1688 4891 1754 4966 est,
1779 4906 1819 4948 ex
1844 4905 1942 4950 causa
1967 4887 2070 4950 mutui
2094 4885 2133 4950 de
2156 4907 2238 4972 pura
2261 4893 2346 4950 sorte
2372 4887 2404 4950 in

585 4993 709 5057 venetis
725 5029 727 5034 ·
740 4991 861 5078 grossis
893 4993 1073 5077 argenteis,
1098 4990 1183 5077 quod
1208 4990 1346 5056 confessi
1369 4991 1501 5056 fuerunt
1523 4997 1648 5055 tantam
1670 4991 1780 5055 valere
1804 4999 1836 5055 et
1859 4992 2034 5056 ascendere
2064 4994 2277 5078 quantitatem
2305 4994 2404 5058 bono-

586 5101 745 5183 ninorum,
769 5121 842 5165 cum
864 5100 1011 5186 precario
1032 5100 1217 5183 juramento
1240 5106 1272 5164 et
1295 5100 1360 5163 alia
1383 5099 1416 5163 in
1447 5099 1659 5163 instrumento
1684 5105 1851 5182 contenta,
1875 5120 1918 5162 ex
1948 5099 2160 5164 instrumento
2189 5100 2266 5165 dicti
2290 5101 2406 5166 Jacobi

585 5208 704 5272 notarii
725 5206 812 5272 facto
835 5207 921 5272 dieta
944 5207 995 5271 die
1020 5214 1052 5271 et
1075 5206 1157 5289 loco,
1180 5207 1384 5293 presentibus
1407 5206 1536 5271 domino
1559 5207 1727 5270 Bernardo
1750 5206 1910 5291 Barbillij,
1928 5206 2043 5271 clerieo
2067 5206 2233 5272 litenansis
2256 5208 2403 5292 diocesis,

585 5315 714 5380 domino
738 5315 882 5380 Maineto
905 5314 945 5379 de
966 5315 1114 5379 Monsitis
1130 5315 1169 5379 de
1186 5314 1362 5397 Florentia,
1386 5315 1523 5398 notario,
1546 5314 1760 5400 Banbologno
1784 5314 1987 5379 Bonmartini
2011 5314 2229 5399 Alegracoria,
2255 5314 2403 5380 Zanitino

583 5423 796 5507 Bencevenis,
814 5423 903 5488 Gozo
926 5421 1087 5486 Ubertelli
1110 5422 1150 5486 de
1173 5421 1293 5508 Inpolli
1312 5428 1344 5486 et
1367 5422 1388 5487 J
1391 5421 1491 5487 acobo
1511 5421 1669 5508 Raynerij
1685 5421 1840 5504 testibus3
1865 5421 1966 5485 etsie
1989 5421 2066 5486 dieti
2089 5423 2315 5487 contrahentes
2339 5443 2403 5486 una

583 5553 657 5596 cum
681 5531 766 5596 dicto
790 5531 916 5595 notario
940 5536 1112 5614 venerunt,
1136 5530 1288 5594 dixerunt
1311 5536 1344 5594 et
1367 5529 1463 5594 scribi
1487 5529 1644 5593 fecerunt.
