5490 7750
774 642 1006 694 SPECTANTIA
1034 645 1085 694 An
1113 643 1368 696 PROFESSORES
1396 645 1503 695 JURIS
1532 644 1709 695 GANONIOI
2073 625 2147 696 185

332 794 365 856 in
389 794 536 879 fratrem,
561 803 594 861 et
616 797 763 883 promisit
787 819 820 862 se
844 799 1049 884 provisurum
1071 798 1177 864 cidem
1200 799 1328 864 domino
1351 800 1449 864 Petro
1473 800 1513 864 dc
1536 799 1702 886 prebenda
1729 801 1913 886 quamcito
1937 799 2035 864 adid
2059 801 2151 866 obtu-

332 902 406 966 lerit
429 925 463 967 se
487 903 643 988 facultas,
669 906 759 970 salvo
790 913 898 970 tamen
927 907 1000 991 jure
1023 907 1167 992 priorum
1194 915 1415 994 receptorum,
1441 908 1469 972 si
1497 908 1552 993 qui
1581 908 1650 992 jam
1685 908 1807 994 recepti
1841 916 1916 973 sunt
1950 908 1982 970 in
2016 908 2152 972 ecclesia

332 1011 515 1096 patracensi
542 1012 731 1099 prescripta.
763 1013 883 1078 Actum
912 1014 1052 1078 Viterbii
1084 1014 1116 1078 in
1140 1015 1279 1100 hospitio
1303 1015 1336 1078 in
1360 1036 1423 1100 quo
1447 1014 1627 1100 hospitatus
1651 1022 1722 1079 erat
1745 1014 1848 1079 dictus
1872 1013 2020 1080 dominus
2041 1022 2151 1102 patra·

332 1118 435 1181 censis
451 1117 593 1202 Electus,
610 1120 814 1206 presentibus
830 1119 958 1186 domino
976 1120 1154 1204 Sinibaldo,
1172 1122 1348 1186 camerario
1365 1121 1486 1185 domini
1506 1121 1678 1186 Octaviani
1702 1127 1811 1186 sancte
1828 1122 1931 1187 Maris
1948 1122 1979 1185 in
1996 1122 2050 1185 via
2065 1122 2150 1186 Lata

332 1223 467 1289 diacono
491 1226 666 1310 cardinali,
684 1227 813 1292 domino
837 1227 995 1292 Jacobino
1019 1227 1058 1291 de
1082 1226 1342 1314 Prindipartibus
1365 1235 1398 1292 et
1421 1228 1550 1293 domino
1575 1229 1784 1312 Gruamontc,
1802 1229 1925 1293 civibus
1947 1236 1979 1294 et
1995 1228 2151 1294 militibus

332 1331 594 1416 bononiensibus,
611 1355 648 1398 ac
669 1334 798 1400 domino
814 1335 954 1419 Andelo,
972 1335 1072 1400 milite
1096 1334 1136 1400 de
1159 1335 1305 1420 Mantua,
1330 1336 1466 1400 testibus
1489 1337 1672 1422 specialiter
1696 1336 1819 1401 adhoc
1842 1337 1975 1402 vocatis.
1999 1337 2038 1400 Iu
2061 1338 2151 1402 testi·

332 1440 475 1504 monium
499 1447 607 1506 antem
630 1443 889 1528 presentationis,
913 1442 1104 1529 receptionis
1128 1449 1161 1506 et
1183 1443 1403 1528 promissionis
1427 1444 1612 1529 hujusmodi
1635 1445 1783 1508 domiuus
1806 1444 1939 1509 Electus
1954 1445 2151 1531 prescriptos

332 1548 475 1634 presenti
490 1549 712 1632 instrumento,
730 1548 772 1613 ad
792 1551 947 1635 majorem
969 1550 1128 1614 cautelam
1144 1549 1280 1637 predicti
1296 1549 1417 1614 domini
1432 1551 1532 1633 Petri,
1549 1551 1692 1636 sigillum
1708 1573 1801 1615 sunm
1818 1551 1958 1638 appendi
1974 1551 2150 1616 mandavit.

332 1654 403 1740 Ego
427 1655 594 1720 Johannes
617 1656 657 1720 de
682 1656 850 1743 (lampulo,
867 1657 1041 1745 apostolice
1067 1656 1159 1722 Sedis
1184 1658 1375 1722 auctoritate
1399 1658 1553 1742 notarius,
1570 1657 1722 1745 predictis
1746 1658 1878 1723 interfui
1901 1666 1934 1723 et
1949 1680 1988 1724 ea
2004 1659 2044 1723 de
2060 1680 2150 1724 man-

332 1763 408 1827 dato
432 1763 508 1828 dicti
532 1763 652 1828 domini
675 1763 780 1828 Electi
803 1765 836 1828 in
866 1765 1030 1851 publicam
1053 1765 1191 1829 formam
1214 1765 1325 1850 redegi
1349 1789 1380 1828 r.

420 1870 512 1935 Nulli
535 1893 613 1957 crgo
637 1871 766 1936 omnino
789 1872 956 1936 hominnm
978 1872 1075 1937 liccat
1098 1873 1181 1937 hauc
1201 1873 1356 1959 paginam
1371 1879 1479 1938 nostre
1495 1873 1745 1938 confirmationis
1762 1874 1937 1959 iufringere
1954 1873 2007 1938 vel
2022 1874 2053 1938 ei
2069 1893 2151 1936 ausu

334 1979 504 2043 temerario
529 1979 699 2043 contraire.
718 1978 753 2043 Si
769 1979 839 2065 quis
856 1986 965 2044 autem
987 1980 1048 2044 hoc
1072 1986 1232 2044 attentare
1254 1982 1495 2066 presumpserit,
1511 1981 1767 2066 indignationem
1791 1981 2018 2067 omnipotentis
2034 1980 2097 2045 Dei
2113 2001 2152 2044 ac

333 2086 500 2150 beatorum
525 2085 614 2150 Petri
638 2094 670 2151 et
692 2086 800 2169 Pauli,
824 2087 1042 2172 apostolorum
1066 2089 1147 2173 ejus,
1172 2109 1205 2151 se
1230 2088 1356 2152 noverit
1379 2088 1592 2153 incursurum.

421 2192 544 2267 Datum
567 2194 706 2259 Viterbii
730 2201 822 2260 sexto
846 2194 1004 2259 kalendas
1027 2195 1167 2281 augusti,
1192 2195 1396 2283 pontificatus
1421 2197 1522 2260 nostri
1545 2216 1631 2261 anno
1654 2197 1760 2261 tertio.

1179 2571 1306 2635 XXIX.

1111 2805 1208 2890 1257,
1232 2806 1276 2867 27
1298 2806 1369 2869 iuli-i

779 3036 831 3101 Ex
856 3038 968 3102 codem
992 3044 1078 3102 tomo
1105 3035 1178 3101 Cod.
1202 3037 1277 3122 drpl.
1301 3036 1385 3101 Eccl.
1408 3036 1494 3120 boa,
1518 3036 1586 3101 doc.
1611 3035 1704 3101 XIV.

311 3335 314 3340 ,
421 3267 611 3332 Alexander
633 3267 692 3333 IV.
706 3269 746 3334 (1)
762 3269 1003 3356 archiepiscopo
1027 3269 1208 3334 atheniensi
1232 3276 1264 3333 et
1288 3269 1439 3355 episcopo
1462 3268 1676 3333 mothonensi.

420 3376 577 3440 Exhibita
602 3377 693 3442 nobis
717 3376 826 3440 dilecti
848 3377 907 3441 filii
929 3376 1037 3460 Petri,
1062 3377 1209 3441 canonici
1231 3376 1455 3459 bononiensis,
1480 3376 1548 3440 nati
1575 3374 1692 3440 nobilis
1721 3375 1783 3439 viri
1807 3374 1965 3439 Guidonis
1989 3374 2029 3438 de
2052 3373 2149 3438 Lam-

334 3483 470 3566 bertino,
495 3484 574 3548 civis
602 3485 819 3567 bononiensis,
844 3485 955 3572 petitio
987 3484 1171 3548 continebat
1202 3485 1287 3570 quod
1311 3506 1384 3549 cum
1407 3506 1465 3548 nos
1489 3483 1614 3548 dilectis
1637 3484 1711 3547 filiis
1734 3483 1848 3548 Electo
1871 3490 1904 3547 et
1928 3483 2068 3568 capitulo
2092 3503 2148 3569 pa·

333 3593 472 3656 tracensi
499 3613 612 3679 preces
643 3593 871 3657 direxissemus
902 3593 961 3657 sub
993 3599 1081 3656 certa
1112 3591 1215 3656 forma
1246 3593 1367 3656 monita
1398 3598 1431 3656 et
1461 3591 1631 3674 mandata,
1656 3598 1691 3656 ut
1714 3613 1788 3655 eum
1811 3591 1844 3654 in
1871 3611 1983 3655 eorum
2012 3589 2148 3653 ecclesia

333 3699 513 3785 reciperent
536 3700 568 3763 in
592 3700 783 3764 canonicum
806 3699 894 3763 etin
918 3699 1062 3782 fratrem,
1087 3698 1211 3784 sibique
1236 3699 1275 3762 de
1299 3699 1474 3784 prebenda,
1498 3699 1525 3761 si
1545 3699 1694 3781 vacabat,
1714 3698 1767 3763 vel
1791 3697 2029 3783 quamprimum
2051 3695 2093 3758 ad
2117 3695 2149 3759 id

332 3828 366 3870 se
390 3805 521 3871 offerret
548 3807 770 3893 opportunitas
802 3806 1025 3892 providerent,
1050 3806 1258 3870 decernentes
1290 3806 1417 3870 irritum
1449 3813 1480 3869 et
1508 3807 1603 3870 inane
1635 3805 1786 3892 quicquid
1817 3811 1930 3870 contra
1960 3803 2149 3867 mandatum

332 3914 516 3999 hujusmodi
539 3915 740 4000 contingeret
764 3914 927 3996 attentari,
951 3914 1036 3978 idem
1059 3912 1202 3997 Electus,
1226 3913 1430 3998 postmodum
1454 3913 1541 3999 apud
1566 3913 1683 3977 Sedem
1706 3912 1916 3998 apostolicam
1939 3911 2148 3993 constitutus,

332 4021 373 4086 cd
397 4043 493 4109 quem
517 4023 550 4086 in
574 4022 687 4087 eadem
711 4023 847 4087 ecclesia
870 4021 1010 4109 pertinet
1034 4022 1164 4086 collatio
1187 4021 1426 4108 prebendarum
1448 4028 1574 4108 patrem
1598 4042 1702 4104 suum,
1727 4041 1784 4084 suo
1808 4019 1947 4101 nomine,
1970 4019 2149 4083 liberaliter

332 4129 489 4216 recipiens
513 4129 545 4193 in
570 4130 760 4194 canonicum
783 4130 918 4195 ecclesie
942 4129 1136 4216 supradicte,
1161 4127 1200 4192 de
1223 4129 1388 4214 prebenda
1410 4127 1595 4212 hujusmodi
1612 4127 1673 4191 sibi
1688 4127 1859 4214 providere
1874 4125 2021 4213 promisit
2037 4146 2148 4212 quam-

331 4237 470 4323 primum
493 4236 644 4302 hcbuerit
666 4235 865 4320 facultatem,
882 4245 977 4322 prout
1000 4237 1033 4300 in
1057 4237 1269 4300 instrumento
1292 4237 1422 4323 publico
1446 4235 1520 4300 inde
1545 4235 1691 4300 confecto
1714 4234 1841 4320 plenius
1866 4234 2057 4298 continetur.
2080 4233 2148 4298 Nos

332 4365 408 4409 vero
431 4344 497 4408 suis
521 4345 809 4431 supplicationibus
833 4345 992 4428 inclinati,
1017 4343 1103 4430 quod
1126 4366 1184 4430 per
1208 4343 1356 4408 eumdem
1378 4342 1527 4408 Electum
1550 4343 1583 4406 in
1606 4343 1668 4407 hac
1691 4348 1783 4428 parte
1814 4341 1935 4406 factum
1963 4347 2013 4405 est
2042 4347 2149 4404 ratum

332 4458 364 4515 et
387 4458 516 4536 gratum
538 4451 705 4535 habentos,
727 4452 760 4515 id
783 4452 974 4516 auctoritate
998 4452 1175 4538 apostolica
1199 4451 1350 4516 duximus
1374 4449 1637 4515 confirmandum.
1663 4450 1822 4524 Quocirca
1845 4448 2046 4530 mandamus,
2070 4468 2149 4533 qua·

332 4565 425 4624 tenus
449 4559 567 4624 dictum
592 4560 736 4644 Petrum,
753 4561 807 4625 vel
828 4567 1071 4647 procuratorem
1094 4581 1188 4624 snum
1211 4560 1281 4643 ejus
1306 4559 1444 4641 nomine,
1469 4579 1489 4622 a
1512 4558 1654 4644 capitulo
1680 4557 1864 4644 supradicto
1887 4555 1987 4642 recipi
2009 4577 2068 4642 per
2091 4575 2148 4620 vos

333 4667 384 4731 vol
411 4667 491 4731 alios
514 4668 546 4731 in
571 4667 685 4732 eadem
708 4667 845 4732 ecclesia
868 4669 962 4754 eique
989 4667 1154 4754 provideri
1183 4667 1310 4730 faciatis
1340 4688 1397 4730 seu
1421 4666 1618 4751 provideatis
1643 4665 1682 4730 de
1705 4663 1885 4752 prebenda,
1910 4664 1938 4727 si
1960 4669 2073 4746 vacat,
2096 4663 2149 4726 vel

333 4775 570 4860 quamprimum
593 4775 634 4838 ad
657 4774 690 4838 id
714 4775 866 4841 obtulerit
889 4796 923 4839 se
947 4775 1096 4857 facultas,
1118 4775 1214 4859 juxta
1237 4774 1381 4860 priorum
1404 4780 1587 4839 nostrarum
1611 4772 1842 4838 continentiam
1864 4771 2055 4854 litterarum,
2077 4791 2150 4834 con·

332 4881 522 4947 tradictores
545 4904 604 4969 per
626 4904 795 4948 censuram
818 4882 1080 4965 ecclesiasticam,
1098 4882 1315 4969 appellatione
1331 4881 1521 4968 postposita,
1538 4880 1780 4966 compescendo.
1796 4879 1871 4944 Non
1894 4878 2042 4943 obstante
2063 4877 2149 4963 quod

332 4989 417 5054 idem
439 4989 556 5054 Petrus
585 4990 667 5053 alias
698 4989 906 5054 beneficiatus
937 4989 1065 5072 existit,
1090 5011 1147 5053 seu
1178 4990 1291 5075 quavis
1322 4989 1406 5053 dicte
1439 4988 1531 5054 Sedis
1562 4986 1775 5073 indulgentia,
1800 4984 1886 5072 quod
1908 4984 1948 5049 de
1975 4983 2149 5070 prebendis

332 5097 478 5182 ejusdem
501 5097 635 5162 ecclesie
660 5098 776 5183 cuique
799 5119 857 5183 per
880 5098 1004 5162 litteras
1028 5097 1222 5183 apostolicas
1246 5118 1311 5161 non
1338 5096 1448 5160 valeat
1477 5095 1658 5182 provideri,
1683 5101 1715 5159 et
1746 5093 1811 5157 alia
1841 5115 1900 5178 per
1924 5113 2021 5178 quam
2048 5091 2149 5177 ipsius

332 5203 423 5269 Petri
454 5205 595 5292 provisio
626 5205 736 5270 valeat
765 5205 923 5292 impediri.
946 5205 1014 5270 Nos
1038 5205 1170 5291 insuper
1193 5205 1394 5270 decernimus
1417 5205 1545 5268 irritum
1568 5209 1601 5268 et
1623 5203 1719 5266 inane
1751 5200 1903 5288 quicquid
1934 5207 2045 5266 contra
2075 5221 2150 5285 pro·

334 5313 490 5376 visionem
512 5313 697 5398 hujusmodi
721 5312 761 5378 de
784 5314 855 5400 ipsa
879 5320 989 5378 nostra
1011 5313 1065 5377 vel
1089 5313 1154 5376 alia
1177 5313 1291 5398 quavis
1315 5311 1506 5376 auctoritate
1531 5311 1702 5395 contigerit
1729 5309 1892 5374 attentari.
1916 5306 2061 5383 Quodsi
2085 5329 2149 5372 non

334 5420 429 5484 ambo
452 5421 502 5484 his
526 5421 724 5507 exequendis
746 5421 915 5506 potueritis
938 5421 1104 5503 interesse,
1128 5441 1211 5484 unus
1234 5427 1377 5484 vestrum
1401 5440 1441 5483 ea
1464 5417 1671 5483 nihilominus
1695 5424 1885 5503 exequatur.

423 5526 545 5591 Datum
568 5527 708 5592 Viterbii
732 5535 825 5594 sexto
849 5528 1005 5592 kalendas
1030 5527 1170 5612 augusti,
1193 5526 1398 5613 pontificatus
1422 5525 1524 5590 nostri
1548 5525 1624 5589 anni
1647 5525 1753 5589 tertio.

415 6509 454 6576 (1)
473 6507 515 6559 Ex
535 6524 592 6578 reg.
611 6508 649 6560 11.
669 6507 750 6560 Alex.
770 6505 819 6558 IV.
838 6506 889 6559 snb
908 6523 951 6576 cp.
971 6508 1032 6572 524,
1052 6503 1099 6556 fcl.
1120 6503 1420 6572 64‚an.MchV11.,
1440 6502 1558 6556 XXVII.
1588 6501 1646 6554 ulii.

486 6737 554 6775 ΤΟΜ.
572 6737 604 6774 11.
