5490 7750
615 633 686 702 122
1399 649 1640 700 novunnnrs

612 807 671 870 snb
689 827 890 892 quacumque
906 806 1077 870 verborum
1095 807 1199 869 forma
1223 812 1407 887 noscantur,
1425 804 1522 868 etiam
1544 802 1704 868 recidisse.
1723 803 1771 868 Ac
1788 805 1919 891 insuper
1936 827 2045 868 omnes
2062 805 2209 890 magistri
2225 811 2256 869 et
2274 805 2431 890 doctores,

612 913 667 998 qui
691 921 765 977 aute
790 919 916 998 tempus
941 912 1159 997 suspensionis
1182 912 1368 995 hujusmodi
1391 932 1449 997 per
1474 931 1531 974 nos
1551 908 1635 974 facte
1653 917 1765 976 contra
1785 911 1906 996 primos
1922 932 2090 997 processus
2106 933 2164 997 per
2180 933 2248 995 nos,
2266 915 2433 978 occasione

612 1020 830 1104 predictorum
847 1040 1037 1084 excessuum
1054 1019 1192 1100 habitos,
1212 1019 1263 1082 vel
1287 1025 1360 1105 post
1383 1019 1509 1104 lapsum
1533 1017 1677 1101 ejusdem
1701 1018 1805 1082 medie
1829 1018 2076 1103 quadragesime
2099 1019 2246 1104 proxime
2269 1022 2431 1105 proterite,

612 1127 645 1190 in
670 1149 733 1212 qua
758 1127 917 1190 dictarum
940 1147 1096 1212 penarum
1121 1133 1153 1189 et
1176 1126 1409 1190 sententiarum
1430 1125 1597 1210 suspensio
1613 1145 1745 1210 pernes
1762 1125 2011 1189 misericorditer
2026 1125 2113 1189 sacta
2128 1133 2260 1212 propter
2276 1126 2434 1192 dictorum

611 1234 859 1298 bononiensium
882 1233 1132 1298 inobedientiam
1150 1241 1182 1298 et
1199 1233 1395 1297 obstinatam
1411 1253 1522 1296 eorum
1540 1232 1572 1294 in
1589 1231 1682 1295 malis
1698 1234 1973 1318 perseverantiam
1990 1233 2162 1318 expiravit,
2180 1233 2300 1318 legere,
2318 1234 2432 1300 dooere

612 1343 645 1404 in
669 1342 786 1405 scholis
811 1341 863 1404 vel
887 1340 1090 1426 magistrales
1115 1347 1206 1405 aetus
1230 1341 1263 1404 in
1287 1339 1371 1403 dieto
1397 1338 1509 1402 Studio
1534 1339 1566 1400 in
1590 1338 1703 1403 eadem
1726 1339 1875 1422 civitate,
1900 1339 1951 1403 vel
1975 1339 2073 1404 etiam
2096 1340 2129 1403 in
2158 1341 2228 1424 ejus
2259 1341 2432 1426 suburbijs,

612 1449 694 1512 sicut
718 1447 849 1534 quidam
872 1469 983 1511 earum
1008 1447 1229 1510 fraudolenter
1249 1447 1483 1533 presumpsisse
1500 1445 1659 1528 dicuntur,
1677 1446 1917 1532 quomodolibet
1933 1467 2095 1530 exercere,
2113 1467 2172 1511 nec
2188 1468 2253 1512 non
2269 1449 2433 1514 scholares

613 1565 644 1620 et
668 1556 834 1620 studentes
854 1555 886 1618 in
908 1555 993 1619 dieto
1018 1554 1131 1619 Studio
1156 1555 1187 1618 in
1212 1555 1325 1618 eadem
1349 1554 1479 1617 civitate
1504 1553 1553 1616 vel
1580 1555 1650 1636 ejus
1667 1553 1831 1637 suburbijs
1848 1554 1975 1618 scholas
1992 1555 2112 1618 intrare
2128 1555 2180 1618 vel
2198 1555 2324 1642 aliquos
2343 1563 2433 1620 actus

612 1663 823 1728 scholasticos
847 1663 879 1726 in
903 1662 1025 1726 eisdem
1050 1663 1167 1726 scholis
1198 1661 1250 1725 vel
1274 1661 1352 1725 locis
1377 1661 1448 1724 aliis
1474 1681 1638 1743 exercerc,
1668 1660 1862 1746 disputando
1892 1662 1944 1725 vel
1973 1662 2111 1746 legendo
2142 1663 2193 1726 vel
2224 1664 2288 1727 alio
2321 1666 2434 1748 quovis

613 1770 707 1834 modo
732 1776 1007 1855 presumpserunt,
1031 1769 1235 1832 incurrerunt
1258 1767 1601 1832 excommunicationis
1625 1768 1818 1831 sententiam
1842 1769 1910 1854 ipso
1935 1768 2039 1850 facto,
2057 1789 2116 1832 nec
2138 1789 2203 1833 non
2227 1771 2431 1852 universitas,

613 1877 751 1963 populus
775 1883 808 1940 et
833 1897 1000 1940 commune
1031 1897 1069 1939 aa
1097 1876 1328 1940 constituentes
1359 1875 1494 1960 prefati,
1518 1873 1552 1936 in
1576 1895 1713 1958 quorum
1737 1875 1861 1938 animas
1887 1873 1991 1938 dictus
2022 1875 2163 1939 sindicus
2187 1883 2219 1939 et
2241 1884 2432 1962 procurator

613 1984 787 2049 sindieario
812 1991 844 2047 et
866 1983 1088 2069 procuratorio
1114 1984 1241 2046 nomine
1265 1982 1449 2046 eorumdem
1474 1981 1601 2066 prefata
1624 1982 1765 2068 prestitit
1786 1982 1980 2065 juramenta,
2006 1983 2038 2045 in
2063 1989 2188 2046 reatum
2212 1984 2349 2070 perjurii
2370 1985 2434 2048 sint

613 2093 765 2178 prolapsi.
789 2092 1012 2155 Prenominati
1035 2113 1112 2154 vero
1137 2113 1194 2177 pro
1218 2091 1395 2173 Potestate,
1421 2091 1609 2175 Capitoneo,
1635 2110 1693 2152 neo
1725 2110 1788 2152 non
1813 2089 1965 2152 Thadeus
1993 2089 2033 2153 de
2056 2089 2190 2175 Pepulis
2214 2113 2271 2176 pro
2296 2091 2431 2156 Conser-

612 2207 723 2264 vatore
748 2222 781 2264 se
806 2207 965 2285 gerentes,
983 2207 1015 2264 et
1039 2201 1143 2284 quivis
1167 2199 1222 2262 alii
1240 2221 1297 2283 pro
1314 2197 1680 2281 Barisello,J11dicibus,
1698 2197 1910 2281 Consiliarijs,
1928 2197 2089 2280 Antianis,
2106 2198 2299 2262 Rectoribus
2316 2208 2348 2263 et
2365 2199 2432 2263 offi-

613 2307 759 2390 cialibus,
778 2328 979 2392 quocumque
1003 2306 1132 2370 nomine
1156 2314 1358 2388 censeantur,
1376 2327 1410 2368 se
1434 2311 1594 2390 gerentes,
1619 2326 1661 2368 ex
1684 2326 1722 2368 eo
1748 2304 1833 2389 quod
1856 2303 2009 2389 predictis
2032 2305 2273 2388 monitionibus,
2298 2307 2432 2392 requisi·

613 2416 753 2479 tionibus
778 2421 809 2478 et
834 2414 996 2477 incendatis
1021 2414 1105 2476 insra
1129 2413 1308 2500 predictum
1330 2415 1501 2477 terminum
1526 2411 1662 2475 duorum
1695 2412 1853 2475 mensium
1877 2433 1935 2497 per
1959 2433 2017 2476 nos
2041 2412 2087 2475 eis
2110 2414 2324 2499 peremptorie
2353 2415 2432 2477 assi·

613 2530 747 2606 gnatum
772 2521 1004 2585 contumaciter
1028 2542 1091 2584 noa
1116 2529 1276 2606 parentes,
1295 2521 1401 2583 omnia
1422 2533 1454 2582 et·
1478 2520 1606 2604 singula
1623 2519 1768 2604 predicta
1785 2518 1899 2600 officis,
1917 2540 1979 2604 que
2005 2520 2218 2583 communiter
2238 2521 2289 2584 vel
2306 2521 2434 2585 divisim

613 2631 645 2692 in
670 2629 797 2714 prefata
821 2630 968 2711 civitate,
993 2650 1051 2692 seu
1075 2629 1303 2691 connnunitate
1328 2627 1483 2690 hactenus
1508 2632 1675 2712 gesserant
1699 2633 1731 2689 et
1755 2634 1985 2710 exercuerant,
2011 2633 2043 2690 et
2074 2633 2218 2712 tempore
2249 2628 2434 2712 hujusmodi

614 2744 797 2800 nostrorum
822 2757 1028 2822 processuum
1055 2736 1212 2820 gerebant
1236 2743 1268 2798 et
1291 2735 1487 2798 exercebant
1511 2755 1579 2797 ase
1596 2733 1676 2820 ipsis
1692 2755 1755 2796 non
1773 2733 1974 2815 abdicarunt,
1993 2733 2183 2816 abjecerunt
2198 2741 2231 2797 et
2247 2735 2437 2798 dimiserunt

613 2845 670 2907 illa
702 2844 887 2906 nullatenus
920 2843 1115 2928 resumpturi
1146 2864 1202 2905 seu
1226 2841 1348 2926 gesturi
1379 2840 1431 2903 vel
1463 2841 1636 2905 exercitari
1667 2841 1789 2925 absque
1821 2841 1968 2924 ejusdem
1999 2841 2092 2904 Sedis
2124 2841 2254 2905 licentia
2284 2842 2437 2927 speciali,

613 2971 730 3036 penum
755 2951 944 3035 privationis
968 2949 1148 3030 feudorum,
1174 2949 1386 3012 bonorumet
1407 2948 1529 3032 jurium
1553 2947 1705 3029 omnium,
1728 2969 1789 3032 que
1813 2948 1854 3011 ab
1878 2948 1991 3012 eadem
2015 2969 2160 3030 romana,
2183 2949 2236 3012 vel
2264 2949 2336 3012 aliis
2369 2949 2437 3034 qui·

615 3059 812 3142 buscnmque
836 3057 989 3120 tenebant
1013 3057 1166 3138 ccelesiis,
1193 3077 1251 3118 nec
1276 3077 1339 3118 non
1363 3055 1616 3140 privilegiorum,
1638 3055 1911 3140 indulgentiarum
1937 3064 1968 3118 et
1992 3057 2171 3140 gratiarum
2197 3056 2242 3119 eis
2260 3057 2300 3119 ab
2317 3057 2431 3120 eadem

615 3166 698 3230 Sede
723 3165 782 3229 sub
808 3165 923 3250 quavis
947 3165 1051 3228 forma
1074 3185 1308 3246 concessorum,
1326 3164 1473 3227 similiter
1492 3185 1526 3227 se
1550 3164 1721 3227 incurrisse
1746 3169 1929 3228 noscantur.
1947 3163 2122 3228 Processus
2148 3186 2274 3250 quoque
2298 3186 2357 3251 per
2381 3186 2436 3229 eos

615 3283 727 3338 contra
753 3273 944 3336 monitiones
969 3279 1001 3335 et
1025 3272 1177 3335 mandata
1201 3271 1387 3355 hujusmodi
1410 3271 1530 3344 habiti,
1555 3277 1588 3334 et
1611 3271 1769 3334 sententie
1793 3293 1850 3356 per
1874 3293 1928 3334 ecs
1952 3272 2017 3336 late
2041 3272 2165 3335 nullam
2189 3272 2356 3336 obtineant
2381 3293 2435 3358 pc·

615 3382 701 3444 nitus
725 3381 920 3461 firmitatem,
938 3379 994 3443 sed
1017 3380 1081 3443 sint
1105 3379 1233 3443 omnino
1258 3379 1362 3460 vacui,
1381 3379 1464 3442 cassi
1487 3385 1519 3441 et
1542 3378 1665 3459 inanes,
1683 3379 1787 3464 sitque
1808 3379 1854 3442 eis
1870 3385 2042 3464 propterea
2057 3386 2105 3443 tot
2125 3380 2312 3444 excessibus
2338 3387 2435 3464 atque

616 3488 718 3574 culpis
743 3487 908 3573 respersis,
933 3494 965 3550 et
989 3487 1131 3550 reatibus
1156 3486 1305 3567 irretitis,
1330 3492 1440 3571 totque
1464 3485 1556 3570 penis
1580 3492 1612 3549 et
1636 3486 1802 3550 sententiis
1826 3486 1924 3570 digno
1947 3487 2092 3551 Ecclesia
2113 3487 2236 3571 judicio
2260 3486 2433 3568 innodatis,

615 3595 766 3681 quamdiu
785 3596 816 3657 in
835 3594 1019 3678 hujusmodi
1043 3593 1271 3676 inobedientia,
1289 3594 1491 3658 coutumacia
1507 3600 1539 3655 et
1555 3593 1759 3657 indevotione
1776 3594 2022 3680 permanserint,
2040 3601 2228 3658 cunctorum
2244 3594 2434 3658 devotorum

613 3703 757 3766 fidelium
780 3704 975 3788 participum
999 3701 1263 3766 subtrahendum.

704 3811 905 3896 Preeipinurs
930 3811 1089 3874 universis
1113 3817 1145 3872 et
1169 3809 1305 3894 singulis
1330 3808 1608 3892 Christiiidclibus,
1633 3817 1664 3874 et
1688 3809 1871 3894 specialiter
1895 3810 2036 3895 regibus,
2062 3809 2311 3890 marchionibus
2336 3809 2433 3873 comi-

615 3919 710 4000 tibus,
728 3918 913 4000 baronibus,
932 3917 1215 3981 communitatibus
1239 3923 1271 3980 et
1294 3917 1568 3999 universitatibus,
1586 3938 1623 3981 ae
1647 3917 1792 4002 personis
1812 3917 2031 4001 singularibus
2048 3918 2225 3999 civitatum,
2243 3925 2432 3998 castrorum,

614 4027 763 4090 villarum
789 4032 821 4089 et
845 4025 981 4089 aliorum
1012 4046 1286 4110 quorumcumque
1318 4024 1479 4106 locorum,
1504 4031 1536 4088 et
1567 4045 1733 4087 monemus
1764 4023 1893 4088 eosdem
1921 4044 1961 4087 ne
1985 4024 2129 4110 predicto
2153 4024 2286 4088 Thadeo
2311 4024 2350 4087 de
2372 4024 2434 4088 Pe·

614 4135 698 4220 pulis
723 4155 756 4197 se
781 4154 839 4217 pro
863 4139 1101 4213 conservatore,
1126 4132 1305 4216 ceterisque
1328 4131 1473 4216 personis
1497 4153 1555 4216 pro
1579 4130 1745 4194 Potestate
1776 4152 1833 4193 seu
1865 4131 2042 4216 Capitaneo
2070 4131 2122 4195 vel
2147 4131 2219 4194 aliis
2244 4131 2435 4194 officialibus

615 4263 649 4304 se
673 4241 870 4324 gerentibus,
896 4259 1097 4324 quocumque
1121 4239 1250 4302 nominc
1274 4245 1476 4320 censeantur,
1494 4244 1630 4324 pareant
1646 4238 1698 4301 vel
1722 4237 1900 4321 intendant,
1917 4239 1970 4302 vel
1993 4238 2039 4302 eis
2064 4239 2096 4302 in
2120 4238 2306 4322 hujusmodi
2322 4259 2434 4302 eorum

615 4348 834 4412 inobedientia
858 4355 890 4410 et
915 4345 1117 4410 contumacia
1140 4346 1385 4432 persistentibus
1409 4353 1553 4432 prestent
1576 4345 1743 4428 auxilium,
1769 4345 1938 4408 consilium
1961 4345 2013 4409 vel
2044 4346 2190 4409 favorem
2221 4345 2350 4431 publice
2382 4346 2433 4409 vel

616 4456 757 4535 occidte,
788 4475 868 4517 neve
899 4475 996 4538 super
1027 4455 1066 4536 ijs
1098 4454 1299 4535 societatem,
1338 4454 1593 4536 conjurationem
1624 4459 1680 4515 aut
1710 4452 1803 4516 sedus
1834 4453 1965 4538 aliquod
1996 4453 2099 4516 iniant
2130 4474 2202 4516 cum
2234 4453 2364 4517 eisdem.
2403 4453 2437 4516 Si

616 4564 670 4648 qni
695 4571 804 4625 cirtem
828 4569 940 4624 contra
963 4569 1116 4647 precepta
1140 4569 1170 4624 et
1196 4562 1402 4625 inhibitiones
1430 4560 1612 4644 hujusmodi
1637 4582 1695 4645 per
1718 4582 1752 4624 se
1776 4561 1829 4624 vel
1853 4561 1952 4625 alium
1975 4583 2033 4625 seu
2057 4562 2155 4643 alios,
2181 4548 2436 4646 quibuscumque

614 4669 698 4750 dolo,
717 4678 785 4732 orte
803 4670 854 4732 vel
878 4669 1117 4732 machinatione
1142 4669 1286 4750 fecerint,
1305 4670 1534 4753 cujuscumque
1559 4668 1680 4732 fuerint
1702 4669 1944 4754 praeminentia,
1969 4669 2146 4752 dignitatis,
2164 4668 2356 4732 conditionis
2381 4677 2436 4732 aut

616 4784 728 4857 status,
747 4776 1087 4841 excommunicationis
1112 4778 1281 4858 sententia,
1300 4797 1396 4860 quam
1420 4797 1462 4839 ex
1486 4796 1570 4839 nunc
1594 4776 1627 4838 in
1651 4774 1723 4838 illos
1748 4775 1891 4858 ferimus,
1909 4776 1978 4861 ipso
2002 4776 2088 4840 facte
2113 4798 2147 4840 se
2171 4776 2321 4840 noverint
2343 4776 2434 4839 inno·

615 4885 726 4957 datos;
744 4885 890 4947 civitates
915 4905 1042 4969 quoque
1066 4891 1098 4946 et
1121 4884 1367 4946 communitates
1391 4883 1561 4968 quaslibet,
1579 4904 1641 4967 que
1666 4890 1777 4946 contra
1801 4890 1954 4969 precepta
1977 4889 2009 4947 et
2032 4885 2224 4948 monitiones
2248 4882 2435 4967 hujusmodi

616 4992 870 5078 quibuscumque
896 4990 1024 5072 fraude,
1049 4989 1141 5073 dolo,
1165 4989 1313 5074 ingenio,
1339 4997 1425 5072 arte,
1450 4990 1503 5052 vel
1526 4990 1763 5053 machinatione
1788 4989 1898 5054 venire
1922 4991 2194 5076 presumpserint,
2219 4990 2437 5054 ecclesiastice

616 5100 774 5164 sententie
798 5098 969 5180 interdicti,
988 5119 1084 5182 quam
1108 5120 1150 5161 ex
1174 5119 1259 5161 nunc
1283 5099 1316 5160 in
1339 5098 1411 5160 illos
1435 5096 1577 5178 ferimus,
1595 5097 1743 5160 volumus
1760 5097 1939 5180 subjacere.
1956 5097 2080 5183 Aperte
2097 5119 2224 5183 quoque
2241 5098 2436 5183 predicimus

617 5207 819 5294 patriarchis,
846 5206 1106 5290 archiepiscopis,
1131 5206 1300 5291 episcopie,
1325 5204 1497 5268 abbatibus
1522 5211 1554 5268 et
1576 5205 1650 5288 alijs
1675 5204 1835 5268 inferioris
1859 5205 1979 5290 gradus
2003 5206 2147 5292 prelatis,
2165 5206 2251 5290 quod
2274 5207 2301 5269 si
2326 5212 2436 5269 eontra

615 5315 824 5378 monitionem
848 5321 880 5376 ct
903 5321 1055 5399 precepta
1084 5319 1194 5376 nostra
1227 5313 1385 5398 premissa
1416 5312 1467 5375 vel
1491 5333 1602 5375 eorum
1627 5310 1758 5397 aliquod
1781 5313 1891 5375 venire
1915 5312 2163 5396 attentaverint,
2188 5334 2245 5376 nos
2270 5334 2325 5377 eos
2350 5312 2436 5376 omni

615 5422 831 5486 ecclesiastice
857 5420 1024 5505 dignitatis
1049 5419 1182 5501 honore,
1199 5427 1322 5483 ceteros
1347 5426 1454 5482 autem
1478 5420 1610 5482 clericos
1634 5441 1698 5483 non
1722 5419 1910 5506 prelationis
1935 5420 2083 5502 cilicium,
2101 5420 2158 5484 sed
2178 5420 2354 5504 dignitates
2371 5420 2436 5482 lor-

615 5530 711 5610 sitan,
736 5528 788 5591 vel
812 5534 1014 5614 personatus,
1037 5534 1093 5590 aut
1117 5527 1181 5590 alia
1206 5527 1318 5610 quevis
1342 5527 1562 5590 ecclesiastica
1585 5527 1741 5590 beneficia
1765 5527 1947 5590 obtinentes
1971 5528 2167 5592 etobtcntis
2190 5529 2320 5612 privare
2345 5548 2437 5590 cura-

614 5637 719 5699 bimus
752 5643 783 5698 et
813 5633 973 5697 inhabiles
1004 5633 1138 5698 reddere
1170 5633 1211 5696 ad
1240 5634 1304 5696 alia
1336 5633 1529 5715 obtinenda,
1554 5641 1648 5718 prout
1677 5634 1769 5698 nobis
1793 5634 1870 5697 facti
1900 5634 2039 5719 qualitas
2071 5641 2225 5719 suggeret
2256 5641 2289 5698 et
2309 5635 2436 5719 justitia

616 5743 774 5806 siradebit.
798 5742 907 5804 Laicis
931 5763 1007 5804 vero
1032 5742 1262 5826 cujuscumque
1286 5740 1528 5826 praeminentia,
1553 5740 1736 5825 dignitatis,
1762 5740 1953 5804 conditionis
1984 5749 2040 5804 aut
2070 5749 2173 5806 status
2203 5742 2435 5805 denunciamus

617 5871 780 5935 expresse,
805 5849 890 5934 quod
915 5850 942 5912 si
966 5856 1078 5912 eontra
1110 5849 1319 5912 monitionem
1343 5855 1375 5910 et
1397 5856 1551 5934 precepta
1584 5855 1693 5912 nestra
1725 5847 1910 5932 hujusmodi
1933 5870 1991 5934 per
2014 5870 2048 5912 se
2073 5850 2124 5912 vel
2148 5850 2249 5912 alium
2273 5871 2329 5912 seu
2355 5849 2435 5912 alios

615 5964 737 6021 temere
762 5956 935 6038 venienda,
961 5977 1000 6019 ea
1024 5977 1088 6019 non
1113 5955 1297 6018 curaverint
1320 5956 1510 6036 observare,
1534 5976 1592 6018 nos
1616 5961 1704 6018 tante
1728 5956 1918 6018 teineritatis
1950 5955 2120 6019 audaciam
2144 5977 2208 6020 non
2232 5957 2435 6020 intendentes

616 6067 797 6150 relinquere
830 6064 1038 6150 impunitam,
1064 6064 1149 6148 ipsos
1173 6063 1277 6126 feudis
1302 6070 1333 6126 et
1358 6064 1430 6146 alijs
1465 6064 1611 6126 omnibus
1643 6085 1749 6147 quea
1780 6063 1924 6148 predicta
1955 6085 2090 6128 romana
2122 6071 2154 6128 et
2186 6065 2260 6147 alijs
2292 6065 2436 6149 ecelesijs

615 6195 652 6238 ac
677 6173 824 6258 personis
848 6171 1074 6236 ecclesiasticis
1099 6171 1243 6235 obtinere
1268 6177 1452 6252 noscuntur,
1478 6171 1616 6256 privare,
1634 6177 1666 6233 et
1689 6171 1846 6233 vassallos
1870 6192 1992 6254 eorum,
2009 6171 2036 6234 si
2061 6193 2141 6256 quos
2165 6172 2335 6253 habenta
2358 6147 2452 6235 fide?

612 6281 714 6344 litatis
734 6281 920 6364 juramento
946 6299 1008 6364 quo
1033 6285 1184 6341 tenentur
1207 6278 1338 6358 eisdem,
1364 6277 1498 6341 reddere
1514 6277 1642 6363 penitus
1667 6277 1843 6359 absolutos,
1860 6285 1892 6341 et
1916 6278 1997 6341 alias
2022 6285 2135 6342 contra
2156 6279 2243 6364 ipsos
2260 6279 2437 6343 secundum

610 6389 771 6473 justitiam
795 6387 980 6474 procedere,
999 6386 1068 6450 Deo
1093 6395 1235 6468 auctore,
1253 6385 1447 6468 curabimus,
1464 6393 1560 6471 prout
1583 6407 1694 6450 eorum
1719 6386 1812 6470 culpe
1835 6386 2004 6470 exegerint
2021 6394 2053 6450 et
2069 6387 2246 6450 viderimus
2270 6387 2436 6472 expedire.

611 6497 679 6560 Nos
704 6497 836 6582 insuper
860 6494 1150 6574 confederationes,
1176 6515 1233 6556 seu
1257 6493 1481 6578 colligationes
1505 6494 1676 6579 quaslibet,
1701 6493 1728 6556 si
1753 6514 1814 6577 que
1838 6493 1915 6557 dicti
1939 6493 2144 6576 universitas,
2169 6495 2383 6558 communitas
2406 6507 2438 6559 et
