5484 7746
733 677 963 728 susoruurm
985 679 1036 726 An
1056 677 1163 728 Paos.
1184 676 1302 747 auin,
1323 675 1471 725 urruns.
1493 674 1566 724 mr.
1587 674 1634 722 ur
1654 671 1788 722 annon.
2093 651 2170 720 245

353 836 405 899 vel
430 858 502 898 crim
527 835 674 916 relativa,
692 834 719 897 si
739 835 774 898 lit
797 833 944 914 latinum,
961 832 1013 894 rol
1030 831 1108 895 sinc.
1134 830 1169 893 Si
1193 830 1228 893 iit
1250 829 1386 892 latinum
1412 849 1483 892 cum
1506 827 1652 910 relativo,
1670 827 1697 890 si
1713 825 1949 890 substantivum
1966 825 2052 889 illius
2071 827 2170 912 parti·

351 943 429 1027 cipij
454 964 511 1029 por
538 941 622 1027 quod
647 941 743 1005 datur
766 941 885 1022 thoma,
904 938 1003 1002 habet
1025 945 1206 1024 respectum
1231 936 1270 998 ad
1296 934 1381 998 aliud
1403 936 1538 999 vsrbum
1559 956 1655 1019 quam
1672 934 1712 996 ad
1728 932 1943 1018 participium,
1959 932 2015 996 fist
2035 932 2170 997 latinum

352 1048 547 1112 substantivi
571 1046 720 1133 ponendo
747 1047 918 1110 relativum
943 1065 1015 1108 cum
1039 1044 1094 1108 illo
1118 1042 1243 1106 infinito
1268 1042 1352 1104 illius
1376 1041 1537 1127 participij
1562 1041 1631 1104 loco
1652 1039 1819 1125 suppositi,
1836 1040 1862 1103 si
1883 1047 1931 1105 est
1947 1041 2081 1104 verbum
2097 1061 2170 1126 pas·

353 1159 469 1238 sivum,
493 1155 546 1218 vel
571 1155 641 1219 loco
665 1153 912 1234 terminationis,
937 1151 964 1215 si
988 1157 1036 1215 est
1061 1150 1148 1214 aliud
1174 1171 1269 1236 quam
1293 1149 1467 1235 passivum,
1491 1148 1581 1212 utin
1606 1149 1665 1212 isto
1689 1148 1841 1212 thomate.
1863 1173 1877 1206 ‹
1896 1147 1942 1212 Lo
1963 1151 2088 1212 rrraistra
2107 1169 2170 1213 ser-

351 1267 409 1329 aito
432 1286 469 1326 aa
492 1285 512 1326 a
535 1265 567 1327 la
585 1265 689 1360 plasta
717 1261 865 1346 Maqlstcr
887 1262 937 1324 cai
967 1259 1100 1343 aliquem
1129 1258 1193 1340 fait
1224 1259 1351 1338 saraias,
1375 1256 1436 1320 hoo
1467 1263 1568 1319 totum
1600 1261 1649 1318 est
1679 1253 1749 1318 loco
1781 1255 1955 1341 suppositi,
1980 1257 2024 1320 rel
2054 1257 2104 1320 cai
2134 1255 2171 1319 al>

350 1373 455 1456 aliquo
475 1371 540 1453 salt
561 1372 672 1434 sarriri
681 1419 690 1451 ,
714 1369 774 1432 hoc
799 1374 848 1431 cst
871 1367 1092 1452 suppositum,
1117 1365 1200 1428 radit
1221 1365 1264 1428 ad
1280 1365 1416 1448 plateam
1440 1387 1477 1445 »3
1502 1362 1553 1427 vel
1577 1363 1608 1425 in
1633 1362 1694 1427 isto
1718 1361 1799 1426 alio:
1823 1387 1837 1420 ‹
1857 1361 1904 1427 Lo
1922 1366 2048 1428 arraistro
2070 1371 2171 1428 arrato

354 1502 391 1544 aa
414 1501 434 1542 a
458 1480 490 1542 la
507 1481 621 1563 plara:
644 1476 804 1561 Mapister,
829 1495 917 1560 qaam
937 1474 1001 1556 fait
1024 1474 1136 1554 conari,
1163 1473 1245 1536 cadit
1268 1472 1310 1535 acl
1328 1472 1466 1555 plateam
1486 1493 1516 1552 »3
1539 1469 1590 1534 vel
1614 1470 1682 1532 sinc
1706 1469 1853 1552 relativo,
1877 1469 1905 1534 si
1934 1471 2172 1535 substantivum

355 1584 516 1672 partieipij
541 1593 605 1648 non
628 1582 761 1647 habebit
785 1588 966 1666 respectum
990 1580 1052 1643 nisi
1076 1579 1117 1642 ad
1146 1578 1225 1642 illud
1252 1577 1457 1664 participium
1483 1577 1515 1639 in
1544 1576 1684 1640 themata
1712 1577 1861 1662 ponsndo
1888 1577 1968 1640 illud
1998 1578 2171 1642 substauti-

350 1800 468 1881 sivum,
486 1805 518 1862 ct
534 1797 684 1862 ordinare
709 1795 789 1860 illud
814 1795 973 1858 infinitum
1000 1795 1040 1857 ad
1064 1793 1265 1879 suppositum
1289 1792 1374 1855 illius
1396 1791 1487 1855 vorbi
1506 1790 1576 1872 init,
1595 1799 1629 1854 ut
1646 1791 1677 1854 in
1695 1791 1756 1855 isto
1772 1791 1930 1856 themate:
1953 1792 2032 1856 «Lo
2047 1796 2172 1858 araistro

350 1909 366 1971 l
390 1913 531 1990 aprcsala
554 1907 595 1969 cla
619 1906 641 1968 li
664 1905 794 1968 scolari:
814 1901 1001 1987 Mapistrum
1021 1902 1085 1983 fait
1108 1903 1196 1965 lisera
1218 1921 1238 1964 a
1259 1899 1425 1964 scolaribus
1441 1924 1472 1981 s,
1489 1899 1541 1962 vol
1566 1899 1626 1961 isto
1650 1897 1761 1962 modo:
1784 1897 1863 1962 «Lo
1878 1901 2004 1964 canistra
2020 1902 2035 1964 l
2050 1902 2173 1966 assalito

348 2014 390 2078 cla
413 2015 436 2076 li
461 2013 592 2076 scholari
600 2035 610 2074 :
637 2011 794 2075 Sclrolares
815 2009 879 2092 fait
902 2009 1029 2095 apprerli
1051 2010 1232 2092 rnaplstrran
1256 2032 1287 2069 s.

442 2207 587 2314 Explicit
610 2225 759 2290 Donatus
783 2245 840 2310 per
865 2224 976 2288 modos
1000 2221 1203 2308 significandi
1226 2221 1431 2308 compositas.
1457 2221 1526 2284 Deo
1549 2221 1682 2305 gratias.
1706 2221 1823 2284 Amsn.

444 2335 505 2418 [la
526 2333 626 2418 fine-'l

442 2441 631 2528 Expliciunt
656 2439 768 2504 Floras
792 2439 938 2503 raritatis
963 2437 1139 2523 gramatice
1164 2437 1331 2522 compositi
1355 2457 1374 2501 a
1397 2436 1553 2522 magistro
1576 2436 1767 2519 Bartolutio,
1785 2437 1885 2500 fratrc
1905 2437 2052 2522 magistri
2075 2436 2171 2504 Guio-

352 2549 440 2613 zardi
465 2547 692 2630 Bononiensis,
712 2547 766 2632 qui
786 2547 818 2609 in
844 2545 990 2632 partibus
1015 2545 1162 2609 omnibus
1185 2543 1483 2628 Lombardequctll
1500 2542 1615 2607 Tuscis
1635 2542 1746 2608 doctor
1762 2543 1929 2607 doctorum
1945 2545 1976 2607 iu
1993 2545 2172 2629 gramatioa

355 2677 388 2720 re
414 2663 533 2720 utatur.

391 2679 411 2743 p
445 2765 612 2830 Johanncs
636 2763 676 2828 dc
702 2762 834 2848 Spolcto
857 2770 993 2826 vocatur
1016 2783 1035 2824 a
1060 2760 1187 2824 Christo
1211 2759 1429 2824 benedicatur.

443 2871 587 2958 aspum

442 3176 483 3240 (1)
505 3173 558 3225 Sic.
