5544 7750
612 623 686 694 336
1362 648 1476 698 vrrxn
1504 649 1683 698 mamaea

609 801 702 872 inter
729 800 888 874 Venetos
917 809 952 874 et
980 809 1132 874 nostros.
1166 803 1286 899 Atque
1325 802 1380 874 hic
1418 803 1558 900 quidem
1597 803 1841 899 Maeagnauus
1879 805 2044 903 princeps
2072 805 2139 877 fuit
2167 805 2353 900 legationis
2382 807 2426 880 ad

608 923 703 1020 ipsos
730 924 890 997 Venetos
919 949 983 1022 pro
1012 925 1166 998 ineunda
1195 926 1393 1020 concordia,
1415 927 1711 1022 quemadmodum
1738 937 1877 1002 constat
1906 953 1951 1002 ex
1982 928 2090 1002 Libro
2119 929 2425 1024 deformationem

608 1048 645 1120 in
672 1049 817 1122 archivo
847 1049 987 1147 publico
1017 1049 1184 1123 adhunc
1213 1075 1345 1124 annum
1374 1053 1439 1124 sub
1468 1052 1523 1124 die
1554 1051 1622 1124 III.
1654 1054 1817 1126 octobris.
1850 1055 1907 1126 Ad
1937 1055 2098 1127 eumdem
2129 1055 2306 1152 pertinere
2339 1064 2424 1152 puto

608 1175 702 1270 quod
730 1175 765 1246 in
794 1175 918 1248 eodem
948 1175 1058 1248 Libro
1087 1175 1394 1270 Reformotionum
1424 1177 1499 1274 ipso
1527 1201 1619 1250 anno
1649 1179 1713 1250 sub
1753 1179 1809 1250 die
1848 1179 2043 1276 penultima
2083 1179 2157 1252 iulii
2192 1179 2345 1253 habetur
2381 1180 2424 1253 de

606 1298 862 1372 Universitatis
890 1299 1141 1373 reformatione
1173 1325 1194 1372 a
1222 1305 1374 1398 quatuor
1396 1301 1514 1396 legum
1544 1303 1666 1399 peritis
1695 1328 1740 1376 ex
1760 1304 1911 1376 Senatus
1937 1303 2118 1378 voluntate
2138 1305 2313 1401 facienda,
2334 1305 2426 1378 inter

607 1448 694 1520 quos
724 1425 837 1522 primo
865 1425 1069 1497 nominatur
1097 1423 1174 1498 loeo
1204 1427 1447 1521 Maeagnauus
1478 1427 1520 1498 de
1550 1428 1777 1522 Azzoguidis.

714 1549 783 1622 III.
812 1549 882 1622 Hic
909 1549 1018 1645 igitur
1046 1549 1136 1623 alter
1164 1549 1333 1624 illustrior
1361 1551 1439 1647 fuit,
1461 1560 1496 1624 et
1525 1553 1618 1624 idem
1646 1553 1704 1626 ille
1729 1563 1794 1648 est,
1816 1554 1858 1626 de
1879 1579 1947 1650 quo
1969 1555 2109 1652 scripsit
2135 1553 2423 1652 Diplovataeeius

605 1673 797 1748 honorifice
817 1672 1067 1748 admodumtu.
1085 1675 1154 1748 Sed
1172 1676 1208 1748 in
1230 1676 1349 1773 primis
1369 1685 1445 1749 tum
1464 1677 1753 1775 Diplovataecius
1773 1679 1860 1776 ipse,
1884 1687 1958 1751 turn
1980 1679 2038 1751 alii
2058 1679 2118 1776 qui
2137 1679 2180 1751 de
2199 1679 2422 1774 Maeagnano

607 1805 731 1894 postea
760 1797 990 1894 scripserunt,
1011 1799 1047 1870 in
1076 1823 1118 1871 eo
1148 1798 1203 1870 vel
1231 1800 1384 1872 maxime
1414 1808 1535 1873 errant
1563 1802 1658 1898 quod
1676 1802 1938 1897 Maeagnanum
1959 1804 1993 1875 in
2015 1804 2091 1901 ipso
2112 1803 2305 1876 iuventutis
2324 1803 2423 1898 flore,

607 1921 740 1994 scilicet
769 1947 880 1994 annos
909 1930 1033 1996 natum
1061 1923 1206 2019 XXV„
1228 1925 1354 1996 obiisse
1384 1933 1567 2020 statuunt,
1598 1951 1675 1998 cum
1708 1952 1871 2024 namque,
1895 1937 1933 1999 ut
1961 1952 2069 2025 supra
2097 1927 2228 2000 dictum
2256 1935 2321 2023 est,
2342 1927 2423 2000 huic

606 2046 829 2142 Maeagnano
858 2071 959 2120 suam
987 2048 1032 2120 ad
1061 2049 1306 2144 exequendam
1336 2048 1554 2122 voluntatem
1576 2059 1789 2124 testamento
1810 2053 2023 2126 commiserit
2043 2052 2287 2148 Maeagnanus
2307 2052 2423 2124 senior

606 2173 651 2245 ad
680 2199 811 2246 aunum
840 2173 1137 2270 decertum,
1163 2176 1405 2270 grandaevum
1435 2177 1549 2273 ipsum
1578 2177 1686 2249 fuisse
1715 2187 1867 2275 oportet,
1889 2203 1968 2250 eum
1998 2178 2042 2250 ad
2071 2178 2106 2250 id
2135 2179 2302 2272 muneris,
2330 2177 2422 2274 quod

606 2298 692 2371 satis
718 2323 828 2394 grave
857 2307 970 2372 estet
999 2310 1207 2397 provectum
1235 2299 1411 2373 hominem
1440 2302 1612 2398 exposcit,
1634 2302 1767 2374 electus
1786 2303 1864 2376 luit.
1888 2303 2063 2392 Quoniam
2084 2328 2167 2375 vero
2187 2303 2262 2375 eius
2290 2302 2422 2375 mentio

605 2425 759 2496 occurrit
787 2425 822 2496 in
852 2426 1089 2498 monumentis
1118 2425 1258 2520 nostris,
1280 2425 1406 2498 saltem
1436 2451 1545 2522 usque
1575 2427 1620 2499 ad
1648 2452 1779 2500 annum
1807 2425 2322 2524 MCCCXL11.<2),subuu0t0
2350 2426 2422 2500 cal-

606 2549 684 2620 culo
712 2559 863 2647 apparet
891 2575 975 2622 sane
1004 2551 1203 2646 grandioris
1232 2550 1342 2624 multo
1371 2551 1500 2622 aetatis
1528 2551 1636 2624 fuisse
1665 2551 1940 2648 Maeagnanum,
1962 2578 2040 2624 eum
2071 2577 2090 2626 e
2120 2553 2193 2624 vita
2221 2553 2384 2624 excessit.

711 2673 867 2747 Publicis
896 2675 1148 2771 dignitatisque
1176 2674 1301 2772 plenus
1331 2675 1534 2748 muneribus
1562 2676 1706 2748 functus
1734 2687 1787 2748 est
1817 2676 1908 2749 alter
1940 2679 2047 2750 etiam
2083 2677 2140 2749 hie
2178 2677 2421 2772 Macagnanus

604 2823 668 2896 per
695 2805 896 2896 temporum
921 2797 1111 2871 intervalla
1130 2807 1164 2871 et
1186 2824 1247 2896 pro
1275 2800 1381 2872 variis
1401 2800 1555 2872 civitatis
1575 2810 1716 2873 nostrae
1736 2802 2074 2898 opportunitatibus,
2098 2802 2196 2898 quod
2211 2812 2421 2896 argumento

604 2933 658 2996 est
688 2949 756 2996 non
785 2923 901 2997 levem
928 2924 1036 2996 fuisse
1067 2925 1109 2996 de
1139 2925 1214 2996 eius
1243 2925 1404 2996 doctrina
1434 2933 1468 2996 et
1497 2925 1637 3020 ingenio
1667 2927 1886 3022 opinionem,
1913 2935 1948 2999 et
1977 2927 2137 3025 profecto
2166 2927 2347 2998 sirenum
2376 2927 2421 3000 sit

604 3048 867 3144 Maeagnanum
895 3049 929 3120 iu
959 3049 1035 3147 ipso
1064 3050 1257 3122 iuventutis
1286 3049 1371 3122 flore
1404 3074 1421 3122 e
1452 3050 1525 3122 rita
1553 3050 1758 3146 excessisse,
1789 3052 1883 3147 quod
1912 3052 1936 3124 ii
1963 3060 2125 3125 statuunt
2154 3061 2328 3148 auctores,
2360 3052 2421 3124 vix

603 3198 729 3271 nempe
758 3182 837 3272 post
865 3199 922 3248 an.
953 3174 1078 3254 XXV,
1098 3174 1173 3246 fieri
1203 3175 1437 3246 meoiudicio
1467 3201 1536 3248 non
1566 3176 1707 3272 poterit,
1729 3187 1768 3248 nt
1792 3176 1981 3274 plurimum
2011 3178 2180 3274 temporis
2208 3177 2420 3274 impenderit

603 3298 660 3372 rel
688 3299 847 3372 docendo
866 3299 923 3373 vel
942 3300 1140 3395 scribenda,
1163 3300 1371 3396 praesertim
1391 3325 1471 3372 eum
1492 3300 1659 3372 ecelesiae
1685 3325 1768 3374 suae
1798 3302 2002 3374 muneribus
2030 3302 2200 3375 obeundis
2224 3302 2418 3375 addictam

602 3423 788 3497 eeclesiam
815 3425 924 3498 fuisse
949 3425 1158 3522 oportuerit,
1180 3450 1293 3521 neque
1314 3425 1445 3497 diutius
1465 3425 1645 3498 Bononiae
1666 3427 1865 3498 substitisse
1887 3427 2081 3523 putandum
2102 3429 2159 3499 sit.
2180 3426 2306 3523 Itaque
2327 3427 2420 3524 quod

602 3550 652 3622 ait
681 3548 981 3648 Diplorataceius,
1003 3575 1083 3622 eum
1110 3550 1275 3622 nimirum
1305 3549 1424 3647 plures
1453 3549 1710 3647 disputationes
1739 3553 1934 3648 scripsisse,
1956 3550 2094 3648 aliaque
2124 3553 2160 3624 in
2189 3553 2307 3624 varias
2334 3552 2419 3626 iuris

602 3685 722 3772 partes
751 3675 902 3748 edidisse
931 3698 1001 3746 non
1030 3675 1171 3747 omuino
1200 3674 1421 3747 crediderim.
1453 3674 1688 3748 verisimilius
1725 3700 1877 3772 namque
1914 3700 1990 3748 esse
2023 3677 2178 3748 arbitror
2205 3676 2420 3772 Maeagnani

602 3800 749 3873 senioris
778 3825 820 3873 ea
849 3799 966 3872 omnia
994 3799 1110 3872 foetus
1139 3799 1267 3895 fuisse;
1298 3807 1332 3872 et
1363 3799 1530 3895 quoniam
1558 3825 1672 3896 neque
1709 3799 2017 3898 Diplovataeeius,
2046 3825 2161 3897 neque
2189 3801 2415 3896 Paneirolus,

600 3951 714 4023 neque
742 3925 1039 3999 Mazzucchellius
1067 3926 1167 3998 binos
1196 3925 1304 3998 fuisse
1335 3926 1459 3998 eodem
1489 3932 1647 4022 tempore
1675 3925 1917 4022 Maeagnanos
1940 3927 2033 4024 juris
2061 3926 2173 3998 civilis
2201 3928 2419 4023 professores

601 4051 796 4149 subspicati
823 4058 917 4147 sunt,
938 4049 1041 4123 facile
1071 4075 1155 4124 saue
1184 4074 1303 4124 errare
1336 4057 1526 4146 potuerunt
1555 4058 1590 4122 et
1616 4051 1677 4122 uni
1700 4051 1883 4148 eidemque
1906 4052 2061 4125 tribuere
2083 4076 2234 4147 eaquae
2255 4051 2419 4125 inunum

599 4184 634 4249 et
663 4176 815 4249 alterum
845 4183 947 4248 erant
975 4175 1226 4272 dispertienda.
1256 4175 1521 4270 Maeagnanum
1552 4183 1669 4247 tamen
1697 4175 1789 4248 hune
1819 4176 1990 4249 iuniorem
2024 4201 2175 4272 maguae
2205 4175 2420 4249 celebritatis

598 4301 707 4374 fuisse
736 4325 817 4373 cum
845 4325 890 4374 ex
918 4299 1071 4372 laudatis
1100 4299 1351 4396 scriptoribus,
1384 4309 1458 4371 tum
1490 4300 1643 4372 maxime
1679 4309 1841 4373 constare
1870 4309 1987 4398 potest
2017 4325 2062 4374 ex
2091 4301 2208 4373 citatis
2236 4300 2417 4374 Pontificis

597 4425 721 4521 literis,
742 4425 779 4497 in
808 4426 935 4521 quibus
964 4425 1007 4497 de
1035 4425 1110 4497 eius
1138 4425 1299 4498 doctrina
1327 4423 1462 4497 illustre
1495 4424 1666 4498 habemus
1694 4425 1946 4499 testimonium.
1970 4425 2012 4498 In
2036 4426 2160 4498 iisdem
2180 4425 2309 4497 dieitur
2328 4424 2418 4498 filius

598 4550 820 4646 Bliobarixii,
841 4550 901 4647 qui
930 4551 984 4622 rir
1011 4550 1138 4622 nobilis
1164 4549 1286 4622 itidem
1314 4549 1525 4647 appellatur.
1557 4549 1594 4622 si
1622 4550 1833 4646 conjecturis
1853 4549 1950 4622 loeus
1969 4551 2027 4645 sit,
2048 4549 2142 4622 hunc
2161 4549 2418 4622 Bliobarixium

598 4701 679 4749 eum
707 4700 783 4749 esse
812 4676 1026 4773 putabimus,
1048 4699 1164 4771 quem,
1187 4683 1225 4747 ut
1245 4675 1520 4772 supradiximus,
1542 4675 1785 4770 Maeagnanus
1817 4675 1851 4746 iu
1881 4675 1953 4747 suis
1982 4674 2112 4748 tabulis
2140 4674 2418 4746 testamentariis

597 4826 690 4874 anno
718 4800 960 4874 MCOGXIX.
990 4801 1025 4872 in
1055 4800 1334 4872 commissarium
1366 4825 1436 4872 una
1465 4825 1546 4873 eum
1582 4800 1827 4895 Maeagnano,
1858 4824 1945 4897 quos
1974 4809 2120 4898 nepotes
2150 4807 2273 4894 vocat,
2304 4797 2413 4894 eligit.

597 4925 725 4999 Omnia
753 4927 803 4999 sic
830 4924 933 4998 facile
962 4925 1129 4998 coherere
1163 4932 1345 5022 poterunt,
1377 4925 1406 4996 si
1434 4950 1560 5022 nempe
1589 4934 1788 4998 statuamus
1816 4924 2078 5020 Maeagnanum
2107 4925 2280 4997 seniorem
2310 4924 2418 4996 fuisse

597 5051 745 5124 fratrem
782 5051 991 5123 Bliobarixii
1026 5050 1137 5147 patris
1169 5049 1273 5121 huius
1301 5049 1517 5144 Maeagnani
1545 5049 1705 5145 iunioris,
1736 5050 1795 5145 qui
1830 5059 2077 5146 praemortuus
2112 5049 2158 5121 sit
2192 5049 2416 5143 Maeagnauo

600 5177 741 5250 seniori.

705 5301 800 5374 Huic
829 5311 948 5373 tamen
976 5300 1132 5398 opinioni
1160 5299 1301 5372 officere
1330 5300 1471 5373 ridetur
1494 5300 1541 5394 id,
1564 5300 1657 5396 quod
1686 5299 1731 5372 ad
1760 5324 1892 5373 annum
1919 5298 2239 5373 MCCCXXXIX.
2264 5299 2418 5372 exactis

595 5428 725 5500 nostris
754 5425 903 5524 publicis
932 5425 1104 5498 habemus
1141 5451 1162 5497 a
1198 5425 1392 5497 Thaddaeo
1428 5449 1555 5522 nempe
1592 5424 1728 5522 Papulo
1765 5449 1907 5497 causam
1942 5425 2129 5521 quamdam
2169 5423 2417 5521 appellationis

596 5551 820 5625 commissam
848 5551 955 5624 fuisse
984 5550 1220 5645 Maeagnano,
1243 5551 1301 5646 qui
1327 5550 1456 5623 ibidem
1487 5551 1615 5622 dicitur
1643 5550 1734 5622 filius
1762 5549 1982 5622 Bliobarixii.
2004 5549 2041 5622 Si
2069 5557 2188 5622 autem
2217 5573 2342 5621 rerum
2372 5548 2418 5622 sit

596 5677 860 5772 Maeagnanum
890 5676 1062 5747 iuniorem
1091 5700 1184 5747 anno
1222 5676 1349 5747 aetatis
1387 5675 1512 5746 XXV.
1547 5676 1692 5770 obiisse,
1723 5674 1808 5746 illud
1843 5699 1927 5746 sane
1965 5673 2117 5746 efficitur
2153 5673 2416 5768 Maeagnanum

595 5802 690 5875 hunc
719 5801 776 5874 eui
804 5800 1018 5872 Thaddaeus
1048 5822 1190 5871 eausam
1220 5799 1491 5882 examinandam
1513 5800 1697 5895 seniorem,
1720 5800 1892 5882 subducto
1912 5799 2004 5870 enim
2025 5796 2172 5893 calcula,
2194 5807 2414 5895 compertum

676 6103 714 6164 (1)
735 6100 779 6152 sic
798 6101 856 6151 eires
873 6101 927 6150 eila
945 6100 1101 6150 eaor-ditur:
1119 6117 1132 6146 c
1148 6099 1333 6166 blacagnnnus
1353 6099 1385 6149 de
1408 6099 1475 6149 dra·
1612 6101 1650 6164 (2)
1671 6099 1702 6148 In
1720 6098 1804 6149 Libro
1821 6099 1969 6149 Prore'sr'on.
1983 6097 2034 6150 sub
2053 6097 2096 6148 dis
2110 6096 2228 6148 XXVII.
2243 6097 2361 6148 octobris
2380 6096 2417 6148 ad

595 6191 705 6260 gundis,
725 6192 794 6243 alias
813 6191 846 6242 de
866 6189 1039 6258 Azzoguidis‚
1059 6190 1148 6257 patria
1167 6189 1354 6252 bononiensis,
1374 6188 1479 6255 optima
1533 6188 1605 6239 hunc
1626 6205 1727 6238 annum
1748 6189 1922 6239 nominantur
1942 6187 2043 6238 Paulus
2070 6187 2102 6238 de
2129 6185 2272 6250 Liazariis,
2292 6186 2415 6238 Joannss

595 6281 701 6334 familia
721 6285 809 6346 natus,
829 6281 896 6350 legit
915 6281 1024 6349 quidem
1044 6280 1240 6331 scientissimus
1259 6279 1310 6330 hoc
1331 6279 1389 6346 ipso
1410 6282 1477 6328 tem·
1533 6276 1706 6342 Oaldarinus,
1726 6276 1911 6345 Maeagnanus
1936 6277 1969 6328 de
1989 6275 2151 6345 Azzoguidis
2172 6279 2199 6327 et
2222 6275 2356 6327 Ricardus
2381 6275 2415 6327 do

595 6388 660 6442 pore
681 6371 786 6423 Bartoli
805 6375 832 6422 et
851 6387 916 6423 suae
937 6369 1086 6421 iuuentutis
1105 6368 1238 6419 floruit».
1261 6368 1323 6418 Cod.
1342 6367 1476 6433 Diplovat.
1531 6365 1659 6417 Saliceto.

595 6463 625 6514 s'n
645 6461 765 6512 [actitat.
785 6460 928 6512 Sciaaliar.
948 6459 1042 6511 borion.
1061 6475 1124 6526 pag.
1145 6461 1196 6508 214
1216 6475 1254 6522 a,
1274 6475 1300 6507 n.
1322 6460 1380 6508 156.
