<?xml version="1.0" encoding="UTF-8"?>
<!DOCTYPE html PUBLIC "-//W3C//DTD XHTML 1.0 Transitional//EN"
    "http://www.w3.org/TR/xhtml1/DTD/xhtml1-transitional.dtd">
<html xmlns="http://www.w3.org/1999/xhtml" xml:lang="en" lang="en">
 <head>
  <title>
</title>
<meta http-equiv="Content-Type" content="text/html;charset=utf-8" />
  <meta name='ocr-system' content='tesseract 3.04.00' />
  <meta name='ocr-capabilities' content='ocr_page ocr_carea ocr_par ocr_line ocrx_word'/>
</head>
<body>
  <div class='ocr_page' id='page_1' title='image "./declarisarchigy01albigoog_0234.png"; bbox 0 0 5484 7746; ppageno 0'>
   <div class='ocr_carea' id='block_1_1' title="bbox 607 631 1633 704">
    <p class='ocr_par' dir='ltr' id='par_1_1' title="bbox 607 631 1633 704">
     <span class='ocr_line' id='line_1_1' title="bbox 607 631 1633 704; baseline 0.003 -4"><span class='ocrx_word' id='word_1_1' title='bbox 607 631 682 701; x_wconf 82' lang='lat'>224</span> <span class='ocrx_word' id='word_1_2' title='bbox 1393 653 1633 704; x_wconf 83' lang='lat' dir='ltr'>uonunanrn</span> 
     </span>
    </p>
   </div>
   <div class='ocr_carea' id='block_1_2' title="bbox 584 804 2418 6364">
    <p class='ocr_par' dir='ltr' id='par_1_2' title="bbox 584 804 2418 6364">
     <span class='ocr_line' id='line_1_2' title="bbox 602 804 2418 894; baseline 0.003 -28"><span class='ocrx_word' id='word_1_3' title='bbox 602 812 755 868; x_wconf 89' lang='lat' dir='ltr'>mentum.</span> <span class='ocrx_word' id='word_1_4' title='bbox 781 804 819 868; x_wconf 89' lang='lat' dir='ltr'>Iu</span> <span class='ocrx_word' id='word_1_5' title='bbox 851 827 914 891; x_wconf 92' lang='lat' dir='ltr'>quo</span> <span class='ocrx_word' id='word_1_6' title='bbox 945 805 1074 891; x_wconf 91' lang='lat' dir='ltr'>quidem</span> <span class='ocrx_word' id='word_1_7' title='bbox 1105 805 1138 869; x_wconf 93' lang='lat' dir='ltr'>in</span> <span class='ocrx_word' id='word_1_8' title='bbox 1172 807 1284 892; x_wconf 91' lang='lat' dir='ltr'>primis</span> <span class='ocrx_word' id='word_1_9' title='bbox 1313 807 1448 892; x_wconf 82' lang='lat' dir='ltr'>reliquid</span> <span class='ocrx_word' id='word_1_10' title='bbox 1481 829 1539 892; x_wconf 92' lang='lat' dir='ltr'>pro</span> <span class='ocrx_word' id='word_1_11' title='bbox 1572 809 1681 872; x_wconf 88' lang='lat' dir='ltr'>anima</span> <span class='ocrx_word' id='word_1_12' title='bbox 1712 829 1771 872; x_wconf 88' lang='lat' dir='ltr'>sua</span> <span class='ocrx_word' id='word_1_13' title='bbox 1794 815 1826 872; x_wconf 90' lang='lat' dir='ltr'>et</span> <span class='ocrx_word' id='word_1_14' title='bbox 1849 830 1979 872; x_wconf 90' lang='lat' dir='ltr'>suorum</span> <span class='ocrx_word' id='word_1_15' title='bbox 2003 815 2173 894; x_wconf 88' lang='lat' dir='ltr'>parentum</span> <span class='ocrx_word' id='word_1_16' title='bbox 2197 807 2308 871; x_wconf 92' lang='lat' dir='ltr'>decem</span> <span class='ocrx_word' id='word_1_17' title='bbox 2331 807 2418 871; x_wconf 89' lang='lat' dir='ltr'>mille</span> 
     </span>
     <span class='ocr_line' id='line_1_3' title="bbox 602 911 2417 1002; baseline 0.002 -28"><span class='ocrx_word' id='word_1_18' title='bbox 602 911 702 974; x_wconf 89' lang='lat' dir='ltr'>libras</span> <span class='ocrx_word' id='word_1_19' title='bbox 725 911 968 976; x_wconf 89' lang='lat' dir='ltr'>bononenornm</span> <span class='ocrx_word' id='word_1_20' title='bbox 992 912 1220 998; x_wconf 84' lang='lat' dir='ltr'>expendendas</span> <span class='ocrx_word' id='word_1_21' title='bbox 1246 923 1277 978; x_wconf 92' lang='lat' dir='ltr'>et</span> <span class='ocrx_word' id='word_1_22' title='bbox 1301 914 1538 978; x_wconf 88' lang='lat' dir='ltr'>distribuendas</span> <span class='ocrx_word' id='word_1_23' title='bbox 1563 937 1620 1002; x_wconf 92' lang='lat' dir='ltr'>per</span> <span class='ocrx_word' id='word_1_24' title='bbox 1644 915 1866 1002; x_wconf 81' lang='lat' dir='ltr'><strong>infrascriptos</strong></span> <span class='ocrx_word' id='word_1_25' title='bbox 1889 915 2011 997; x_wconf 90' lang='lat' dir='ltr'>modos,</span> <span class='ocrx_word' id='word_1_26' title='bbox 2034 914 2073 979; x_wconf 91' lang='lat' dir='ltr'>de</span> <span class='ocrx_word' id='word_1_27' title='bbox 2097 915 2212 1000; x_wconf 89' lang='lat' dir='ltr'>quihus</span> <span class='ocrx_word' id='word_1_28' title='bbox 2236 915 2339 1000; x_wconf 92' lang='lat' dir='ltr'>primo</span> <span class='ocrx_word' id='word_1_29' title='bbox 2364 935 2417 978; x_wconf 84' lang='lat' dir='ltr'>ro·</span> 
     </span>
     <span class='ocr_line' id='line_1_4' title="bbox 603 1017 2418 1110; baseline 0.003 -29"><span class='ocrx_word' id='word_1_30' title='bbox 603 1018 662 1082; x_wconf 93' lang='lat' dir='ltr'>luit</span> <span class='ocrx_word' id='word_1_31' title='bbox 686 1017 772 1104; x_wconf 92' lang='lat' dir='ltr'>quod</span> <span class='ocrx_word' id='word_1_32' title='bbox 796 1019 858 1082; x_wconf 95' lang='lat' dir='ltr'>duo</span> <span class='ocrx_word' id='word_1_33' title='bbox 883 1019 973 1082; x_wconf 90' lang='lat' dir='ltr'>milia</span> <span class='ocrx_word' id='word_1_34' title='bbox 997 1020 1173 1106; x_wconf 83' lang='lat' dir='ltr'>quingente</span> <span class='ocrx_word' id='word_1_35' title='bbox 1195 1021 1278 1085; x_wconf 89' lang='lat' dir='ltr'>libre</span> <span class='ocrx_word' id='word_1_36' title='bbox 1307 1022 1548 1086; x_wconf 81' lang='lat' dir='ltr'>bononenornm</span> <span class='ocrx_word' id='word_1_37' title='bbox 1573 1023 1808 1110; x_wconf 90' lang='lat' dir='ltr'>expendantur,</span> <span class='ocrx_word' id='word_1_38' title='bbox 1833 1029 1864 1086; x_wconf 88' lang='lat' dir='ltr'>et</span> <span class='ocrx_word' id='word_1_39' title='bbox 1889 1044 1930 1085; x_wconf 82' lang='lat' dir='ltr'>ex</span> <span class='ocrx_word' id='word_1_40' title='bbox 1954 1024 2000 1086; x_wconf 88' lang='lat' dir='ltr'>eis</span> <span class='ocrx_word' id='word_1_41' title='bbox 2023 1030 2171 1086; x_wconf 87' lang='lat' dir='ltr'>emantur</span> <span class='ocrx_word' id='word_1_42' title='bbox 2201 1021 2418 1108; x_wconf 88' lang='lat' dir='ltr'>possessiones</span> 
     </span>
     <span class='ocr_line' id='line_1_5' title="bbox 602 1125 2418 1216; baseline 0.002 -28"><span class='ocrx_word' id='word_1_43' title='bbox 602 1125 781 1208; x_wconf 81' lang='lat' dir='ltr'>fructifere,</span> <span class='ocrx_word' id='word_1_44' title='bbox 807 1147 868 1211; x_wconf 91' lang='lat' dir='ltr'>que</span> <span class='ocrx_word' id='word_1_45' title='bbox 893 1126 956 1190; x_wconf 92' lang='lat' dir='ltr'>siut</span> <span class='ocrx_word' id='word_1_46' title='bbox 980 1134 1135 1212; x_wconf 88' lang='lat' dir='ltr'>perpetuo</span> <span class='ocrx_word' id='word_1_47' title='bbox 1167 1135 1200 1192; x_wconf 92' lang='lat' dir='ltr'>et</span> <span class='ocrx_word' id='word_1_48' title='bbox 1229 1151 1299 1192; x_wconf 88' lang='lat' dir='ltr'>esse</span> <span class='ocrx_word' id='word_1_49' title='bbox 1324 1128 1464 1193; x_wconf 89' lang='lat' dir='ltr'>debeant</span> <span class='ocrx_word' id='word_1_50' title='bbox 1484 1131 1557 1214; x_wconf 89' lang='lat' dir='ltr'>jure</span> <span class='ocrx_word' id='word_1_51' title='bbox 1582 1130 1788 1215; x_wconf 81' lang='lat' dir='ltr'>proprietatis</span> <span class='ocrx_word' id='word_1_52' title='bbox 1812 1138 1844 1194; x_wconf 90' lang='lat' dir='ltr'>ct</span> <span class='ocrx_word' id='word_1_53' title='bbox 1872 1130 2004 1193; x_wconf 92' lang='lat' dir='ltr'>dominii</span> <span class='ocrx_word' id='word_1_54' title='bbox 2035 1150 2214 1216; x_wconf 86' lang='lat' dir='ltr'>pauperum</span> <span class='ocrx_word' id='word_1_55' title='bbox 2242 1149 2418 1213; x_wconf 85' lang='lat' dir='ltr'>vergonzc-</span> 
     </span>
     <span class='ocr_line' id='line_1_6' title="bbox 601 1233 2418 1322; baseline 0.002 -27"><span class='ocrx_word' id='word_1_56' title='bbox 601 1253 709 1296; x_wconf 83' lang='lat' dir='ltr'>sorum</span> <span class='ocrx_word' id='word_1_57' title='bbox 723 1233 762 1296; x_wconf 87' lang='lat'>(1)</span> <span class='ocrx_word' id='word_1_58' title='bbox 779 1233 918 1296; x_wconf 83' lang='lat' dir='ltr'>civitatis</span> <span class='ocrx_word' id='word_1_59' title='bbox 942 1234 1088 1298; x_wconf 91' lang='lat' dir='ltr'>Bononie</span> <span class='ocrx_word' id='word_1_60' title='bbox 1111 1240 1144 1298; x_wconf 91' lang='grc'>(1</span> <span class='ocrx_word' id='word_1_61' title='bbox 1166 1234 1347 1318; x_wconf 73' lang='lat' dir='ltr'>districtus,</span> <span class='ocrx_word' id='word_1_62' title='bbox 1369 1258 1431 1321; x_wconf 90' lang='lat' dir='ltr'>que</span> <span class='ocrx_word' id='word_1_63' title='bbox 1448 1237 1666 1322; x_wconf 88' lang='lat' dir='ltr'>possessiones</span> <span class='ocrx_word' id='word_1_64' title='bbox 1690 1245 1848 1318; x_wconf 89' lang='lat' dir='ltr'>emautur,</span> <span class='ocrx_word' id='word_1_65' title='bbox 1866 1237 2094 1322; x_wconf 82' lang='lat' dir='ltr'>possideantur</span> <span class='ocrx_word' id='word_1_66' title='bbox 2116 1244 2148 1299; x_wconf 92' lang='lat' dir='ltr'>et</span> <span class='ocrx_word' id='word_1_67' title='bbox 2172 1243 2343 1298; x_wconf 89' lang='lat' dir='ltr'>teneantur</span> <span class='ocrx_word' id='word_1_68' title='bbox 2361 1256 2418 1321; x_wconf 93' lang='lat' dir='ltr'>per</span> 
     </span>
     <span class='ocr_line' id='line_1_7' title="bbox 599 1339 2418 1428; baseline 0.001 -26"><span class='ocrx_word' id='word_1_69' title='bbox 599 1339 731 1404; x_wconf 85' lang='lat' dir='ltr'>Fratres</span> <span class='ocrx_word' id='word_1_70' title='bbox 753 1347 785 1403; x_wconf 89' lang='grc'>(1</span> <span class='ocrx_word' id='word_1_71' title='bbox 809 1339 963 1404; x_wconf 86' lang='lat' dir='ltr'>Ordinem</span> <span class='ocrx_word' id='word_1_72' title='bbox 987 1341 1139 1405; x_wconf 87' lang='lat' dir='ltr'>Fratrum</span> <span class='ocrx_word' id='word_1_73' title='bbox 1163 1342 1202 1406; x_wconf 94' lang='lat' dir='ltr'>de</span> <span class='ocrx_word' id='word_1_74' title='bbox 1225 1342 1410 1408; x_wconf 89' lang='lat' dir='ltr'>Penitentia</span> <span class='ocrx_word' id='word_1_75' title='bbox 1434 1345 1473 1408; x_wconf 92' lang='grc'>(1(</span> <span class='ocrx_word' id='word_1_76' title='bbox 1497 1344 1645 1408; x_wconf 83' lang='grc' dir='ltr'>Β11111(</span> <span class='ocrx_word' id='word_1_77' title='bbox 1669 1345 1798 1409; x_wconf 89' lang='lat' dir='ltr'>nomine</span> <span class='ocrx_word' id='word_1_78' title='bbox 1823 1344 1980 1408; x_wconf 91' lang='lat' dir='ltr'>dictorum</span> <span class='ocrx_word' id='word_1_79' title='bbox 2004 1365 2182 1428; x_wconf 89' lang='lat' dir='ltr'>pauperum</span> <span class='ocrx_word' id='word_1_80' title='bbox 2206 1361 2418 1427; x_wconf 85' lang='lat' dir='ltr'>vergonzcso·</span> 
     </span>
     <span class='ocr_line' id='line_1_8' title="bbox 600 1447 2416 1538; baseline 0.002 -29"><span class='ocrx_word' id='word_1_81' title='bbox 600 1467 681 1528; x_wconf 91' lang='lat' dir='ltr'>rum,</span> <span class='ocrx_word' id='word_1_82' title='bbox 699 1453 732 1510; x_wconf 93' lang='lat' dir='ltr'>et</span> <span class='ocrx_word' id='word_1_83' title='bbox 755 1447 977 1532; x_wconf 87' lang='lat' dir='ltr'>gubernentur</span> <span class='ocrx_word' id='word_1_84' title='bbox 1000 1454 1033 1512; x_wconf 91' lang='grc'>(1</span> <span class='ocrx_word' id='word_1_85' title='bbox 1056 1470 1167 1512; x_wconf 87' lang='lat' dir='ltr'>aarum</span> <span class='ocrx_word' id='word_1_86' title='bbox 1190 1451 1314 1514; x_wconf 90' lang='lat' dir='ltr'>fructus</span> <span class='ocrx_word' id='word_1_87' title='bbox 1338 1451 1572 1515; x_wconf 90' lang='lat' dir='ltr'>distribuantur</span> <span class='ocrx_word' id='word_1_88' title='bbox 1595 1472 1652 1538; x_wconf 87' lang='lat' dir='ltr'>per</span> <span class='ocrx_word' id='word_1_89' title='bbox 1675 1451 1840 1516; x_wconf 89' lang='lat' dir='ltr'>Ministros</span> <span class='ocrx_word' id='word_1_90' title='bbox 1865 1451 2016 1514; x_wconf 83' lang='lat' dir='ltr'>Fratrum</span> <span class='ocrx_word' id='word_1_91' title='bbox 2040 1450 2116 1514; x_wconf 89' lang='lat' dir='ltr'>dicti</span> <span class='ocrx_word' id='word_1_92' title='bbox 2141 1448 2271 1513; x_wconf 89' lang='lat' dir='ltr'>Ordinis</span> <span class='ocrx_word' id='word_1_93' title='bbox 2295 1448 2334 1511; x_wconf 92' lang='lat' dir='ltr'>de</span> <span class='ocrx_word' id='word_1_94' title='bbox 2355 1448 2416 1512; x_wconf 91' lang='lat' dir='ltr'>Pe·</span> 
     </span>
     <span class='ocr_line' id='line_1_9' title="bbox 598 1554 2417 1644; baseline 0.001 -28"><span class='ocrx_word' id='word_1_95' title='bbox 598 1554 735 1617; x_wconf 89' lang='lat' dir='ltr'>nitentia</span> <span class='ocrx_word' id='word_1_96' title='bbox 759 1555 898 1618; x_wconf 88' lang='lat' dir='ltr'>civitatis</span> <span class='ocrx_word' id='word_1_97' title='bbox 914 1555 1071 1639; x_wconf 92' lang='lat' dir='ltr'>Bononie,</span> <span class='ocrx_word' id='word_1_98' title='bbox 1089 1557 1144 1643; x_wconf 93' lang='lat' dir='ltr'>qui</span> <span class='ocrx_word' id='word_1_99' title='bbox 1160 1557 1280 1622; x_wconf 90' lang='lat' dir='ltr'>fuerint</span> <span class='ocrx_word' id='word_1_100' title='bbox 1303 1580 1360 1644; x_wconf 92' lang='lat' dir='ltr'>pro</span> <span class='ocrx_word' id='word_1_101' title='bbox 1385 1567 1538 1644; x_wconf 90' lang='lat' dir='ltr'>tempore,</span> <span class='ocrx_word' id='word_1_102' title='bbox 1557 1580 1630 1622; x_wconf 88' lang='lat' dir='ltr'>cum</span> <span class='ocrx_word' id='word_1_103' title='bbox 1649 1558 1783 1622; x_wconf 90' lang='lat' dir='ltr'>consilio</span> <span class='ocrx_word' id='word_1_104' title='bbox 1801 1565 1832 1622; x_wconf 91' lang='grc'>(1</span> <span class='ocrx_word' id='word_1_105' title='bbox 1850 1579 2008 1622; x_wconf 88' lang='lat' dir='ltr'>consensu</span> <span class='ocrx_word' id='word_1_106' title='bbox 2024 1557 2146 1620; x_wconf 91' lang='lat' dir='ltr'>Prioris</span> <span class='ocrx_word' id='word_1_107' title='bbox 2162 1556 2417 1636; x_wconf 87' lang='lat' dir='ltr'>Predicatorum,</span> 
     </span>
     <span class='ocr_line' id='line_1_10' title="bbox 599 1660 2416 1753; baseline 0.001 -30"><span class='ocrx_word' id='word_1_108' title='bbox 599 1660 778 1724; x_wconf 85' lang='lat' dir='ltr'>Ouardicni</span> <span class='ocrx_word' id='word_1_109' title='bbox 801 1663 853 1726; x_wconf 79' lang='lat' dir='ltr'>rel</span> <span class='ocrx_word' id='word_1_110' title='bbox 878 1663 1027 1728; x_wconf 91' lang='lat' dir='ltr'>Oustodis</span> <span class='ocrx_word' id='word_1_111' title='bbox 1051 1664 1202 1729; x_wconf 87' lang='lat' dir='ltr'>Fratrum</span> <span class='ocrx_word' id='word_1_112' title='bbox 1225 1665 1387 1730; x_wconf 89' lang='lat' dir='ltr'>Minorum</span> <span class='ocrx_word' id='word_1_113' title='bbox 1415 1665 1455 1729; x_wconf 90' lang='lat' dir='ltr'>da</span> <span class='ocrx_word' id='word_1_114' title='bbox 1487 1675 1648 1730; x_wconf 81' lang='lat' dir='ltr'>coaventu</span> <span class='ocrx_word' id='word_1_115' title='bbox 1678 1665 1825 1730; x_wconf 91' lang='lat' dir='ltr'>Bononie</span> <span class='ocrx_word' id='word_1_116' title='bbox 1857 1666 1911 1751; x_wconf 93' lang='lat' dir='ltr'>qui</span> <span class='ocrx_word' id='word_1_117' title='bbox 1941 1686 2000 1753; x_wconf 90' lang='lat' dir='ltr'>pro</span> <span class='ocrx_word' id='word_1_118' title='bbox 2032 1671 2176 1750; x_wconf 89' lang='lat' dir='ltr'>tempore</span> <span class='ocrx_word' id='word_1_119' title='bbox 2203 1663 2340 1745; x_wconf 90' lang='lat' dir='ltr'>fuerint,</span> <span class='ocrx_word' id='word_1_120' title='bbox 2364 1661 2416 1725; x_wconf 84' lang='lat' dir='ltr'>rel</span> 
     </span>
     <span class='ocr_line' id='line_1_11' title="bbox 598 1769 2414 1858; baseline 0.001 -28"><span class='ocrx_word' id='word_1_121' title='bbox 598 1769 730 1852; x_wconf 91' lang='lat' dir='ltr'>majoris</span> <span class='ocrx_word' id='word_1_122' title='bbox 755 1769 856 1856; x_wconf 89' lang='lat' dir='ltr'>partis</span> <span class='ocrx_word' id='word_1_123' title='bbox 879 1771 1039 1856; x_wconf 89' lang='lat' dir='ltr'>ipsorum;</span> <span class='ocrx_word' id='word_1_124' title='bbox 1058 1773 1112 1857; x_wconf 92' lang='lat' dir='ltr'>qui</span> <span class='ocrx_word' id='word_1_125' title='bbox 1136 1771 1276 1836; x_wconf 90' lang='lat' dir='ltr'>debeant</span> <span class='ocrx_word' id='word_1_126' title='bbox 1299 1773 1424 1837; x_wconf 89' lang='lat' dir='ltr'>loccare</span> <span class='ocrx_word' id='word_1_127' title='bbox 1448 1781 1479 1836; x_wconf 90' lang='lat' dir='ltr'>ct</span> <span class='ocrx_word' id='word_1_128' title='bbox 1504 1774 1645 1837; x_wconf 91' lang='lat' dir='ltr'>affictare</span> <span class='ocrx_word' id='word_1_129' title='bbox 1670 1773 1772 1837; x_wconf 90' lang='lat' dir='ltr'>dictas</span> <span class='ocrx_word' id='word_1_130' title='bbox 1795 1772 2013 1858; x_wconf 88' lang='lat' dir='ltr'>possessiones</span> <span class='ocrx_word' id='word_1_131' title='bbox 2030 1779 2063 1834; x_wconf 90' lang='lat' dir='ltr'>et</span> <span class='ocrx_word' id='word_1_132' title='bbox 2083 1792 2195 1834; x_wconf 88' lang='lat' dir='ltr'>earum</span> <span class='ocrx_word' id='word_1_133' title='bbox 2218 1771 2341 1834; x_wconf 85' lang='lat' dir='ltr'>fructus</span> <span class='ocrx_word' id='word_1_134' title='bbox 2366 1791 2414 1833; x_wconf 92' lang='lat' dir='ltr'>re-</span> 
     </span>
     <span class='ocr_line' id='line_1_12' title="bbox 599 1874 2415 1964; baseline 0.001 -25"><span class='ocrx_word' id='word_1_135' title='bbox 599 1874 722 1961; x_wconf 91' lang='lat' dir='ltr'>cipere,</span> <span class='ocrx_word' id='word_1_136' title='bbox 748 1883 779 1940; x_wconf 93' lang='grc'>(1</span> <span class='ocrx_word' id='word_1_137' title='bbox 811 1879 894 1941; x_wconf 90' lang='grc'>111((</span> <span class='ocrx_word' id='word_1_138' title='bbox 925 1901 1083 1964; x_wconf 88' lang='lat' dir='ltr'>pauperes</span> <span class='ocrx_word' id='word_1_139' title='bbox 1114 1901 1330 1964; x_wconf 80' lang='lat' dir='ltr'>uergcnzosos</span> <span class='ocrx_word' id='word_1_140' title='bbox 1361 1880 1503 1944; x_wconf 88' lang='lat' dir='ltr'>infirmos</span> <span class='ocrx_word' id='word_1_141' title='bbox 1536 1889 1567 1944; x_wconf 90' lang='grc'>(1</span> <span class='ocrx_word' id='word_1_142' title='bbox 1595 1881 1717 1944; x_wconf 90' lang='lat' dir='ltr'>debiles</span> <span class='ocrx_word' id='word_1_143' title='bbox 1750 1889 1782 1944; x_wconf 91' lang='lat' dir='ltr'>et</span> <span class='ocrx_word' id='word_1_144' title='bbox 1813 1901 1905 1944; x_wconf 90' lang='lat' dir='ltr'>senes</span> <span class='ocrx_word' id='word_1_145' title='bbox 1938 1879 2041 1964; x_wconf 89' lang='lat' dir='ltr'>magis</span> <span class='ocrx_word' id='word_1_146' title='bbox 2073 1877 2253 1963; x_wconf 84' lang='lat' dir='ltr'>indigentes</span> <span class='ocrx_word' id='word_1_147' title='bbox 2277 1877 2415 1942; x_wconf 77' lang='lat' dir='ltr'>civitatis</span> 
     </span>
     <span class='ocr_line' id='line_1_13' title="bbox 596 1982 2415 2074; baseline 0.001 -28"><span class='ocrx_word' id='word_1_148' title='bbox 596 1982 743 2048; x_wconf 89' lang='lat' dir='ltr'>Bononie</span> <span class='ocrx_word' id='word_1_149' title='bbox 767 1992 800 2049; x_wconf 91' lang='grc'>(1</span> <span class='ocrx_word' id='word_1_150' title='bbox 822 1985 985 2050; x_wconf 91' lang='lat' dir='ltr'>districtus</span> <span class='ocrx_word' id='word_1_151' title='bbox 1009 1986 1201 2051; x_wconf 86' lang='lat' dir='ltr'>distribuere</span> <span class='ocrx_word' id='word_1_152' title='bbox 1225 1988 1361 2072; x_wconf 87' lang='lat' dir='ltr'>singulis</span> <span class='ocrx_word' id='word_1_153' title='bbox 1385 1989 1478 2051; x_wconf 88' lang='lat' dir='ltr'>annis</span> <span class='ocrx_word' id='word_1_154' title='bbox 1501 1995 1675 2074; x_wconf 90' lang='lat' dir='ltr'>perpetuo,</span> <span class='ocrx_word' id='word_1_155' title='bbox 1700 1987 1807 2052; x_wconf 90' lang='lat' dir='ltr'>dando</span> <span class='ocrx_word' id='word_1_156' title='bbox 1831 1989 1946 2072; x_wconf 74' lang='lat' dir='ltr'>viginti</span> <span class='ocrx_word' id='word_1_157' title='bbox 1970 1986 2077 2051; x_wconf 88' lang='lat' dir='ltr'>soldos</span> <span class='ocrx_word' id='word_1_158' title='bbox 2109 1986 2352 2050; x_wconf 89' lang='lat' dir='ltr'>bononenornm</span> <span class='ocrx_word' id='word_1_159' title='bbox 2375 1985 2415 2048; x_wconf 88' lang='lat' dir='ltr'>ad</span> 
     </span>
     <span class='ocr_line' id='line_1_14' title="bbox 596 2090 2414 2180; baseline 0.001 -27"><span class='ocrx_word' id='word_1_160' title='bbox 596 2090 669 2175; x_wconf 85' lang='lat' dir='ltr'>plus</span> <span class='ocrx_word' id='word_1_161' title='bbox 694 2113 751 2176; x_wconf 92' lang='lat' dir='ltr'>pro</span> <span class='ocrx_word' id='word_1_162' title='bbox 776 2093 920 2177; x_wconf 91' lang='lat' dir='ltr'>quolibet</span> <span class='ocrx_word' id='word_1_163' title='bbox 943 2115 1096 2179; x_wconf 90' lang='lat' dir='ltr'>paupere,</span> <span class='ocrx_word' id='word_1_164' title='bbox 1114 2101 1146 2156; x_wconf 92' lang='lat' dir='ltr'>et</span> <span class='ocrx_word' id='word_1_165' title='bbox 1170 2095 1255 2179; x_wconf 94' lang='lat' dir='ltr'>quod</span> <span class='ocrx_word' id='word_1_166' title='bbox 1279 2094 1355 2158; x_wconf 87' lang='lat' dir='ltr'>dicti</span> <span class='ocrx_word' id='word_1_167' title='bbox 1379 2094 1518 2159; x_wconf 87' lang='lat' dir='ltr'>Ministri</span> <span class='ocrx_word' id='word_1_168' title='bbox 1543 2096 1693 2160; x_wconf 85' lang='lat' dir='ltr'>Fratrum</span> <span class='ocrx_word' id='word_1_169' title='bbox 1718 2095 1758 2159; x_wconf 93' lang='lat' dir='ltr'>de</span> <span class='ocrx_word' id='word_1_170' title='bbox 1782 2095 1966 2159; x_wconf 87' lang='lat' dir='ltr'>Penitentia</span> <span class='ocrx_word' id='word_1_171' title='bbox 1989 2093 2113 2180; x_wconf 91' lang='lat' dir='ltr'>possint</span> <span class='ocrx_word' id='word_1_172' title='bbox 2137 2099 2169 2155; x_wconf 90' lang='grc'>(1</span> <span class='ocrx_word' id='word_1_173' title='bbox 2192 2093 2330 2156; x_wconf 88' lang='lat' dir='ltr'>debeant</span> <span class='ocrx_word' id='word_1_174' title='bbox 2351 2092 2414 2155; x_wconf 92' lang='lat' dir='ltr'>sin·</span> 
     </span>
     <span class='ocr_line' id='line_1_15' title="bbox 597 2197 2414 2286; baseline 0.001 -25"><span class='ocrx_word' id='word_1_175' title='bbox 597 2197 682 2282; x_wconf 91' lang='lat' dir='ltr'>gulis</span> <span class='ocrx_word' id='word_1_176' title='bbox 706 2199 798 2263; x_wconf 89' lang='lat' dir='ltr'>annis</span> <span class='ocrx_word' id='word_1_177' title='bbox 823 2199 942 2264; x_wconf 91' lang='lat' dir='ltr'>habere</span> <span class='ocrx_word' id='word_1_178' title='bbox 967 2208 999 2264; x_wconf 89' lang='lat' dir='ltr'>et</span> <span class='ocrx_word' id='word_1_179' title='bbox 1023 2202 1162 2265; x_wconf 89' lang='lat' dir='ltr'>retinere</span> <span class='ocrx_word' id='word_1_180' title='bbox 1187 2203 1301 2286; x_wconf 83' lang='lat' dir='ltr'>viginti</span> <span class='ocrx_word' id='word_1_181' title='bbox 1325 2203 1425 2266; x_wconf 91' lang='lat' dir='ltr'>libras</span> <span class='ocrx_word' id='word_1_182' title='bbox 1455 2203 1697 2266; x_wconf 88' lang='lat' dir='ltr'>bononenornm</span> <span class='ocrx_word' id='word_1_183' title='bbox 1721 2203 1760 2267; x_wconf 92' lang='lat' dir='ltr'>de</span> <span class='ocrx_word' id='word_1_184' title='bbox 1789 2203 1946 2266; x_wconf 89' lang='lat' dir='ltr'>fructibus</span> <span class='ocrx_word' id='word_1_185' title='bbox 1977 2202 2135 2266; x_wconf 92' lang='lat' dir='ltr'>dictarum</span> <span class='ocrx_word' id='word_1_186' title='bbox 2166 2201 2414 2286; x_wconf 90' lang='lat' dir='ltr'>possessionum.</span> 
     </span>
     <span class='ocr_line' id='line_1_16' title="bbox 596 2305 2414 2395; baseline 0.001 -27"><span class='ocrx_word' id='word_1_187' title='bbox 596 2305 646 2369; x_wconf 91' lang='lat' dir='ltr'>De</span> <span class='ocrx_word' id='word_1_188' title='bbox 664 2306 780 2390; x_wconf 93' lang='lat' dir='ltr'>quibus</span> <span class='ocrx_word' id='word_1_189' title='bbox 803 2309 918 2392; x_wconf 84' lang='lat' dir='ltr'>viginti</span> <span class='ocrx_word' id='word_1_190' title='bbox 943 2308 1041 2372; x_wconf 90' lang='lat' dir='ltr'>libras</span> <span class='ocrx_word' id='word_1_191' title='bbox 1066 2309 1189 2394; x_wconf 86' lang='lat' dir='ltr'>possint</span> <span class='ocrx_word' id='word_1_192' title='bbox 1213 2310 1274 2395; x_wconf 88' lang='lat' dir='ltr'>ipsi</span> <span class='ocrx_word' id='word_1_193' title='bbox 1298 2310 1436 2373; x_wconf 88' lang='lat' dir='ltr'>Ministri</span> <span class='ocrx_word' id='word_1_194' title='bbox 1460 2311 1611 2374; x_wconf 89' lang='lat' dir='ltr'>Fratrum</span> <span class='ocrx_word' id='word_1_195' title='bbox 1628 2311 1667 2374; x_wconf 90' lang='lat' dir='ltr'>de</span> <span class='ocrx_word' id='word_1_196' title='bbox 1684 2311 1868 2374; x_wconf 89' lang='lat' dir='ltr'>Penitentia</span> <span class='ocrx_word' id='word_1_197' title='bbox 1892 2311 2084 2374; x_wconf 88' lang='lat' dir='ltr'>distribuere</span> <span class='ocrx_word' id='word_1_198' title='bbox 2102 2318 2134 2373; x_wconf 91' lang='grc'>(1</span> <span class='ocrx_word' id='word_1_199' title='bbox 2150 2309 2227 2372; x_wconf 88' lang='lat' dir='ltr'>dare</span> <span class='ocrx_word' id='word_1_200' title='bbox 2244 2306 2414 2372; x_wconf 89' lang='lat' dir='ltr'>Sororibus</span> 
     </span>
     <span class='ocr_line' id='line_1_17' title="bbox 596 2413 2413 2499; baseline 0.001 -23"><span class='ocrx_word' id='word_1_201' title='bbox 596 2433 706 2476; x_wconf 91' lang='lat' dir='ltr'>eorum</span> <span class='ocrx_word' id='word_1_202' title='bbox 732 2413 862 2477; x_wconf 87' lang='lat' dir='ltr'>Ordinis</span> <span class='ocrx_word' id='word_1_203' title='bbox 887 2414 1030 2497; x_wconf 90' lang='lat' dir='ltr'>infirmis,</span> <span class='ocrx_word' id='word_1_204' title='bbox 1049 2415 1208 2480; x_wconf 90' lang='lat' dir='ltr'>debilibus</span> <span class='ocrx_word' id='word_1_205' title='bbox 1233 2424 1265 2480; x_wconf 90' lang='lat' dir='ltr'>et</span> <span class='ocrx_word' id='word_1_206' title='bbox 1288 2418 1418 2480; x_wconf 89' lang='lat' dir='ltr'>senibus</span> <span class='ocrx_word' id='word_1_207' title='bbox 1442 2417 1553 2481; x_wconf 90' lang='lat' dir='ltr'>decem</span> <span class='ocrx_word' id='word_1_208' title='bbox 1577 2417 1676 2480; x_wconf 87' lang='lat' dir='ltr'>libras</span> <span class='ocrx_word' id='word_1_209' title='bbox 1700 2418 1954 2499; x_wconf 80' lang='lat' dir='ltr'>bononenornm,</span> <span class='ocrx_word' id='word_1_210' title='bbox 1971 2424 2004 2480; x_wconf 92' lang='lat' dir='ltr'>et</span> <span class='ocrx_word' id='word_1_211' title='bbox 2028 2419 2109 2482; x_wconf 87' lang='lat' dir='ltr'>alias</span> <span class='ocrx_word' id='word_1_212' title='bbox 2133 2416 2242 2480; x_wconf 90' lang='lat' dir='ltr'>decem</span> <span class='ocrx_word' id='word_1_213' title='bbox 2260 2414 2358 2478; x_wconf 89' lang='lat' dir='ltr'>libras</span> <span class='ocrx_word' id='word_1_214' title='bbox 2375 2413 2413 2478; x_wconf 80' lang='lat'>(2)</span> 
     </span>
     <span class='ocr_line' id='line_1_18' title="bbox 595 2505 2413 2604; baseline -0.001 -19"><span class='ocrx_word' id='word_1_215' title='bbox 595 2528 826 2586; x_wconf 83' lang='lat' dir='ltr'>convertantur</span> <span class='ocrx_word' id='word_1_216' title='bbox 843 2522 884 2586; x_wconf 90' lang='lat' dir='ltr'>ad</span> <span class='ocrx_word' id='word_1_217' title='bbox 901 2545 995 2586; x_wconf 92' lang='lat' dir='ltr'>usum</span> <span class='ocrx_word' id='word_1_218' title='bbox 1010 2524 1209 2588; x_wconf 89' lang='lat' dir='ltr'>infirmorum</span> <span class='ocrx_word' id='word_1_219' title='bbox 1226 2546 1338 2588; x_wconf 88' lang='lat' dir='ltr'>senum</span> <span class='ocrx_word' id='word_1_220' title='bbox 1362 2532 1395 2588; x_wconf 91' lang='grc'>(1</span> <span class='ocrx_word' id='word_1_221' title='bbox 1418 2525 1573 2589; x_wconf 91' lang='lat' dir='ltr'>debilium</span> <span class='ocrx_word' id='word_1_222' title='bbox 1594 2526 1745 2589; x_wconf 89' lang='lat' dir='ltr'>Fratrum</span> <span class='ocrx_word' id='word_1_223' title='bbox 1762 2526 1924 2590; x_wconf 90' lang='lat' dir='ltr'>Mincrum</span> <span class='ocrx_word' id='word_1_224' title='bbox 1940 2533 1972 2589; x_wconf 91' lang='lat' dir='ltr'>et</span> <span class='ocrx_word' id='word_1_225' title='bbox 1988 2505 2138 2594; x_wconf 84' lang='lat' dir='ltr'>Fratrum</span> <span class='ocrx_word' id='word_1_226' title='bbox 2155 2523 2413 2604; x_wconf 90' lang='lat' dir='ltr'>Predicatorum,</span> 
     </span>
     <span class='ocr_line' id='line_1_19' title="bbox 596 2628 2414 2716; baseline -0.001 -24"><span class='ocrx_word' id='word_1_227' title='bbox 596 2628 718 2692; x_wconf 89' lang='lat' dir='ltr'>scilicet</span> <span class='ocrx_word' id='word_1_228' title='bbox 741 2637 871 2692; x_wconf 90' lang='lat' dir='ltr'>centurn</span> <span class='ocrx_word' id='word_1_229' title='bbox 895 2630 1002 2694; x_wconf 91' lang='lat' dir='ltr'>soldos</span> <span class='ocrx_word' id='word_1_230' title='bbox 1026 2652 1084 2716; x_wconf 92' lang='lat' dir='ltr'>pro</span> <span class='ocrx_word' id='word_1_231' title='bbox 1108 2631 1251 2716; x_wconf 90' lang='lat' dir='ltr'>quolibet</span> <span class='ocrx_word' id='word_1_232' title='bbox 1275 2640 1436 2696; x_wconf 76' lang='lat' dir='ltr'>conuentu</span> <span class='ocrx_word' id='word_1_233' title='bbox 1468 2633 1626 2698; x_wconf 89' lang='lat' dir='ltr'>dictorum</span> <span class='ocrx_word' id='word_1_234' title='bbox 1659 2633 1810 2696; x_wconf 87' lang='lat' dir='ltr'>Fratrum</span> <span class='ocrx_word' id='word_1_235' title='bbox 1843 2632 2004 2696; x_wconf 85' lang='lat' dir='ltr'>hlincrum</span> <span class='ocrx_word' id='word_1_236' title='bbox 2034 2639 2067 2696; x_wconf 90' lang='lat' dir='ltr'>et</span> <span class='ocrx_word' id='word_1_237' title='bbox 2093 2632 2348 2696; x_wconf 89' lang='lat' dir='ltr'>Predicatorum.</span> <span class='ocrx_word' id='word_1_238' title='bbox 2372 2628 2414 2691; x_wconf 87' lang='lat' dir='ltr'>Et</span> 
     </span>
     <span class='ocr_line' id='line_1_20' title="bbox 595 2737 2413 2826; baseline 0.001 -28"><span class='ocrx_word' id='word_1_239' title='bbox 595 2737 697 2801; x_wconf 81' lang='lat' dir='ltr'>voluit</span> <span class='ocrx_word' id='word_1_240' title='bbox 721 2744 753 2800; x_wconf 91' lang='lat' dir='ltr'>et</span> <span class='ocrx_word' id='word_1_241' title='bbox 775 2738 941 2802; x_wconf 84' lang='lat' dir='ltr'>mandarit</span> <span class='ocrx_word' id='word_1_242' title='bbox 965 2740 1050 2824; x_wconf 92' lang='lat' dir='ltr'>quod</span> <span class='ocrx_word' id='word_1_243' title='bbox 1075 2739 1114 2802; x_wconf 91' lang='lat' dir='ltr'>de</span> <span class='ocrx_word' id='word_1_244' title='bbox 1139 2740 1216 2826; x_wconf 78' lang='lat' dir='ltr'>ipsis</span> <span class='ocrx_word' id='word_1_245' title='bbox 1240 2740 1397 2803; x_wconf 90' lang='lat' dir='ltr'>fructibus</span> <span class='ocrx_word' id='word_1_246' title='bbox 1422 2741 1580 2804; x_wconf 90' lang='lat' dir='ltr'>dictarum</span> <span class='ocrx_word' id='word_1_247' title='bbox 1604 2742 1843 2826; x_wconf 88' lang='lat' dir='ltr'>possessionum</span> <span class='ocrx_word' id='word_1_248' title='bbox 1868 2741 1964 2804; x_wconf 89' lang='lat' dir='ltr'>alicui</span> <span class='ocrx_word' id='word_1_249' title='bbox 1988 2741 2058 2805; x_wconf 90' lang='lat' dir='ltr'>loco</span> <span class='ocrx_word' id='word_1_250' title='bbox 2084 2741 2233 2824; x_wconf 91' lang='lat' dir='ltr'>religioso</span> <span class='ocrx_word' id='word_1_251' title='bbox 2261 2737 2313 2802; x_wconf 87' lang='lat' dir='ltr'>vel</span> <span class='ocrx_word' id='word_1_252' title='bbox 2341 2758 2413 2822; x_wconf 93' lang='lat' dir='ltr'>per·</span> 
     </span>
     <span class='ocr_line' id='line_1_21' title="bbox 594 2843 2412 2934; baseline 0.002 -29"><span class='ocrx_word' id='word_1_253' title='bbox 594 2843 681 2907; x_wconf 91' lang='lat' dir='ltr'>sonis</span> <span class='ocrx_word' id='word_1_254' title='bbox 705 2844 865 2928; x_wconf 87' lang='lat' dir='ltr'>religiosis</span> <span class='ocrx_word' id='word_1_255' title='bbox 891 2846 1013 2930; x_wconf 88' lang='lat' dir='ltr'>aliquid</span> <span class='ocrx_word' id='word_1_256' title='bbox 1037 2847 1106 2910; x_wconf 91' lang='lat' dir='ltr'>dari</span> <span class='ocrx_word' id='word_1_257' title='bbox 1132 2869 1195 2911; x_wconf 89' lang='lat' dir='ltr'>non</span> <span class='ocrx_word' id='word_1_258' title='bbox 1219 2848 1320 2934; x_wconf 87' lang='lat' dir='ltr'>possit</span> <span class='ocrx_word' id='word_1_259' title='bbox 1348 2848 1463 2933; x_wconf 89' lang='lat' dir='ltr'>quibus</span> <span class='ocrx_word' id='word_1_260' title='bbox 1488 2849 1610 2934; x_wconf 91' lang='lat' dir='ltr'>aliquid</span> <span class='ocrx_word' id='word_1_261' title='bbox 1633 2849 1771 2934; x_wconf 92' lang='lat' dir='ltr'>reliquid</span> <span class='ocrx_word' id='word_1_262' title='bbox 1796 2850 1826 2911; x_wconf 93' lang='lat' dir='ltr'>in</span> <span class='ocrx_word' id='word_1_263' title='bbox 1852 2848 1993 2934; x_wconf 88' lang='lat' dir='ltr'>presenti</span> <span class='ocrx_word' id='word_1_264' title='bbox 2021 2853 2223 2928; x_wconf 87' lang='lat' dir='ltr'>testamento,</span> <span class='ocrx_word' id='word_1_265' title='bbox 2240 2847 2272 2909; x_wconf 91' lang='lat' dir='ltr'>in</span> <span class='ocrx_word' id='word_1_266' title='bbox 2294 2863 2412 2930; x_wconf 86' lang='lat' dir='ltr'>genere</span> 
     </span>
     <span class='ocr_line' id='line_1_22' title="bbox 594 2950 2412 3041; baseline 0 -27"><span class='ocrx_word' id='word_1_267' title='bbox 594 2951 647 3014; x_wconf 88' lang='grc'>((1</span> <span class='ocrx_word' id='word_1_268' title='bbox 670 2953 787 3036; x_wconf 89' lang='lat' dir='ltr'>specie,</span> <span class='ocrx_word' id='word_1_269' title='bbox 806 2973 864 3015; x_wconf 91' lang='lat' dir='ltr'>nec</span> <span class='ocrx_word' id='word_1_270' title='bbox 888 2953 927 3016; x_wconf 91' lang='grc'>(1(</span> <span class='ocrx_word' id='word_1_271' title='bbox 952 2953 1072 3018; x_wconf 89' lang='lat' dir='ltr'>Ordine</span> <span class='ocrx_word' id='word_1_272' title='bbox 1096 2955 1250 3040; x_wconf 92' lang='lat' dir='ltr'>ipsorum,</span> <span class='ocrx_word' id='word_1_273' title='bbox 1268 2956 1329 3018; x_wconf 85' lang='lat' dir='ltr'>nisi</span> <span class='ocrx_word' id='word_1_274' title='bbox 1354 2955 1530 3019; x_wconf 92' lang='lat' dir='ltr'>secundum</span> <span class='ocrx_word' id='word_1_275' title='bbox 1555 2955 1639 3040; x_wconf 92' lang='lat' dir='ltr'>quod</span> <span class='ocrx_word' id='word_1_276' title='bbox 1663 2977 1761 3041; x_wconf 89' lang='lat' dir='ltr'>supra</span> <span class='ocrx_word' id='word_1_277' title='bbox 1785 2955 1987 3019; x_wconf 90' lang='lat' dir='ltr'>dictumest.</span> <span class='ocrx_word' id='word_1_278' title='bbox 2013 2955 2096 3018; x_wconf 92' lang='lat' dir='ltr'>Item</span> <span class='ocrx_word' id='word_1_279' title='bbox 2116 2954 2218 3018; x_wconf 80' lang='lat' dir='ltr'>uoluit</span> <span class='ocrx_word' id='word_1_280' title='bbox 2232 2959 2264 3016; x_wconf 91' lang='grc'>(1</span> <span class='ocrx_word' id='word_1_281' title='bbox 2280 2950 2412 3014; x_wconf 90' lang='lat' dir='ltr'>manda·</span> 
     </span>
     <span class='ocr_line' id='line_1_23' title="bbox 594 3058 2412 3148; baseline -0.001 -28"><span class='ocrx_word' id='word_1_282' title='bbox 594 3058 640 3122; x_wconf 87' lang='lat' dir='ltr'>vit</span> <span class='ocrx_word' id='word_1_283' title='bbox 668 3059 753 3143; x_wconf 91' lang='lat' dir='ltr'>quod</span> <span class='ocrx_word' id='word_1_284' title='bbox 778 3068 916 3144; x_wconf 90' lang='lat' dir='ltr'>quatuor</span> <span class='ocrx_word' id='word_1_285' title='bbox 939 3061 1028 3123; x_wconf 90' lang='lat' dir='ltr'>milia</span> <span class='ocrx_word' id='word_1_286' title='bbox 1050 3061 1205 3124; x_wconf 90' lang='lat' dir='ltr'>librarum</span> <span class='ocrx_word' id='word_1_287' title='bbox 1228 3062 1471 3126; x_wconf 81' lang='lat' dir='ltr'>bononenornm</span> <span class='ocrx_word' id='word_1_288' title='bbox 1488 3063 1527 3126; x_wconf 92' lang='lat' dir='ltr'>de</span> <span class='ocrx_word' id='word_1_289' title='bbox 1546 3063 1690 3148; x_wconf 88' lang='lat' dir='ltr'>predicta</span> <span class='ocrx_word' id='word_1_290' title='bbox 1707 3084 1831 3125; x_wconf 90' lang='lat' dir='ltr'>summa</span> <span class='ocrx_word' id='word_1_291' title='bbox 1847 3084 1945 3148; x_wconf 87' lang='lat' dir='ltr'>supra</span> <span class='ocrx_word' id='word_1_292' title='bbox 1961 3063 2073 3126; x_wconf 88' lang='lat' dir='ltr'>relicta</span> <span class='ocrx_word' id='word_1_293' title='bbox 2090 3083 2147 3148; x_wconf 91' lang='lat' dir='ltr'>pro</span> <span class='ocrx_word' id='word_1_294' title='bbox 2165 3061 2272 3124; x_wconf 90' lang='lat' dir='ltr'>anima</span> <span class='ocrx_word' id='word_1_295' title='bbox 2293 3079 2412 3144; x_wconf 74' lang='lat' dir='ltr'>expen-</span> 
     </span>
     <span class='ocr_line' id='line_1_24' title="bbox 594 3165 2412 3255; baseline -0.001 -27"><span class='ocrx_word' id='word_1_296' title='bbox 594 3165 721 3248; x_wconf 90' lang='lat' dir='ltr'>dantur,</span> <span class='ocrx_word' id='word_1_297' title='bbox 740 3172 772 3229; x_wconf 92' lang='lat' dir='ltr'>et</span> <span class='ocrx_word' id='word_1_298' title='bbox 795 3188 836 3229; x_wconf 86' lang='lat' dir='ltr'>ex</span> <span class='ocrx_word' id='word_1_299' title='bbox 860 3168 906 3230; x_wconf 89' lang='lat' dir='ltr'>eis</span> <span class='ocrx_word' id='word_1_300' title='bbox 930 3175 1079 3232; x_wconf 89' lang='lat' dir='ltr'>emantur</span> <span class='ocrx_word' id='word_1_301' title='bbox 1103 3170 1322 3254; x_wconf 87' lang='lat' dir='ltr'>possessiones</span> <span class='ocrx_word' id='word_1_302' title='bbox 1338 3170 1504 3234; x_wconf 80' lang='lat' dir='ltr'>fructifere</span> <span class='ocrx_word' id='word_1_303' title='bbox 1521 3191 1579 3255; x_wconf 91' lang='lat' dir='ltr'>per</span> <span class='ocrx_word' id='word_1_304' title='bbox 1596 3170 1832 3234; x_wconf 88' lang='lat' dir='ltr'>commissarios</span> <span class='ocrx_word' id='word_1_305' title='bbox 1849 3191 1923 3234; x_wconf 87' lang='lat' dir='ltr'>suos</span> <span class='ocrx_word' id='word_1_306' title='bbox 1940 3169 2161 3254; x_wconf 83' lang='lat' dir='ltr'>infrascriptos</span> <span class='ocrx_word' id='word_1_307' title='bbox 2178 3190 2235 3254; x_wconf 91' lang='lat' dir='ltr'>pro</span> <span class='ocrx_word' id='word_1_308' title='bbox 2253 3173 2412 3230; x_wconf 78' lang='lat' dir='ltr'>coaventu</span> 
     </span>
     <span class='ocr_line' id='line_1_25' title="bbox 593 3272 2411 3362; baseline 0 -26"><span class='ocrx_word' id='word_1_309' title='bbox 593 3272 805 3344; x_wconf 83' lang='lat' dir='ltr'>Dominarum</span> <span class='ocrx_word' id='word_1_310' title='bbox 830 3275 933 3338; x_wconf 88' lang='lat' dir='ltr'>sancti</span> <span class='ocrx_word' id='word_1_311' title='bbox 956 3275 1122 3340; x_wconf 89' lang='lat' dir='ltr'>Francisci</span> <span class='ocrx_word' id='word_1_312' title='bbox 1150 3282 1249 3340; x_wconf 89' lang='lat' dir='ltr'>strate</span> <span class='ocrx_word' id='word_1_313' title='bbox 1274 3277 1376 3340; x_wconf 88' lang='lat' dir='ltr'>sancti</span> <span class='ocrx_word' id='word_1_314' title='bbox 1402 3277 1568 3362; x_wconf 84' lang='lat' dir='ltr'>Stephani,</span> <span class='ocrx_word' id='word_1_315' title='bbox 1586 3277 1613 3340; x_wconf 92' lang='lat' dir='ltr'>si</span> <span class='ocrx_word' id='word_1_316' title='bbox 1637 3277 1729 3340; x_wconf 91' lang='lat' dir='ltr'>dietis</span> <span class='ocrx_word' id='word_1_317' title='bbox 1754 3277 1955 3340; x_wconf 89' lang='lat' dir='ltr'>Dcrninabus</span> <span class='ocrx_word' id='word_1_318' title='bbox 1979 3285 2011 3340; x_wconf 93' lang='lat' dir='ltr'>et</span> <span class='ocrx_word' id='word_1_319' title='bbox 2027 3277 2199 3340; x_wconf 74' lang='lat' dir='ltr'>conventui</span> <span class='ocrx_word' id='word_1_320' title='bbox 2216 3295 2327 3338; x_wconf 90' lang='lat' dir='ltr'>earnm</span> <span class='ocrx_word' id='word_1_321' title='bbox 2344 3272 2411 3359; x_wconf 92' lang='lat' dir='ltr'>pla·</span> 
     </span>
     <span class='ocr_line' id='line_1_26' title="bbox 594 3380 2412 3469; baseline 0 -26"><span class='ocrx_word' id='word_1_322' title='bbox 594 3380 713 3464; x_wconf 68' lang='lat' dir='ltr'>cuerit,</span> <span class='ocrx_word' id='word_1_323' title='bbox 738 3380 777 3444; x_wconf 92' lang='grc'>(1(</span> <span class='ocrx_word' id='word_1_324' title='bbox 800 3381 958 3446; x_wconf 91' lang='lat' dir='ltr'>fructibus</span> <span class='ocrx_word' id='word_1_325' title='bbox 983 3404 1120 3467; x_wconf 91' lang='lat' dir='ltr'>quarum</span> <span class='ocrx_word' id='word_1_326' title='bbox 1143 3385 1381 3469; x_wconf 85' lang='lat' dir='ltr'>possessionum</span> <span class='ocrx_word' id='word_1_327' title='bbox 1405 3393 1576 3448; x_wconf 88' lang='lat' dir='ltr'>teneantur</span> <span class='ocrx_word' id='word_1_328' title='bbox 1600 3385 1683 3448; x_wconf 89' lang='lat' dir='ltr'>dicte</span> <span class='ocrx_word' id='word_1_329' title='bbox 1708 3385 1846 3448; x_wconf 91' lang='lat' dir='ltr'>Domine</span> <span class='ocrx_word' id='word_1_330' title='bbox 1870 3385 1909 3448; x_wconf 92' lang='lat' dir='ltr'>de</span> <span class='ocrx_word' id='word_1_331' title='bbox 1934 3391 2045 3448; x_wconf 89' lang='lat' dir='ltr'>sancto</span> <span class='ocrx_word' id='word_1_332' title='bbox 2068 3383 2242 3447; x_wconf 88' lang='lat' dir='ltr'>Francisco</span> <span class='ocrx_word' id='word_1_333' title='bbox 2274 3389 2306 3444; x_wconf 94' lang='lat' dir='ltr'>et</span> <span class='ocrx_word' id='word_1_334' title='bbox 2337 3402 2412 3444; x_wconf 90' lang='lat' dir='ltr'>oon·</span> 
     </span>
     <span class='ocr_line' id='line_1_27' title="bbox 592 3487 2411 3577; baseline 0.001 -28"><span class='ocrx_word' id='word_1_335' title='bbox 592 3494 708 3550; x_wconf 80' lang='lat' dir='ltr'>ventus</span> <span class='ocrx_word' id='word_1_336' title='bbox 733 3487 876 3573; x_wconf 88' lang='lat' dir='ltr'>ipsarum</span> <span class='ocrx_word' id='word_1_337' title='bbox 898 3495 1010 3553; x_wconf 86' lang='lat' dir='ltr'>tenere</span> <span class='ocrx_word' id='word_1_338' title='bbox 1034 3498 1066 3553; x_wconf 91' lang='lat' dir='ltr'>et</span> <span class='ocrx_word' id='word_1_339' title='bbox 1089 3491 1209 3554; x_wconf 90' lang='lat' dir='ltr'>habere</span> <span class='ocrx_word' id='word_1_340' title='bbox 1234 3498 1390 3577; x_wconf 90' lang='lat' dir='ltr'>perpetuo</span> <span class='ocrx_word' id='word_1_341' title='bbox 1407 3492 1447 3554; x_wconf 90' lang='lat' dir='ltr'>ad</span> <span class='ocrx_word' id='word_1_342' title='bbox 1465 3492 1618 3556; x_wconf 92' lang='lat' dir='ltr'>honorem</span> <span class='ocrx_word' id='word_1_343' title='bbox 1636 3493 1697 3556; x_wconf 93' lang='lat' dir='ltr'>Dei</span> <span class='ocrx_word' id='word_1_344' title='bbox 1715 3492 1963 3576; x_wconf 87' lang='lat' dir='ltr'>Omnipotentis,</span> <span class='ocrx_word' id='word_1_345' title='bbox 1981 3491 2120 3576; x_wconf 86' lang='lat' dir='ltr'>gloriose</span> <span class='ocrx_word' id='word_1_346' title='bbox 2136 3490 2282 3574; x_wconf 82' lang='lat' dir='ltr'>l&#39;irginis</span> <span class='ocrx_word' id='word_1_347' title='bbox 2298 3488 2411 3551; x_wconf 80' lang='lat' dir='ltr'>Matris</span> 
     </span>
     <span class='ocr_line' id='line_1_28' title="bbox 593 3595 2413 3684; baseline 0 -27"><span class='ocrx_word' id='word_1_348' title='bbox 593 3595 681 3677; x_wconf 88' lang='lat' dir='ltr'>ejus,</span> <span class='ocrx_word' id='word_1_349' title='bbox 706 3595 794 3659; x_wconf 88' lang='lat' dir='ltr'>beati</span> <span class='ocrx_word' id='word_1_350' title='bbox 817 3595 983 3660; x_wconf 91' lang='lat' dir='ltr'>Francisci</span> <span class='ocrx_word' id='word_1_351' title='bbox 1007 3605 1040 3661; x_wconf 88' lang='lat' dir='ltr'>et</span> <span class='ocrx_word' id='word_1_352' title='bbox 1062 3605 1172 3662; x_wconf 89' lang='lat' dir='ltr'>sancte</span> <span class='ocrx_word' id='word_1_353' title='bbox 1197 3598 1309 3680; x_wconf 88' lang='lat' dir='ltr'>Olare,</span> <span class='ocrx_word' id='word_1_354' title='bbox 1335 3599 1430 3662; x_wconf 90' lang='lat' dir='ltr'>etad</span> <span class='ocrx_word' id='word_1_355' title='bbox 1455 3601 1670 3663; x_wconf 86' lang='lat' dir='ltr'>reverentiam</span> <span class='ocrx_word' id='word_1_356' title='bbox 1700 3599 1831 3663; x_wconf 92' lang='lat' dir='ltr'>Ordinis</span> <span class='ocrx_word' id='word_1_357' title='bbox 1860 3598 1995 3684; x_wconf 91' lang='lat' dir='ltr'>predicti</span> <span class='ocrx_word' id='word_1_358' title='bbox 2027 3599 2058 3662; x_wconf 96' lang='lat' dir='ltr'>in</span> <span class='ocrx_word' id='word_1_359' title='bbox 2089 3597 2236 3661; x_wconf 88' lang='lat' dir='ltr'>domibus</span> <span class='ocrx_word' id='word_1_360' title='bbox 2269 3597 2413 3681; x_wconf 88' lang='lat' dir='ltr'>ipsarum</span> 
     </span>
     <span class='ocr_line' id='line_1_29' title="bbox 589 3702 2411 3792; baseline 0.002 -29"><span class='ocrx_word' id='word_1_361' title='bbox 589 3702 687 3785; x_wconf 87' lang='lat' dir='ltr'>juxta</span> <span class='ocrx_word' id='word_1_362' title='bbox 709 3702 761 3766; x_wconf 87' lang='grc'>((1</span> <span class='ocrx_word' id='word_1_363' title='bbox 785 3725 885 3789; x_wconf 90' lang='lat' dir='ltr'>prope</span> <span class='ocrx_word' id='word_1_364' title='bbox 909 3704 1014 3790; x_wconf 90' lang='lat' dir='ltr'>ipsum</span> <span class='ocrx_word' id='word_1_365' title='bbox 1039 3707 1278 3787; x_wconf 78' lang='lat' dir='ltr'>monasterium,</span> <span class='ocrx_word' id='word_1_366' title='bbox 1303 3707 1458 3770; x_wconf 90' lang='lat' dir='ltr'>tredecim</span> <span class='ocrx_word' id='word_1_367' title='bbox 1480 3707 1613 3771; x_wconf 85' lang='lat' dir='ltr'>Fratres</span> <span class='ocrx_word' id='word_1_368' title='bbox 1645 3707 1786 3770; x_wconf 89' lang='lat' dir='ltr'>llliuorcs</span> <span class='ocrx_word' id='word_1_369' title='bbox 1819 3726 1877 3792; x_wconf 92' lang='lat' dir='ltr'>pro</span> <span class='ocrx_word' id='word_1_370' title='bbox 1908 3706 2016 3770; x_wconf 86' lang='lat' dir='ltr'>divino</span> <span class='ocrx_word' id='word_1_371' title='bbox 2048 3705 2166 3769; x_wconf 89' lang='lat' dir='ltr'>ibidem</span> <span class='ocrx_word' id='word_1_372' title='bbox 2197 3704 2300 3768; x_wconf 85' lang='lat' dir='ltr'>officio</span> <span class='ocrx_word' id='word_1_373' title='bbox 2329 3703 2411 3766; x_wconf 90' lang='lat' dir='ltr'>eele-</span> 
     </span>
     <span class='ocr_line' id='line_1_30' title="bbox 590 3808 2412 3899; baseline 0.001 -29"><span class='ocrx_word' id='word_1_374' title='bbox 590 3808 731 3892; x_wconf 82' lang='lat' dir='ltr'>brand03</span> <span class='ocrx_word' id='word_1_375' title='bbox 757 3811 872 3895; x_wconf 88' lang='lat' dir='ltr'>quibus</span> <span class='ocrx_word' id='word_1_376' title='bbox 898 3812 1046 3875; x_wconf 93' lang='lat' dir='ltr'>omnibus</span> <span class='ocrx_word' id='word_1_377' title='bbox 1070 3811 1239 3876; x_wconf 87' lang='lat' dir='ltr'>Fratribus</span> <span class='ocrx_word' id='word_1_378' title='bbox 1263 3814 1331 3898; x_wconf 88' lang='lat' dir='ltr'>ipse</span> <span class='ocrx_word' id='word_1_379' title='bbox 1355 3814 1493 3877; x_wconf 92' lang='lat' dir='ltr'>Domine</span> <span class='ocrx_word' id='word_1_380' title='bbox 1524 3821 1556 3878; x_wconf 91' lang='lat' dir='ltr'>et</span> <span class='ocrx_word' id='word_1_381' title='bbox 1587 3821 1763 3877; x_wconf 80' lang='lat' dir='ltr'>conventus</span> <span class='ocrx_word' id='word_1_382' title='bbox 1797 3815 1939 3899; x_wconf 89' lang='lat' dir='ltr'>ipsarum</span> <span class='ocrx_word' id='word_1_383' title='bbox 1972 3833 2132 3898; x_wconf 85' lang='lat' dir='ltr'>expensas</span> <span class='ocrx_word' id='word_1_384' title='bbox 2162 3833 2272 3876; x_wconf 91' lang='lat' dir='ltr'>omnes</span> <span class='ocrx_word' id='word_1_385' title='bbox 2305 3811 2412 3872; x_wconf 88' lang='lat' dir='ltr'>facere</span> 
     </span>
     <span class='ocr_line' id='line_1_31' title="bbox 591 3918 2411 4004; baseline 0.001 -26"><span class='ocrx_word' id='word_1_386' title='bbox 591 3921 764 3981; x_wconf 89' lang='lat' dir='ltr'>teneantur</span> <span class='ocrx_word' id='word_1_387' title='bbox 788 3925 819 3982; x_wconf 92' lang='lat' dir='ltr'>et</span> <span class='ocrx_word' id='word_1_388' title='bbox 842 3918 982 3982; x_wconf 88' lang='lat' dir='ltr'>debeant</span> <span class='ocrx_word' id='word_1_389' title='bbox 1007 3918 1182 3982; x_wconf 90' lang='lat' dir='ltr'>seeundum</span> <span class='ocrx_word' id='word_1_390' title='bbox 1206 3920 1304 3982; x_wconf 91' lang='lat' dir='ltr'>ritum</span> <span class='ocrx_word' id='word_1_391' title='bbox 1327 3919 1457 3984; x_wconf 90' lang='lat' dir='ltr'>Ordinis</span> <span class='ocrx_word' id='word_1_392' title='bbox 1481 3942 1603 3984; x_wconf 74' lang='lat' dir='ltr'>eorum,</span> <span class='ocrx_word' id='word_1_393' title='bbox 1628 3921 1712 3985; x_wconf 89' lang='lat' dir='ltr'>Item</span> <span class='ocrx_word' id='word_1_394' title='bbox 1736 3921 1775 3984; x_wconf 91' lang='lat' dir='ltr'>de</span> <span class='ocrx_word' id='word_1_395' title='bbox 1800 3920 1957 3984; x_wconf 88' lang='lat' dir='ltr'>fructibus</span> <span class='ocrx_word' id='word_1_396' title='bbox 1980 3920 2139 3984; x_wconf 88' lang='lat' dir='ltr'>dictarum</span> <span class='ocrx_word' id='word_1_397' title='bbox 2162 3919 2411 4004; x_wconf 89' lang='lat' dir='ltr'>possessionum,</span> 
     </span>
     <span class='ocr_line' id='line_1_32' title="bbox 593 4025 2411 4114; baseline -0.001 -27"><span class='ocrx_word' id='word_1_398' title='bbox 593 4045 654 4108; x_wconf 91' lang='lat' dir='ltr'>que</span> <span class='ocrx_word' id='word_1_399' title='bbox 679 4032 826 4088; x_wconf 91' lang='lat' dir='ltr'>ementur</span> <span class='ocrx_word' id='word_1_400' title='bbox 849 4026 889 4089; x_wconf 93' lang='lat' dir='ltr'>de</span> <span class='ocrx_word' id='word_1_401' title='bbox 913 4025 1059 4111; x_wconf 89' lang='lat' dir='ltr'>predicta</span> <span class='ocrx_word' id='word_1_402' title='bbox 1082 4027 1219 4112; x_wconf 88' lang='lat' dir='ltr'>pecunia</span> <span class='ocrx_word' id='word_1_403' title='bbox 1243 4027 1379 4112; x_wconf 89' lang='lat' dir='ltr'>singulis</span> <span class='ocrx_word' id='word_1_404' title='bbox 1404 4029 1496 4090; x_wconf 90' lang='lat' dir='ltr'>anuis</span> <span class='ocrx_word' id='word_1_405' title='bbox 1521 4034 1675 4114; x_wconf 90' lang='lat' dir='ltr'>perpetuo</span> <span class='ocrx_word' id='word_1_406' title='bbox 1701 4028 1768 4114; x_wconf 89' lang='lat' dir='ltr'>ipse</span> <span class='ocrx_word' id='word_1_407' title='bbox 1793 4027 1931 4091; x_wconf 91' lang='lat' dir='ltr'>Domine</span> <span class='ocrx_word' id='word_1_408' title='bbox 1956 4033 1988 4090; x_wconf 93' lang='grc'>(1</span> <span class='ocrx_word' id='word_1_409' title='bbox 2013 4026 2147 4091; x_wconf 86' lang='lat' dir='ltr'>Sorores</span> <span class='ocrx_word' id='word_1_410' title='bbox 2178 4027 2281 4090; x_wconf 89' lang='lat' dir='ltr'>sancti</span> <span class='ocrx_word' id='word_1_411' title='bbox 2309 4025 2411 4088; x_wconf 90' lang='lat' dir='ltr'>Fran·</span> 
     </span>
     <span class='ocr_line' id='line_1_33' title="bbox 592 4130 2411 4221; baseline 0.001 -28"><span class='ocrx_word' id='word_1_412' title='bbox 592 4131 668 4194; x_wconf 91' lang='lat' dir='ltr'>cisci</span> <span class='ocrx_word' id='word_1_413' title='bbox 692 4130 731 4194; x_wconf 93' lang='lat' dir='ltr'>de</span> <span class='ocrx_word' id='word_1_414' title='bbox 755 4139 857 4196; x_wconf 87' lang='lat' dir='ltr'>strata</span> <span class='ocrx_word' id='word_1_415' title='bbox 881 4134 984 4196; x_wconf 90' lang='lat' dir='ltr'>sancti</span> <span class='ocrx_word' id='word_1_416' title='bbox 1009 4133 1166 4220; x_wconf 85' lang='lat' dir='ltr'>Stephani</span> <span class='ocrx_word' id='word_1_417' title='bbox 1190 4141 1361 4198; x_wconf 89' lang='lat' dir='ltr'>teneantur</span> <span class='ocrx_word' id='word_1_418' title='bbox 1386 4144 1417 4198; x_wconf 91' lang='lat' dir='ltr'>et</span> <span class='ocrx_word' id='word_1_419' title='bbox 1440 4134 1579 4198; x_wconf 89' lang='lat' dir='ltr'>debeant</span> <span class='ocrx_word' id='word_1_420' title='bbox 1603 4135 1680 4198; x_wconf 89' lang='lat' dir='ltr'>dare</span> <span class='ocrx_word' id='word_1_421' title='bbox 1705 4135 1941 4221; x_wconf 89' lang='lat' dir='ltr'>quinquaginta</span> <span class='ocrx_word' id='word_1_422' title='bbox 1963 4134 2064 4198; x_wconf 91' lang='lat' dir='ltr'>libras</span> <span class='ocrx_word' id='word_1_423' title='bbox 2088 4135 2330 4197; x_wconf 80' lang='lat' dir='ltr'>bononenornm</span> <span class='ocrx_word' id='word_1_424' title='bbox 2353 4153 2411 4216; x_wconf 95' lang='lat' dir='ltr'>pro</span> 
     </span>
     <span class='ocr_line' id='line_1_34' title="bbox 592 4239 2412 4328; baseline 0 -26"><span class='ocrx_word' id='word_1_425' title='bbox 592 4240 743 4325; x_wconf 86' lang='lat' dir='ltr'>expensis</span> <span class='ocrx_word' id='word_1_426' title='bbox 767 4241 861 4302; x_wconf 87' lang='lat' dir='ltr'>unius</span> <span class='ocrx_word' id='word_1_427' title='bbox 884 4240 1009 4304; x_wconf 89' lang='lat' dir='ltr'>Fratris</span> <span class='ocrx_word' id='word_1_428' title='bbox 1033 4241 1072 4304; x_wconf 93' lang='grc'>(1(</span> <span class='ocrx_word' id='word_1_429' title='bbox 1097 4240 1218 4305; x_wconf 93' lang='lat' dir='ltr'>Ordine</span> <span class='ocrx_word' id='word_1_430' title='bbox 1242 4241 1404 4304; x_wconf 85' lang='lat' dir='ltr'>Mincrum</span> <span class='ocrx_word' id='word_1_431' title='bbox 1428 4242 1467 4305; x_wconf 89' lang='lat' dir='ltr'>de</span> <span class='ocrx_word' id='word_1_432' title='bbox 1491 4242 1657 4328; x_wconf 83' lang='lat' dir='ltr'>provincia</span> <span class='ocrx_word' id='word_1_433' title='bbox 1680 4242 1836 4323; x_wconf 91' lang='lat' dir='ltr'>Bononie,</span> <span class='ocrx_word' id='word_1_434' title='bbox 1855 4242 1909 4328; x_wconf 94' lang='lat' dir='ltr'>qui</span> <span class='ocrx_word' id='word_1_435' title='bbox 1930 4249 2015 4305; x_wconf 88' lang='lat' dir='ltr'>stare</span> <span class='ocrx_word' id='word_1_436' title='bbox 2037 4241 2152 4304; x_wconf 88' lang='lat' dir='ltr'>debeat</span> <span class='ocrx_word' id='word_1_437' title='bbox 2170 4241 2201 4304; x_wconf 92' lang='lat' dir='ltr'>in</span> <span class='ocrx_word' id='word_1_438' title='bbox 2220 4240 2333 4304; x_wconf 90' lang='lat' dir='ltr'>Studio</span> <span class='ocrx_word' id='word_1_439' title='bbox 2350 4239 2412 4302; x_wconf 90' lang='lat' dir='ltr'>Pa·</span> 
     </span>
     <span class='ocr_line' id='line_1_35' title="bbox 591 4346 2411 4434; baseline 0 -26"><span class='ocrx_word' id='word_1_440' title='bbox 591 4346 717 4408; x_wconf 85' lang='lat' dir='ltr'>risiensi</span> <span class='ocrx_word' id='word_1_441' title='bbox 748 4347 780 4408; x_wconf 90' lang='lat' dir='ltr'>in</span> <span class='ocrx_word' id='word_1_442' title='bbox 804 4346 1002 4432; x_wconf 82' lang='lat' dir='ltr'>Theologia,</span> <span class='ocrx_word' id='word_1_443' title='bbox 1028 4349 1113 4411; x_wconf 90' lang='lat' dir='ltr'>ultra</span> <span class='ocrx_word' id='word_1_444' title='bbox 1143 4370 1311 4412; x_wconf 90' lang='lat' dir='ltr'>numerum</span> <span class='ocrx_word' id='word_1_445' title='bbox 1343 4349 1496 4412; x_wconf 84' lang='lat' dir='ltr'>Fratrum</span> <span class='ocrx_word' id='word_1_446' title='bbox 1527 4349 1728 4413; x_wconf 90' lang='lat' dir='ltr'>studencium</span> <span class='ocrx_word' id='word_1_447' title='bbox 1760 4351 1815 4434; x_wconf 92' lang='lat' dir='ltr'>qui</span> <span class='ocrx_word' id='word_1_448' title='bbox 1847 4349 1966 4413; x_wconf 91' lang='lat' dir='ltr'>ibidem</span> <span class='ocrx_word' id='word_1_449' title='bbox 1999 4349 2127 4412; x_wconf 89' lang='lat' dir='ltr'>studere</span> <span class='ocrx_word' id='word_1_450' title='bbox 2158 4347 2243 4410; x_wconf 89' lang='lat' dir='ltr'>soliti</span> <span class='ocrx_word' id='word_1_451' title='bbox 2275 4353 2348 4409; x_wconf 90' lang='lat' dir='ltr'>suat</span> <span class='ocrx_word' id='word_1_452' title='bbox 2379 4352 2411 4408; x_wconf 92' lang='lat' dir='ltr'>et</span> 
     </span>
     <span class='ocr_line' id='line_1_36' title="bbox 591 4453 2410 4542; baseline 0.001 -27"><span class='ocrx_word' id='word_1_453' title='bbox 591 4453 723 4516; x_wconf 89' lang='lat' dir='ltr'>stabunt</span> <span class='ocrx_word' id='word_1_454' title='bbox 755 4476 812 4537; x_wconf 89' lang='lat' dir='ltr'>pro</span> <span class='ocrx_word' id='word_1_455' title='bbox 844 4454 930 4518; x_wconf 88' lang='lat' dir='ltr'>dicta</span> <span class='ocrx_word' id='word_1_456' title='bbox 961 4455 1128 4540; x_wconf 86' lang='lat' dir='ltr'>provincia</span> <span class='ocrx_word' id='word_1_457' title='bbox 1156 4456 1208 4519; x_wconf 87' lang='grc'>((1</span> <span class='ocrx_word' id='word_1_458' title='bbox 1232 4463 1346 4537; x_wconf 88' lang='lat' dir='ltr'>erunt,</span> <span class='ocrx_word' id='word_1_459' title='bbox 1371 4463 1403 4519; x_wconf 89' lang='lat' dir='ltr'>et</span> <span class='ocrx_word' id='word_1_460' title='bbox 1427 4463 1517 4519; x_wconf 85' lang='lat' dir='ltr'>tanto</span> <span class='ocrx_word' id='word_1_461' title='bbox 1542 4464 1685 4542; x_wconf 91' lang='lat' dir='ltr'>tempore</span> <span class='ocrx_word' id='word_1_462' title='bbox 1717 4465 1837 4541; x_wconf 90' lang='lat' dir='ltr'>quanto</span> <span class='ocrx_word' id='word_1_463' title='bbox 1869 4455 2034 4520; x_wconf 86' lang='lat' dir='ltr'>studentes</span> <span class='ocrx_word' id='word_1_464' title='bbox 2066 4455 2110 4518; x_wconf 95' lang='lat' dir='ltr'>ibi</span> <span class='ocrx_word' id='word_1_465' title='bbox 2140 4477 2198 4540; x_wconf 90' lang='lat' dir='ltr'>per</span> <span class='ocrx_word' id='word_1_466' title='bbox 2229 4453 2410 4540; x_wconf 80' lang='lat' dir='ltr'>provincias</span> 
     </span>
     <span class='ocr_line' id='line_1_37' title="bbox 591 4561 2410 4648; baseline 0.001 -26"><span class='ocrx_word' id='word_1_467' title='bbox 591 4566 677 4623; x_wconf 89' lang='lat' dir='ltr'>stare</span> <span class='ocrx_word' id='word_1_468' title='bbox 701 4561 787 4624; x_wconf 88' lang='lat' dir='ltr'>soliti</span> <span class='ocrx_word' id='word_1_469' title='bbox 811 4569 896 4644; x_wconf 88' lang='lat' dir='ltr'>sunt,</span> <span class='ocrx_word' id='word_1_470' title='bbox 921 4568 953 4625; x_wconf 93' lang='lat' dir='ltr'>et</span> <span class='ocrx_word' id='word_1_471' title='bbox 977 4563 1127 4644; x_wconf 77' lang='lat' dir='ltr'>stabunt,</span> <span class='ocrx_word' id='word_1_472' title='bbox 1152 4571 1185 4626; x_wconf 90' lang='grc'>(1</span> <span class='ocrx_word' id='word_1_473' title='bbox 1208 4563 1263 4625; x_wconf 95' lang='lat' dir='ltr'>illo</span> <span class='ocrx_word' id='word_1_474' title='bbox 1288 4563 1404 4626; x_wconf 87' lang='lat' dir='ltr'>Fratre</span> <span class='ocrx_word' id='word_1_475' title='bbox 1428 4570 1591 4646; x_wconf 85' lang='lat' dir='ltr'>revocato,</span> <span class='ocrx_word' id='word_1_476' title='bbox 1615 4565 1698 4627; x_wconf 92' lang='lat' dir='ltr'>alius</span> <span class='ocrx_word' id='word_1_477' title='bbox 1722 4564 1872 4628; x_wconf 90' lang='lat' dir='ltr'>continuo</span> <span class='ocrx_word' id='word_1_478' title='bbox 1898 4563 2049 4626; x_wconf 90' lang='lat' dir='ltr'>succedat</span> <span class='ocrx_word' id='word_1_479' title='bbox 2072 4563 2103 4626; x_wconf 93' lang='lat' dir='ltr'>in</span> <span class='ocrx_word' id='word_1_480' title='bbox 2129 4563 2197 4648; x_wconf 89' lang='lat' dir='ltr'>ipso</span> <span class='ocrx_word' id='word_1_481' title='bbox 2223 4561 2353 4642; x_wconf 91' lang='lat' dir='ltr'>Studio,</span> <span class='ocrx_word' id='word_1_482' title='bbox 2378 4567 2410 4624; x_wconf 89' lang='lat' dir='ltr'>et</span> 
     </span>
     <span class='ocr_line' id='line_1_38' title="bbox 590 4668 2410 4755; baseline 0.001 -26"><span class='ocrx_word' id='word_1_483' title='bbox 590 4668 635 4729; x_wconf 93' lang='lat' dir='ltr'>sic</span> <span class='ocrx_word' id='word_1_484' title='bbox 659 4675 815 4753; x_wconf 89' lang='lat' dir='ltr'>perpetuo</span> <span class='ocrx_word' id='word_1_485' title='bbox 839 4669 908 4730; x_wconf 89' lang='lat' dir='ltr'>fieri</span> <span class='ocrx_word' id='word_1_486' title='bbox 932 4669 1049 4732; x_wconf 91' lang='lat' dir='ltr'>debeat</span> <span class='ocrx_word' id='word_1_487' title='bbox 1073 4668 1171 4733; x_wconf 91' lang='lat' dir='ltr'>nichil</span> <span class='ocrx_word' id='word_1_488' title='bbox 1195 4670 1354 4752; x_wconf 81' lang='lat' dir='ltr'>obmiss03</span> <span class='ocrx_word' id='word_1_489' title='bbox 1374 4671 1435 4752; x_wconf 90' lang='lat' dir='ltr'>cui,</span> <span class='ocrx_word' id='word_1_490' title='bbox 1454 4670 1504 4734; x_wconf 87' lang='lat' dir='ltr'>vel</span> <span class='ocrx_word' id='word_1_491' title='bbox 1529 4671 1645 4755; x_wconf 89' lang='lat' dir='ltr'>quibus</span> <span class='ocrx_word' id='word_1_492' title='bbox 1669 4671 1752 4734; x_wconf 91' lang='lat' dir='ltr'>dicte</span> <span class='ocrx_word' id='word_1_493' title='bbox 1776 4671 1913 4734; x_wconf 91' lang='lat' dir='ltr'>Domine</span> <span class='ocrx_word' id='word_1_494' title='bbox 1938 4670 1977 4733; x_wconf 94' lang='lat' dir='ltr'>de</span> <span class='ocrx_word' id='word_1_495' title='bbox 2001 4677 2111 4733; x_wconf 89' lang='lat' dir='ltr'>saneto</span> <span class='ocrx_word' id='word_1_496' title='bbox 2135 4669 2309 4732; x_wconf 87' lang='lat' dir='ltr'>Francisco</span> <span class='ocrx_word' id='word_1_497' title='bbox 2333 4669 2410 4731; x_wconf 90' lang='lat' dir='ltr'>dare</span> 
     </span>
     <span class='ocr_line' id='line_1_39' title="bbox 591 4775 2410 4864; baseline 0 -26"><span class='ocrx_word' id='word_1_498' title='bbox 591 4781 762 4839; x_wconf 89' lang='lat' dir='ltr'>teneantur</span> <span class='ocrx_word' id='word_1_499' title='bbox 785 4775 888 4839; x_wconf 89' lang='lat' dir='ltr'>dictas</span> <span class='ocrx_word' id='word_1_500' title='bbox 912 4777 1148 4862; x_wconf 90' lang='lat' dir='ltr'>quinquaginta</span> <span class='ocrx_word' id='word_1_501' title='bbox 1170 4777 1270 4840; x_wconf 90' lang='lat' dir='ltr'>libras</span> <span class='ocrx_word' id='word_1_502' title='bbox 1293 4777 1537 4841; x_wconf 88' lang='lat' dir='ltr'>bononenornm</span> <span class='ocrx_word' id='word_1_503' title='bbox 1562 4800 1619 4864; x_wconf 87' lang='lat' dir='ltr'>pro</span> <span class='ocrx_word' id='word_1_504' title='bbox 1644 4778 1795 4863; x_wconf 77' lang='lat' dir='ltr'>expensis</span> <span class='ocrx_word' id='word_1_505' title='bbox 1818 4785 1850 4842; x_wconf 94' lang='lat' dir='ltr'>et</span> <span class='ocrx_word' id='word_1_506' title='bbox 1880 4778 2068 4841; x_wconf 88' lang='lat' dir='ltr'>necessariis</span> <span class='ocrx_word' id='word_1_507' title='bbox 2092 4799 2213 4859; x_wconf 93' lang='lat' dir='ltr'>corum,</span> <span class='ocrx_word' id='word_1_508' title='bbox 2238 4783 2273 4839; x_wconf 92' lang='lat' dir='ltr'>ut</span> <span class='ocrx_word' id='word_1_509' title='bbox 2304 4775 2410 4861; x_wconf 89' lang='lat' dir='ltr'>predi-</span> 
     </span>
     <span class='ocr_line' id='line_1_40' title="bbox 591 4883 2410 4969; baseline -0.001 -23"><span class='ocrx_word' id='word_1_510' title='bbox 591 4890 677 4946; x_wconf 91' lang='lat' dir='ltr'>ctum</span> <span class='ocrx_word' id='word_1_511' title='bbox 701 4892 759 4947; x_wconf 90' lang='lat' dir='ltr'>est.</span> <span class='ocrx_word' id='word_1_512' title='bbox 784 4883 827 4946; x_wconf 84' lang='lat' dir='ltr'>Et</span> <span class='ocrx_word' id='word_1_513' title='bbox 850 4883 952 4946; x_wconf 84' lang='lat' dir='ltr'>voluit</span> <span class='ocrx_word' id='word_1_514' title='bbox 976 4885 1044 4968; x_wconf 91' lang='lat' dir='ltr'>ipse</span> <span class='ocrx_word' id='word_1_515' title='bbox 1069 4890 1205 4948; x_wconf 90' lang='lat' dir='ltr'>testator</span> <span class='ocrx_word' id='word_1_516' title='bbox 1229 4884 1315 4969; x_wconf 91' lang='lat' dir='ltr'>quod</span> <span class='ocrx_word' id='word_1_517' title='bbox 1340 4885 1393 4948; x_wconf 91' lang='lat' dir='ltr'>ille</span> <span class='ocrx_word' id='word_1_518' title='bbox 1417 4885 1532 4948; x_wconf 86' lang='lat' dir='ltr'>Frater</span> <span class='ocrx_word' id='word_1_519' title='bbox 1555 4884 1661 4948; x_wconf 90' lang='lat' dir='ltr'>Minor</span> <span class='ocrx_word' id='word_1_520' title='bbox 1686 4886 1818 4948; x_wconf 89' lang='lat' dir='ltr'>scolaris</span> <span class='ocrx_word' id='word_1_521' title='bbox 1842 4884 1953 4948; x_wconf 89' lang='lat' dir='ltr'>etalii</span> <span class='ocrx_word' id='word_1_522' title='bbox 1976 4885 2155 4948; x_wconf 88' lang='lat' dir='ltr'>successuri</span> <span class='ocrx_word' id='word_1_523' title='bbox 2181 4885 2355 4968; x_wconf 86' lang='lat' dir='ltr'>elligarrtur</span> <span class='ocrx_word' id='word_1_524' title='bbox 2378 4890 2410 4946; x_wconf 92' lang='lat' dir='ltr'>et</span> 
     </span>
     <span class='ocr_line' id='line_1_41' title="bbox 590 4990 2409 5079; baseline -0.001 -25"><span class='ocrx_word' id='word_1_525' title='bbox 590 4991 680 5075; x_wconf 87' lang='lat' dir='ltr'>elligi</span> <span class='ocrx_word' id='word_1_526' title='bbox 703 4990 843 5055; x_wconf 88' lang='lat' dir='ltr'>debeant</span> <span class='ocrx_word' id='word_1_527' title='bbox 866 4990 1043 5055; x_wconf 87' lang='lat' dir='ltr'>secundum</span> <span class='ocrx_word' id='word_1_528' title='bbox 1068 4992 1153 5076; x_wconf 91' lang='lat' dir='ltr'>quod</span> <span class='ocrx_word' id='word_1_529' title='bbox 1179 4999 1416 5055; x_wconf 80' lang='lat' dir='ltr'>consueverunt</span> <span class='ocrx_word' id='word_1_530' title='bbox 1441 4992 1496 5076; x_wconf 90' lang='lat' dir='ltr'>alij</span> <span class='ocrx_word' id='word_1_531' title='bbox 1521 4993 1560 5056; x_wconf 91' lang='lat' dir='ltr'>de</span> <span class='ocrx_word' id='word_1_532' title='bbox 1585 4993 1671 5056; x_wconf 92' lang='lat' dir='ltr'>dicta</span> <span class='ocrx_word' id='word_1_533' title='bbox 1695 4993 1860 5079; x_wconf 83' lang='lat' dir='ltr'>provincia</span> <span class='ocrx_word' id='word_1_534' title='bbox 1885 4993 1988 5077; x_wconf 83' lang='lat' dir='ltr'>elligi,</span> <span class='ocrx_word' id='word_1_535' title='bbox 2010 4992 2063 5076; x_wconf 91' lang='lat' dir='ltr'>qui</span> <span class='ocrx_word' id='word_1_536' title='bbox 2088 4998 2254 5055; x_wconf 90' lang='lat' dir='ltr'>morantur</span> <span class='ocrx_word' id='word_1_537' title='bbox 2276 4991 2409 5054; x_wconf 86' lang='lat' dir='ltr'>Parisiis</span> 
     </span>
     <span class='ocr_line' id='line_1_42' title="bbox 589 5097 2409 5184; baseline 0.001 -24"><span class='ocrx_word' id='word_1_538' title='bbox 589 5098 629 5160; x_wconf 90' lang='lat' dir='ltr'>ad</span> <span class='ocrx_word' id='word_1_539' title='bbox 655 5098 864 5180; x_wconf 89' lang='lat' dir='ltr'>studendum,</span> <span class='ocrx_word' id='word_1_540' title='bbox 890 5105 922 5162; x_wconf 93' lang='lat' dir='ltr'>et</span> <span class='ocrx_word' id='word_1_541' title='bbox 946 5099 1122 5163; x_wconf 91' lang='lat' dir='ltr'>secundum</span> <span class='ocrx_word' id='word_1_542' title='bbox 1146 5099 1232 5184; x_wconf 93' lang='lat' dir='ltr'>quod</span> <span class='ocrx_word' id='word_1_543' title='bbox 1256 5121 1313 5184; x_wconf 91' lang='lat' dir='ltr'>pro</span> <span class='ocrx_word' id='word_1_544' title='bbox 1339 5107 1482 5184; x_wconf 86' lang='lat' dir='ltr'>tempore</span> <span class='ocrx_word' id='word_1_545' title='bbox 1507 5100 1690 5184; x_wconf 91' lang='lat' dir='ltr'>elligentur,</span> <span class='ocrx_word' id='word_1_546' title='bbox 1715 5108 1746 5164; x_wconf 90' lang='lat' dir='ltr'>et</span> <span class='ocrx_word' id='word_1_547' title='bbox 1770 5101 1815 5164; x_wconf 89' lang='lat' dir='ltr'>sic</span> <span class='ocrx_word' id='word_1_548' title='bbox 1839 5100 1908 5162; x_wconf 90' lang='lat' dir='ltr'>fieri</span> <span class='ocrx_word' id='word_1_549' title='bbox 1932 5099 2049 5162; x_wconf 90' lang='lat' dir='ltr'>debeat</span> <span class='ocrx_word' id='word_1_550' title='bbox 2073 5104 2104 5162; x_wconf 93' lang='lat' dir='ltr'>et</span> <span class='ocrx_word' id='word_1_551' title='bbox 2129 5120 2191 5162; x_wconf 92' lang='lat' dir='ltr'>non</span> <span class='ocrx_word' id='word_1_552' title='bbox 2216 5098 2280 5161; x_wconf 90' lang='lat' dir='ltr'>alio</span> <span class='ocrx_word' id='word_1_553' title='bbox 2304 5097 2409 5161; x_wconf 92' lang='lat' dir='ltr'>modo.</span> 
     </span>
     <span class='ocr_line' id='line_1_43' title="bbox 588 5205 2409 5291; baseline 0 -23"><span class='ocrx_word' id='word_1_554' title='bbox 588 5205 630 5268; x_wconf 88' lang='lat' dir='ltr'>Et</span> <span class='ocrx_word' id='word_1_555' title='bbox 655 5206 756 5269; x_wconf 82' lang='lat' dir='ltr'>voluit</span> <span class='ocrx_word' id='word_1_556' title='bbox 779 5213 811 5270; x_wconf 92' lang='lat' dir='ltr'>et</span> <span class='ocrx_word' id='word_1_557' title='bbox 835 5205 1002 5270; x_wconf 87' lang='lat' dir='ltr'>mandavit</span> <span class='ocrx_word' id='word_1_558' title='bbox 1027 5207 1111 5291; x_wconf 92' lang='lat' dir='ltr'>quod</span> <span class='ocrx_word' id='word_1_559' title='bbox 1135 5207 1190 5270; x_wconf 88' lang='lat' dir='ltr'>ille</span> <span class='ocrx_word' id='word_1_560' title='bbox 1214 5207 1339 5288; x_wconf 87' lang='lat' dir='ltr'>Frater,</span> <span class='ocrx_word' id='word_1_561' title='bbox 1358 5215 1390 5270; x_wconf 92' lang='lat' dir='ltr'>et</span> <span class='ocrx_word' id='word_1_562' title='bbox 1414 5207 1469 5270; x_wconf 91' lang='lat' dir='ltr'>alii</span> <span class='ocrx_word' id='word_1_563' title='bbox 1494 5209 1672 5270; x_wconf 88' lang='lat' dir='ltr'>successuri</span> <span class='ocrx_word' id='word_1_564' title='bbox 1696 5208 1742 5271; x_wconf 90' lang='lat' dir='ltr'>sic</span> <span class='ocrx_word' id='word_1_565' title='bbox 1765 5207 1929 5291; x_wconf 91' lang='lat' dir='ltr'>elligendi,</span> <span class='ocrx_word' id='word_1_566' title='bbox 1947 5207 2036 5291; x_wconf 90' lang='lat' dir='ltr'>elligi</span> <span class='ocrx_word' id='word_1_567' title='bbox 2052 5206 2191 5269; x_wconf 86' lang='lat' dir='ltr'>debeant</span> <span class='ocrx_word' id='word_1_568' title='bbox 2210 5206 2314 5290; x_wconf 87' lang='lat' dir='ltr'>magis</span> <span class='ocrx_word' id='word_1_569' title='bbox 2330 5227 2409 5290; x_wconf 91' lang='lat' dir='ltr'>pau·</span> 
     </span>
     <span class='ocr_line' id='line_1_44' title="bbox 588 5313 2408 5400; baseline 0 -24"><span class='ocrx_word' id='word_1_570' title='bbox 588 5335 682 5400; x_wconf 91' lang='lat' dir='ltr'>peres</span> <span class='ocrx_word' id='word_1_571' title='bbox 706 5321 739 5377; x_wconf 90' lang='grc'>(1</span> <span class='ocrx_word' id='word_1_572' title='bbox 762 5314 866 5398; x_wconf 91' lang='lat' dir='ltr'>magis</span> <span class='ocrx_word' id='word_1_573' title='bbox 889 5313 1082 5399; x_wconf 90' lang='lat' dir='ltr'>indigentes,</span> <span class='ocrx_word' id='word_1_574' title='bbox 1107 5315 1161 5399; x_wconf 92' lang='lat' dir='ltr'>qui</span> <span class='ocrx_word' id='word_1_575' title='bbox 1185 5335 1250 5379; x_wconf 87' lang='lat' dir='ltr'>non</span> <span class='ocrx_word' id='word_1_576' title='bbox 1273 5315 1416 5378; x_wconf 88' lang='lat' dir='ltr'>habeant</span> <span class='ocrx_word' id='word_1_577' title='bbox 1439 5316 1620 5400; x_wconf 88' lang='lat' dir='ltr'>aliquorum</span> <span class='ocrx_word' id='word_1_578' title='bbox 1644 5315 1816 5379; x_wconf 88' lang='lat' dir='ltr'>scolarium</span> <span class='ocrx_word' id='word_1_579' title='bbox 1841 5314 2008 5396; x_wconf 83' lang='lat' dir='ltr'>auxilium,</span> <span class='ocrx_word' id='word_1_580' title='bbox 2033 5335 2091 5378; x_wconf 90' lang='lat' dir='ltr'>nec</span> <span class='ocrx_word' id='word_1_581' title='bbox 2114 5313 2234 5376; x_wconf 88' lang='lat' dir='ltr'>habere</span> <span class='ocrx_word' id='word_1_582' title='bbox 2257 5320 2408 5398; x_wconf 82' lang='lat' dir='ltr'>possunt3</span> 
     </span>
     <span class='ocr_line' id='line_1_45' title="bbox 589 5420 2408 5508; baseline 0 -24"><span class='ocrx_word' id='word_1_583' title='bbox 589 5427 621 5484; x_wconf 89' lang='grc'>(1</span> <span class='ocrx_word' id='word_1_584' title='bbox 644 5442 702 5505; x_wconf 91' lang='lat' dir='ltr'>pro</span> <span class='ocrx_word' id='word_1_585' title='bbox 725 5420 878 5506; x_wconf 91' lang='lat' dir='ltr'>predictis</span> <span class='ocrx_word' id='word_1_586' title='bbox 902 5422 1051 5485; x_wconf 91' lang='lat' dir='ltr'>omnibus</span> <span class='ocrx_word' id='word_1_587' title='bbox 1068 5429 1099 5486; x_wconf 90' lang='lat' dir='ltr'>et</span> <span class='ocrx_word' id='word_1_588' title='bbox 1115 5422 1251 5506; x_wconf 90' lang='lat' dir='ltr'>singulis</span> <span class='ocrx_word' id='word_1_589' title='bbox 1276 5423 1321 5486; x_wconf 92' lang='lat' dir='ltr'>sic</span> <span class='ocrx_word' id='word_1_590' title='bbox 1343 5423 1552 5508; x_wconf 83' lang='lat' dir='ltr'>exequendis,</span> <span class='ocrx_word' id='word_1_591' title='bbox 1569 5422 1777 5508; x_wconf 90' lang='lat' dir='ltr'>complendis,</span> <span class='ocrx_word' id='word_1_592' title='bbox 1797 5422 1951 5485; x_wconf 89' lang='lat' dir='ltr'>faciendis</span> <span class='ocrx_word' id='word_1_593' title='bbox 1969 5429 1999 5485; x_wconf 89' lang='lat' dir='ltr'>ct</span> <span class='ocrx_word' id='word_1_594' title='bbox 2017 5421 2226 5485; x_wconf 79' lang='lat' dir='ltr'>observandis</span> <span class='ocrx_word' id='word_1_595' title='bbox 2243 5421 2326 5484; x_wconf 87' lang='lat' dir='ltr'>dicte</span> <span class='ocrx_word' id='word_1_596' title='bbox 2343 5420 2408 5484; x_wconf 90' lang='lat' dir='ltr'>Do·</span> 
     </span>
     <span class='ocr_line' id='line_1_46' title="bbox 588 5527 2406 5613; baseline 0 -23"><span class='ocrx_word' id='word_1_597' title='bbox 588 5529 673 5591; x_wconf 91' lang='lat' dir='ltr'>mine</span> <span class='ocrx_word' id='word_1_598' title='bbox 697 5527 736 5590; x_wconf 92' lang='lat' dir='ltr'>de</span> <span class='ocrx_word' id='word_1_599' title='bbox 761 5535 872 5591; x_wconf 89' lang='lat' dir='ltr'>sancto</span> <span class='ocrx_word' id='word_1_600' title='bbox 897 5527 1071 5593; x_wconf 88' lang='lat' dir='ltr'>Francisco</span> <span class='ocrx_word' id='word_1_601' title='bbox 1095 5536 1127 5593; x_wconf 95' lang='grc'>(1</span> <span class='ocrx_word' id='word_1_602' title='bbox 1151 5550 1262 5592; x_wconf 91' lang='lat' dir='ltr'>earum</span> <span class='ocrx_word' id='word_1_603' title='bbox 1295 5537 1472 5594; x_wconf 78' lang='lat' dir='ltr'>conventus</span> <span class='ocrx_word' id='word_1_604' title='bbox 1505 5552 1538 5594; x_wconf 89' lang='lat' dir='ltr'>sc</span> <span class='ocrx_word' id='word_1_605' title='bbox 1563 5536 1595 5593; x_wconf 92' lang='lat' dir='ltr'>et</span> <span class='ocrx_word' id='word_1_606' title='bbox 1617 5530 1703 5593; x_wconf 92' lang='lat' dir='ltr'>bona</span> <span class='ocrx_word' id='word_1_607' title='bbox 1727 5529 1803 5592; x_wconf 93' lang='lat' dir='ltr'>dieti</span> <span class='ocrx_word' id='word_1_608' title='bbox 1832 5531 2019 5613; x_wconf 86' lang='lat' dir='ltr'>monasterij</span> <span class='ocrx_word' id='word_1_609' title='bbox 2044 5529 2229 5613; x_wconf 89' lang='lat' dir='ltr'>obligentur</span> <span class='ocrx_word' id='word_1_610' title='bbox 2260 5529 2406 5591; x_wconf 86' lang='lat' dir='ltr'>commis-</span> 
     </span>
     <span class='ocr_line' id='line_1_47' title="bbox 587 5635 2408 5722; baseline 0 -24"><span class='ocrx_word' id='word_1_611' title='bbox 587 5635 681 5698; x_wconf 88' lang='lat' dir='ltr'>sariis</span> <span class='ocrx_word' id='word_1_612' title='bbox 705 5635 781 5698; x_wconf 92' lang='lat' dir='ltr'>dieti</span> <span class='ocrx_word' id='word_1_613' title='bbox 806 5637 980 5716; x_wconf 89' lang='lat' dir='ltr'>testatoris,</span> <span class='ocrx_word' id='word_1_614' title='bbox 1005 5659 1063 5721; x_wconf 88' lang='lat' dir='ltr'>per</span> <span class='ocrx_word' id='word_1_615' title='bbox 1087 5658 1161 5700; x_wconf 92' lang='lat' dir='ltr'>eum</span> <span class='ocrx_word' id='word_1_616' title='bbox 1185 5636 1314 5701; x_wconf 93' lang='lat' dir='ltr'>modum</span> <span class='ocrx_word' id='word_1_617' title='bbox 1338 5644 1369 5700; x_wconf 88' lang='lat' dir='ltr'>et</span> <span class='ocrx_word' id='word_1_618' title='bbox 1393 5637 1530 5702; x_wconf 92' lang='lat' dir='ltr'>formam</span> <span class='ocrx_word' id='word_1_619' title='bbox 1560 5658 1622 5722; x_wconf 93' lang='lat' dir='ltr'>quo</span> <span class='ocrx_word' id='word_1_620' title='bbox 1650 5643 1682 5700; x_wconf 93' lang='lat' dir='ltr'>et</span> <span class='ocrx_word' id='word_1_621' title='bbox 1706 5657 1770 5720; x_wconf 89' lang='lat' dir='ltr'>qua</span> <span class='ocrx_word' id='word_1_622' title='bbox 1794 5637 1897 5720; x_wconf 89' lang='lat' dir='ltr'>magis</span> <span class='ocrx_word' id='word_1_623' title='bbox 1921 5643 2072 5722; x_wconf 89' lang='lat' dir='ltr'>poterunt</span> <span class='ocrx_word' id='word_1_624' title='bbox 2096 5657 2168 5700; x_wconf 89' lang='lat' dir='ltr'>cum</span> <span class='ocrx_word' id='word_1_625' title='bbox 2192 5636 2325 5700; x_wconf 86' lang='lat' dir='ltr'>consilio</span> <span class='ocrx_word' id='word_1_626' title='bbox 2350 5635 2408 5699; x_wconf 87' lang='lat' dir='ltr'>Sa-</span> 
     </span>
     <span class='ocr_line' id='line_1_48' title="bbox 586 5742 2407 5829; baseline 0.001 -24"><span class='ocrx_word' id='word_1_627' title='bbox 586 5743 750 5829; x_wconf 90' lang='lat' dir='ltr'>pientum,</span> <span class='ocrx_word' id='word_1_628' title='bbox 774 5742 815 5806; x_wconf 93' lang='lat' dir='ltr'>ad</span> <span class='ocrx_word' id='word_1_629' title='bbox 838 5743 900 5806; x_wconf 92' lang='lat' dir='ltr'>hcc</span> <span class='ocrx_word' id='word_1_630' title='bbox 923 5749 959 5805; x_wconf 93' lang='lat' dir='ltr'>ut</span> <span class='ocrx_word' id='word_1_631' title='bbox 984 5743 1129 5827; x_wconf 86' lang='lat' dir='ltr'>predicta</span> <span class='ocrx_word' id='word_1_632' title='bbox 1153 5744 1326 5807; x_wconf 84' lang='lat' dir='ltr'>observare</span> <span class='ocrx_word' id='word_1_633' title='bbox 1351 5751 1383 5808; x_wconf 91' lang='grc'>(1</span> <span class='ocrx_word' id='word_1_634' title='bbox 1406 5744 1513 5808; x_wconf 90' lang='lat' dir='ltr'>faeere</span> <span class='ocrx_word' id='word_1_635' title='bbox 1538 5765 1601 5808; x_wconf 92' lang='lat' dir='ltr'>non</span> <span class='ocrx_word' id='word_1_636' title='bbox 1624 5744 1792 5807; x_wconf 88' lang='lat' dir='ltr'>desistant.</span> <span class='ocrx_word' id='word_1_637' title='bbox 1816 5743 1859 5806; x_wconf 83' lang='lat' dir='ltr'>Et</span> <span class='ocrx_word' id='word_1_638' title='bbox 1882 5745 1908 5806; x_wconf 90' lang='lat' dir='ltr'>si</span> <span class='ocrx_word' id='word_1_639' title='bbox 1940 5743 2023 5806; x_wconf 90' lang='lat' dir='ltr'>dicte</span> <span class='ocrx_word' id='word_1_640' title='bbox 2054 5743 2193 5807; x_wconf 91' lang='lat' dir='ltr'>Domine</span> <span class='ocrx_word' id='word_1_641' title='bbox 2226 5743 2267 5806; x_wconf 90' lang='lat' dir='ltr'>de</span> <span class='ocrx_word' id='word_1_642' title='bbox 2297 5748 2407 5806; x_wconf 89' lang='lat' dir='ltr'>sancto</span> 
     </span>
     <span class='ocr_line' id='line_1_49' title="bbox 586 5848 2408 5938; baseline 0 -25"><span class='ocrx_word' id='word_1_643' title='bbox 586 5850 761 5914; x_wconf 86' lang='lat' dir='ltr'>Francisco</span> <span class='ocrx_word' id='word_1_644' title='bbox 786 5850 909 5913; x_wconf 91' lang='lat' dir='ltr'>nollent</span> <span class='ocrx_word' id='word_1_645' title='bbox 934 5848 986 5912; x_wconf 91' lang='grc'>((1</span> <span class='ocrx_word' id='word_1_646' title='bbox 1010 5871 1073 5913; x_wconf 92' lang='lat' dir='ltr'>non</span> <span class='ocrx_word' id='word_1_647' title='bbox 1098 5851 1338 5935; x_wconf 87' lang='lat' dir='ltr'>acceptaverint</span> <span class='ocrx_word' id='word_1_648' title='bbox 1362 5852 1516 5938; x_wconf 88' lang='lat' dir='ltr'>predicta,</span> <span class='ocrx_word' id='word_1_649' title='bbox 1539 5851 1601 5933; x_wconf 89' lang='lat' dir='ltr'>vel,</span> <span class='ocrx_word' id='word_1_650' title='bbox 1625 5852 1652 5914; x_wconf 92' lang='lat' dir='ltr'>si</span> <span class='ocrx_word' id='word_1_651' title='bbox 1676 5852 1915 5936; x_wconf 79' lang='lat' dir='ltr'>acceptaverint</span> <span class='ocrx_word' id='word_1_652' title='bbox 1938 5858 1970 5914; x_wconf 91' lang='lat' dir='ltr'>et</span> <span class='ocrx_word' id='word_1_653' title='bbox 1993 5851 2140 5914; x_wconf 88' lang='lat' dir='ltr'>steterint</span> <span class='ocrx_word' id='word_1_654' title='bbox 2163 5871 2221 5935; x_wconf 93' lang='lat' dir='ltr'>per</span> <span class='ocrx_word' id='word_1_655' title='bbox 2244 5849 2408 5913; x_wconf 91' lang='lat' dir='ltr'>biennium</span> 
     </span>
     <span class='ocr_line' id='line_1_50' title="bbox 587 5956 2408 6044; baseline -0.002 -22"><span class='ocrx_word' id='word_1_656' title='bbox 587 5959 672 6044; x_wconf 92' lang='lat' dir='ltr'>quod</span> <span class='ocrx_word' id='word_1_657' title='bbox 697 5958 798 6021; x_wconf 87' lang='lat' dir='ltr'>dictos</span> <span class='ocrx_word' id='word_1_658' title='bbox 822 5957 955 6020; x_wconf 88' lang='lat' dir='ltr'>Fratres</span> <span class='ocrx_word' id='word_1_659' title='bbox 987 5979 1050 6021; x_wconf 90' lang='lat' dir='ltr'>non</span> <span class='ocrx_word' id='word_1_660' title='bbox 1082 5965 1224 6020; x_wconf 92' lang='lat' dir='ltr'>emerent</span> <span class='ocrx_word' id='word_1_661' title='bbox 1257 5965 1291 6020; x_wconf 94' lang='lat' dir='ltr'>ut</span> <span class='ocrx_word' id='word_1_662' title='bbox 1323 5959 1502 6043; x_wconf 89' lang='lat' dir='ltr'>predictum</span> <span class='ocrx_word' id='word_1_663' title='bbox 1535 5966 1602 6040; x_wconf 87' lang='lat' dir='ltr'>est,</span> <span class='ocrx_word' id='word_1_664' title='bbox 1626 5964 1702 6022; x_wconf 91' lang='lat' dir='ltr'>tunc</span> <span class='ocrx_word' id='word_1_665' title='bbox 1732 5967 1763 6022; x_wconf 91' lang='lat' dir='ltr'>et</span> <span class='ocrx_word' id='word_1_666' title='bbox 1796 5959 1826 6020; x_wconf 91' lang='lat' dir='ltr'>in</span> <span class='ocrx_word' id='word_1_667' title='bbox 1861 5980 1899 6021; x_wconf 88' lang='lat' dir='ltr'>ec</span> <span class='ocrx_word' id='word_1_668' title='bbox 1930 5979 2017 6040; x_wconf 87' lang='lat' dir='ltr'>ensa,</span> <span class='ocrx_word' id='word_1_669' title='bbox 2042 5957 2143 6021; x_wconf 81' lang='lat' dir='ltr'>voluit</span> <span class='ocrx_word' id='word_1_670' title='bbox 2176 5965 2208 6020; x_wconf 92' lang='lat' dir='ltr'>et</span> <span class='ocrx_word' id='word_1_671' title='bbox 2244 5956 2408 6020; x_wconf 81' lang='lat' dir='ltr'>mandarit</span> 
     </span>
     <span class='ocr_line' id='line_1_51' title="bbox 584 6065 2408 6152; baseline -0.001 -24"><span class='ocrx_word' id='word_1_672' title='bbox 584 6067 654 6152; x_wconf 91' lang='lat' dir='ltr'>ipsc</span> <span class='ocrx_word' id='word_1_673' title='bbox 678 6073 815 6130; x_wconf 87' lang='lat' dir='ltr'>testator</span> <span class='ocrx_word' id='word_1_674' title='bbox 839 6065 925 6150; x_wconf 93' lang='lat' dir='ltr'>quod</span> <span class='ocrx_word' id='word_1_675' title='bbox 949 6065 989 6128; x_wconf 92' lang='lat' dir='ltr'>de</span> <span class='ocrx_word' id='word_1_676' title='bbox 1013 6065 1076 6127; x_wconf 88' lang='lat' dir='ltr'>illis</span> <span class='ocrx_word' id='word_1_677' title='bbox 1101 6071 1239 6150; x_wconf 88' lang='lat' dir='ltr'>quatuor</span> <span class='ocrx_word' id='word_1_678' title='bbox 1268 6065 1409 6129; x_wconf 88' lang='lat' dir='ltr'>millibus</span> <span class='ocrx_word' id='word_1_679' title='bbox 1442 6066 1533 6128; x_wconf 88' lang='lat' dir='ltr'>libris</span> <span class='ocrx_word' id='word_1_680' title='bbox 1561 6066 1804 6129; x_wconf 91' lang='lat' dir='ltr'>bononenornm</span> <span class='ocrx_word' id='word_1_681' title='bbox 1836 6072 1962 6129; x_wconf 89' lang='lat' dir='ltr'>ematur</span> <span class='ocrx_word' id='word_1_682' title='bbox 1992 6087 2075 6128; x_wconf 90' lang='lat' dir='ltr'>uuus</span> <span class='ocrx_word' id='word_1_683' title='bbox 2106 6066 2195 6128; x_wconf 88' lang='lat' dir='ltr'>loeus</span> <span class='ocrx_word' id='word_1_684' title='bbox 2226 6087 2285 6150; x_wconf 88' lang='lat' dir='ltr'>per</span> <span class='ocrx_word' id='word_1_685' title='bbox 2308 6065 2408 6128; x_wconf 88' lang='lat' dir='ltr'>dictos</span> 
     </span>
     <span class='ocr_line' id='line_1_52' title="bbox 586 6172 2408 6258; baseline -0.001 -20"><span class='ocrx_word' id='word_1_686' title='bbox 586 6195 661 6238; x_wconf 87' lang='lat' dir='ltr'>suos</span> <span class='ocrx_word' id='word_1_687' title='bbox 686 6173 923 6237; x_wconf 86' lang='lat' dir='ltr'>commissarios</span> <span class='ocrx_word' id='word_1_688' title='bbox 948 6194 1005 6258; x_wconf 91' lang='lat' dir='ltr'>pro</span> <span class='ocrx_word' id='word_1_689' title='bbox 1029 6173 1200 6236; x_wconf 87' lang='lat' dir='ltr'>Fratribus</span> <span class='ocrx_word' id='word_1_690' title='bbox 1223 6172 1263 6236; x_wconf 92' lang='lat' dir='ltr'>de</span> <span class='ocrx_word' id='word_1_691' title='bbox 1287 6179 1399 6236; x_wconf 89' lang='lat' dir='ltr'>sancta</span> <span class='ocrx_word' id='word_1_692' title='bbox 1423 6173 1526 6236; x_wconf 86' lang='lat' dir='ltr'>Maria</span> <span class='ocrx_word' id='word_1_693' title='bbox 1552 6173 1584 6235; x_wconf 92' lang='lat' dir='ltr'>in</span> <span class='ocrx_word' id='word_1_694' title='bbox 1609 6173 1736 6255; x_wconf 87' lang='lat' dir='ltr'>Strata,</span> <span class='ocrx_word' id='word_1_695' title='bbox 1761 6173 1815 6235; x_wconf 91' lang='lat' dir='ltr'>nbi</span> <span class='ocrx_word' id='word_1_696' title='bbox 1847 6172 1904 6235; x_wconf 86' lang='lat' dir='ltr'>liat</span> <span class='ocrx_word' id='word_1_697' title='bbox 1931 6193 1994 6234; x_wconf 91' lang='lat' dir='ltr'>una</span> <span class='ocrx_word' id='word_1_698' title='bbox 2020 6173 2156 6236; x_wconf 90' lang='lat' dir='ltr'>ecelesia</span> <span class='ocrx_word' id='word_1_699' title='bbox 2179 6194 2279 6258; x_wconf 92' lang='lat' dir='ltr'>prope</span> <span class='ocrx_word' id='word_1_700' title='bbox 2303 6173 2408 6236; x_wconf 91' lang='lat' dir='ltr'>Bono·</span> 
     </span>
     <span class='ocr_line' id='line_1_53' title="bbox 586 6279 2409 6364; baseline -0.001 -20"><span class='ocrx_word' id='word_1_701' title='bbox 586 6281 673 6344; x_wconf 89' lang='lat' dir='ltr'>uiam</span> <span class='ocrx_word' id='word_1_702' title='bbox 698 6280 740 6343; x_wconf 91' lang='lat' dir='ltr'>ad</span> <span class='ocrx_word' id='word_1_703' title='bbox 764 6303 863 6344; x_wconf 92' lang='lat' dir='ltr'>unum</span> <span class='ocrx_word' id='word_1_704' title='bbox 888 6281 1036 6362; x_wconf 89' lang='lat' dir='ltr'>milliare,</span> <span class='ocrx_word' id='word_1_705' title='bbox 1055 6280 1110 6343; x_wconf 93' lang='lat' dir='ltr'>ubi</span> <span class='ocrx_word' id='word_1_706' title='bbox 1134 6289 1220 6344; x_wconf 90' lang='lat' dir='ltr'>stare</span> <span class='ocrx_word' id='word_1_707' title='bbox 1245 6281 1385 6344; x_wconf 88' lang='lat' dir='ltr'>debeant</span> <span class='ocrx_word' id='word_1_708' title='bbox 1409 6281 1558 6344; x_wconf 90' lang='lat' dir='ltr'>continue</span> <span class='ocrx_word' id='word_1_709' title='bbox 1576 6303 1634 6343; x_wconf 79' lang='lat' dir='ltr'>serr</span> <span class='ocrx_word' id='word_1_710' title='bbox 1650 6279 1783 6343; x_wconf 90' lang='lat' dir='ltr'>Fratres</span> <span class='ocrx_word' id='word_1_711' title='bbox 1804 6280 1922 6360; x_wconf 89' lang='lat' dir='ltr'>elerici,</span> <span class='ocrx_word' id='word_1_712' title='bbox 1940 6301 2077 6364; x_wconf 91' lang='lat' dir='ltr'>quorum</span> <span class='ocrx_word' id='word_1_713' title='bbox 2094 6287 2231 6364; x_wconf 90' lang='lat' dir='ltr'>quatuor</span> <span class='ocrx_word' id='word_1_714' title='bbox 2247 6281 2288 6343; x_wconf 87' lang='lat' dir='ltr'>ad</span> <span class='ocrx_word' id='word_1_715' title='bbox 2305 6281 2409 6342; x_wconf 91' lang='lat' dir='ltr'>minus</span> 
     </span>
    </p>
   </div>
   <div class='ocr_carea' id='block_1_3' title="bbox 666 6512 862 6578">
    <p class='ocr_par' dir='ltr' id='par_1_3' title="bbox 666 6512 862 6578">
     <span class='ocr_line' id='line_1_54' title="bbox 666 6512 862 6578; baseline -0.005 -15"><span class='ocrx_word' id='word_1_716' title='bbox 666 6515 690 6578; x_wconf 88' lang='lat' dir='ltr'>(l</span> <span class='ocrx_word' id='word_1_717' title='bbox 714 6517 741 6563; x_wconf 92' lang='lat' dir='ltr'>et</span> <span class='ocrx_word' id='word_1_718' title='bbox 762 6515 789 6578; x_wconf 80' lang='lat'>2)</span> <span class='ocrx_word' id='word_1_719' title='bbox 810 6512 862 6562; x_wconf 81' lang='lat' dir='ltr'>Sir.</span> 
     </span>
    </p>
   </div>
   <div class='ocr_carea' id='block_1_4' title="bbox 0 0 2746 7746">
    <p class='ocr_par' dir='ltr' id='par_1_4' title="bbox 0 0 2746 7746">
     <span class='ocr_line' id='line_1_55' title="bbox 0 0 2746 7746; baseline 0 6"><span class='ocrx_word' id='word_1_720' title='bbox 0 0 2746 7746; x_wconf 95' lang='lat' dir='ltr'> </span> 
     </span>
    </p>
   </div>
  </div>
 </body>
</html>
