5484 7746
649 609 724 678 226
1433 631 1673 684 moruncurt

646 785 740 849 fratri
764 785 906 871 Ugoliuo
931 785 970 850 de
996 786 1149 868 Oartello,
1167 787 1261 850 fratri
1284 788 1514 852 Beneventum
1538 789 1578 852 de
1602 789 1771 872 Pannano,
1788 789 1882 855 fratri
1905 791 2003 856 Petro
2025 791 2183 875 Pizinino,
2202 793 2295 858 fratri
2311 795 2466 862 Jacobino

645 893 684 956 de
709 893 864 975 Galleria,
889 893 983 957 fratri
1008 893 1189 958 Gerardino
1213 894 1252 958 de
1276 895 1402 958 Mutina
1426 902 1458 960 et
1482 897 1575 959 fratri
1598 896 1782 981 Mayueri0,
1806 899 1955 964 omnibus
1980 899 2019 963 de
2045 900 2166 964 Ordine
2191 901 2340 966 Fratrum
2366 903 2465 968 hlino·

646 1024 727 1082 rum,
752 1001 884 1064 cuilibet
908 1021 1019 1066 eorum
1043 1007 1172 1065 centum
1196 1001 1304 1066 soldos
1327 1003 1572 1067 bononenurum
1596 1003 1636 1068 de
1660 1004 1804 1090 predicta
1828 1027 1953 1069 summa
1978 1007 2126 1092 reliquid.

734 1109 816 1173 Item
840 1107 880 1172 de
904 1109 990 1172 dicta
1014 1130 1140 1172 summa
1164 1117 1196 1173 et
1220 1111 1401 1195 quantitate
1422 1132 1531 1196 supra,
1550 1111 1662 1175 relicta
1684 1123 1743 1198 pro
1768 1113 1876 1176 anima
1900 1113 2019 1178 sororis
2043 1114 2225 1197 Frescucie,
2242 1116 2307 1180 filie
2324 1115 2464 1181 Boufan·

644 1217 720 1282 zulli
737 1216 776 1280 de
793 1216 969 1298 Florentia,
988 1237 1049 1302 que
1075 1224 1123 1281 est
1147 1216 1187 1280 de
1212 1216 1334 1282 Ordine
1358 1217 1512 1282 Sororum
1529 1218 1568 1282 de
1585 1219 1780 1301 Penitentia,
1798 1226 1927 1284 centum
1944 1220 2043 1285 libras
2061 1223 2303 1286 bononenorum
2320 1225 2464 1308 reliquid.

732 1324 815 1388 Item
840 1323 977 1405 Gasdie,
1001 1324 1066 1386 filie
1092 1324 1287 1408 Battaglerij
1313 1324 1352 1388 de
1376 1324 1565 1408 Florentia,
1590 1325 1826 1412 quinquaginta
1849 1327 1950 1391 libras
1974 1329 2235 1412 bononenurum,
2260 1330 2300 1394 dc
2324 1330 2466 1415 predicta

643 1453 768 1496 summa
792 1439 824 1494 et
848 1431 1038 1517 quantitate,
1066 1431 1215 1516 reliquid.

732 1538 815 1602 Item
834 1538 980 1602 Bandino
998 1537 1160 1624 quondam
1178 1538 1335 1624 Synhaldi
1348 1538 1387 1601 (ll
1399 1538 1438 1602 de
1455 1539 1631 1622 Florentia,
1645 1541 1761 1624 viginti
1779 1541 1920 1626 quinque
1937 1541 2037 1606 libras
2053 1541 2295 1607 bononenorum
2313 1544 2464 1629 reliquid3

644 1669 740 1732 quam
758 1647 971 1732 quantitatem
987 1647 1122 1731 pecunie
1140 1667 1209 1709 esse
1227 1646 1329 1710 voluit
1347 1667 1446 1731 penes
1464 1647 1700 1710 commissarios
1718 1669 1802 1730 suos,
1821 1649 1923 1712 donec
1940 1670 2005 1714 una
2021 1650 2073 1712 vel
2090 1649 2152 1713 due
2169 1650 2245 1733 filio,
2262 1671 2343 1736 quas
2360 1651 2464 1736 habet,

642 1754 763 1817 fuerint
785 1759 932 1834 uxorate,
949 1759 981 1816 et
1002 1761 1078 1816 tuoe
1101 1753 1195 1816 detur
1220 1753 1267 1816 eis
1292 1753 1324 1816 in
1349 1753 1528 1816 subsidium
1552 1754 1730 1836 uxorandi3
1747 1763 1779 1818 et
1795 1756 1822 1818 si
1846 1777 1910 1819 non
1934 1755 2055 1820 fuerint
2078 1764 2214 1821 uxorate
2238 1758 2313 1823 hinc
2337 1759 2379 1822 ad
2402 1767 2464 1824 tres

527 1857 532 1868 ’
645 1881 757 1942 annos,
774 1867 829 1924 aut
853 1860 880 1922 si
903 1859 1098 1923 morirentur
1121 1859 1206 1922 infra
1229 1860 1402 1923 terminum
1427 1859 1548 1924 dictum
1572 1861 1669 1924 trium
1694 1883 1862 1944 annorum,
1880 1869 1956 1926 tuuc
1980 1863 2051 1948 ipsa
2075 1865 2239 1949 quantitas
2255 1864 2465 1930 distribuatur

644 1990 702 2054 per
725 1967 961 2032 commissarios
985 1989 1059 2031 suos
1083 1969 1168 2031 inter
1192 1988 1351 2052 pauperes
1376 1966 1513 2049 Christi,
1538 1969 1714 2032 secundum
1745 1969 1831 2054 quod
1861 1970 1908 2033 cis
1941 1970 2055 2034 melius
2080 1971 2251 2054 ridebitur,
2276 1994 2334 2057 pro
2359 1975 2464 2038 anima

643 2075 824 2157 testatoris3
842 2083 874 2140 et
897 2076 924 2138 si
948 2075 1033 2138 infra
1057 2075 1177 2139 dictum
1194 2075 1366 2138 terminum
1384 2074 1505 2138 fuerint
1521 2083 1668 2158 uxorate,
1685 2098 1743 2164 pro
1760 2077 1965 2142 matrimonio
1983 2077 2173 2164 complendo
2189 2079 2310 2144 habere
2328 2080 2465 2146 debeant

643 2183 761 2247 dictam
788 2183 1013 2268 quantitatem.

731 2290 814 2354 Item
838 2289 966 2354 domine
991 2290 1105 2372 Marie,
1124 2312 1186 2375 que
1210 2293 1376 2354 consuevit
1400 2289 1541 2354 vendere
1558 2311 1681 2376 pannos
1698 2291 1738 2355 dc
1756 2291 1882 2377 capella
1898 2293 2001 2356 saneti
2018 2293 2151 2357 Martini
2167 2293 2207 2357 de
2224 2293 2463 2378 Cazzauimicis,

643 2398 753 2461 decem
777 2397 877 2461 libras
901 2398 1145 2461 bononenorum
1170 2397 1317 2482 reliquid.

732 2505 816 2568 Item
838 2503 1030 2568 dominabus
1055 2504 1195 2590 Symoue
1220 2511 1252 2567 et
1274 2504 1448 2586 Barthole,
1473 2504 1539 2568 suis
1563 2505 1731 2591 neptibus,
1756 2506 1888 2570 cuilibet
1912 2527 2024 2570 earum
2047 2507 2163 2591 viginti
2194 2508 2335 2593 quinque
2366 2509 2464 2573 libras

642 2613 885 2677 bononenurum
910 2611 949 2674 de
973 2612 1118 2698 predicta
1143 2633 1268 2676 summa
1291 2619 1323 2675 et
1348 2612 1527 2696 quantitate
1553 2613 1709 2696 reliquid,
1734 2634 1795 2698 que
1828 2614 1992 2698 quantitas
2021 2613 2116 2678 detur
2138 2615 2185 2678 eis
2207 2637 2266 2700 pro
2290 2625 2465 2701 augmento

643 2719 736 2785 dotis.

731 2826 813 2890 Item
839 2827 976 2910 reliquid
1000 2827 1064 2888 filie
1087 2826 1271 2890 Benvenuti
1295 2827 1345 2889 sui
1368 2827 1548 2908 servientis,
1566 2848 1628 2912 que
1652 2847 1716 2891 non
1740 2828 1829 2891 ridet
1851 2827 1933 2891 bene
1957 2827 2076 2910 lumen,
2094 2828 2262 2893 duodecim
2283 2830 2384 2894 libras
2407 2830 2464 2895 bo-

642 2955 842 2997 nonenurum
865 2934 905 2996 do
929 2932 1074 3018 predicta
1099 2954 1223 2996 summa
1247 2941 1278 2996 et
1303 2935 1483 3018 quantitate
1507 2935 1619 2998 relicta
1644 2956 1702 3020 pro
1720 2935 1828 2998 anima
1844 2957 1957 3020 supra;
1975 2935 2112 3021 reliquid
2130 2935 2305 3000 Oodeferro
2323 2959 2381 3000 suo
2398 2959 2465 3001 ser·

642 3042 742 3104 rieuti
759 3041 874 3124 uiginti
892 3041 1032 3125 quinque
1051 3039 1149 3104 libras
1166 3041 1419 3122 bononenorum‚
1437 3042 1464 3104 si
1487 3048 1631 3127 tempore
1649 3043 1755 3105 obitus
1772 3043 1872 3127 ipsius
1888 3043 2051 3106 testatoris
2068 3044 2193 3106 steterit
2209 3065 2327 3108 secum.
2350 3045 2463 3109 Nicole

642 3147 682 3211 de
707 3147 818 3211 Cassia
842 3147 957 3231 uiginti
982 3148 1122 3232 quinque
1147 3149 1247 3211 libras
1271 3148 1524 3230 bononenorum‚
1550 3149 1576 3211 si
1601 3157 1744 3234 tempore
1770 3149 1875 3212 obitus
1900 3151 2062 3214 testatoris
2086 3151 2211 3214 steterit
2235 3172 2354 3233 seeum,
2380 3152 2463 3216 Zau·

641 3255 718 3319 nino
742 3254 781 3317 de
806 3255 962 3336 Auzissa,
988 3275 1046 3318 suo
1071 3255 1241 3336 familiari,
1267 3255 1502 3340 quiuquaginta
1526 3255 1625 3318 libras
1654 3256 1915 3336 bononenorum‚
1940 3265 1973 3319 et
1995 3255 2178 3338 Beatrixie,
2203 3277 2260 3320 sue
2291 3258 2463 3340 servienti,

640 3363 727 3426 ultra
750 3363 904 3425 salarium
929 3383 1032 3444 suum,
1057 3369 1124 3425 otto
1148 3361 1248 3424 libros
1272 3362 1516 3426 bononenorum
1542 3362 1568 3425 si
1592 3369 1735 3448 tempore
1760 3363 1866 3426 obitus
1891 3365 2053 3427 testatoris
2078 3363 2203 3427 steterIt
2225 3385 2344 3428 secum.

729 3469 812 3532 Item
836 3470 939 3533 voluit
960 3477 992 3532 et
1018 3469 1155 3553 reliquid
1179 3469 1264 3554 quod
1287 3470 1403 3553 viginti
1427 3470 1467 3534 de
1492 3470 1694 3534 scholaribus
1718 3471 1784 3533 suis
1808 3470 1984 3554 alligantur
2015 3472 2120 3555 magis
2143 3491 2303 3556 pauperes
2327 3478 2360 3535 et
2383 3471 2465 3534 indi-

639 3585 753 3662 gentes
777 3599 835 3663 per
860 3578 1050 3661 magistrum
1073 3576 1223 3661 Magrum
1249 3583 1280 3640 et
1304 3577 1494 3661 magistrum
1518 3576 1721 3658 Auselmum,
1745 3577 1810 3662 qui,
1838 3599 1911 3641 cum
1935 3578 2056 3641 fuerint
2080 3579 2174 3641 electi
2197 3599 2255 3663 per
2279 3579 2464 3642 commissa·

638 3686 704 3748 rios
727 3706 821 3764 suos,
846 3684 985 3747 debeant
1010 3683 1100 3747 indui
1123 3684 1163 3747 de
1187 3704 1294 3770 panno
1320 3684 1412 3766 albo,
1437 3706 1549 3747 eorum
1573 3684 1747 3767 cujuslibet
1770 3684 1993 3748 indumentum
2017 3686 2058 3748 sit
2082 3685 2201 3749 valoris
2224 3692 2256 3748 et
2279 3686 2380 3771 preeij
2405 3707 2465 3748 sex

638 3791 795 3855 librarum
819 3791 1072 3873 bononenorum‚
1097 3798 1129 3854 et
1153 3791 1299 3876 predicta
1320 3791 1391 3854 fieri
1415 3790 1555 3854 debeant
1579 3791 1618 3854 de
1642 3791 1788 3877 predicta
1811 3811 1937 3854 summa
1960 3811 2059 3877 supra
2080 3813 2138 3876 pro
2162 3791 2270 3855 anima
2294 3793 2417 3856 relicta.

729 3899 813 3962 Item
838 3899 939 3963 uoluit
962 3906 995 3962 et
1018 3899 1184 3962 mandarit
1209 3898 1294 3983 quod
1317 3919 1427 3962 omnes
1452 3898 1501 3961 sui
1524 3897 1701 3961 familiares
1726 3898 1870 3980 masculi,
1888 3899 1942 3984 qui
1959 3899 2091 3962 stabunt
2113 3920 2221 3963 secum
2245 3906 2389 3986 tempore
2414 3900 2466 3963 sui

638 4007 766 4088 obitus,
791 4013 823 4070 et
855 4006 933 4070 socii
962 4007 1012 4068 sui
1043 4013 1075 4068 et
1099 4005 1210 4069 bidelli
1236 4005 1412 4069 induantur
1435 4012 1468 4069 et
1491 4005 1610 4068 habere
1635 4005 1753 4068 debeat
1777 4006 1911 4090 quilibet
1944 4027 2055 4070 eorum
2091 4005 2131 4069 de
2162 4006 2308 4091 predicta
2338 4027 2465 4070 summa

638 4135 737 4200 supro
761 4115 874 4176 relicta
897 4135 955 4198 pro
980 4113 1098 4193 anima,
1117 4133 1215 4176 unam
1234 4119 1357 4176 vestem
1382 4111 1490 4176 albam
1514 4113 1613 4198 precii
1637 4122 1668 4176 ct
1693 4112 1861 4176 valimeuti
1885 4134 1944 4176 sex
1969 4113 2123 4176 librarum
2145 4113 2387 4177 bononenurum
2404 4135 2464 4198 pro

638 4222 782 4310 quolibet
805 4229 837 4284 et
860 4221 1005 4305 qualibet
1027 4225 1128 4284 veste.

727 4330 809 4393 Item
835 4327 1007 4392 couventui
1028 4327 1180 4390 Fratrum
1201 4327 1363 4390 Minorum
1381 4327 1467 4390 illius
1484 4327 1634 4408 civitatis,
1652 4327 1685 4390 iu
1703 4349 1767 4411 qua
1784 4327 1851 4412 ipse
1868 4327 2022 4411 magister
2038 4327 2167 4391 Tadeus
2184 4335 2320 4392 testator
2336 4327 2462 4409 obierit,

638 4439 749 4502 decem
774 4436 873 4499 libras
897 4435 1139 4498 bononenurum
1165 4434 1204 4497 de
1228 4434 1373 4519 predicta
1397 4456 1522 4498 summa
1546 4443 1578 4498 et
1603 4435 1782 4519 quantitate
1807 4455 1905 4519 supra
1936 4435 2048 4498 relicta
2079 4456 2137 4520 pro
2167 4435 2274 4498 anima
2306 4434 2462 4521 reliquid,

637 4545 761 4610 dandas
786 4551 817 4606 et
841 4541 1023 4625 erogandas
1047 4543 1080 4604 in
1105 4541 1249 4626 quolibet
1272 4541 1550 4627 infrascriptarum
1574 4541 1794 4623 terminorum,
1812 4541 1962 4605 videlicet
1982 4541 2093 4604 decem
2117 4542 2216 4605 libras
2238 4563 2296 4627 pro
2318 4541 2465 4626 qualibet

637 4653 718 4732 ricc,
736 4651 859 4715 scilicet
882 4651 914 4712 in
939 4649 1075 4734 septimo
1099 4648 1161 4731 die,
1180 4649 1355 4732 trigesimo,
1374 4649 1547 4713 centesimo
1572 4655 1604 4713 et
1628 4649 1849 4712 anniversario
1870 4669 1939 4730 suo,
1957 4670 2014 4734 pro
2032 4647 2206 4714 refectione
2222 4649 2365 4734 ipsorum
2382 4649 2463 4712 Fra-

637 4767 732 4841 trum,
758 4757 799 4821 ad
824 4757 884 4820 hoc
908 4762 945 4819 ut
968 4777 1025 4841 pro
1050 4755 1158 4819 anima
1182 4756 1252 4838 ejus
1277 4763 1369 4819 orent
1393 4755 1433 4819 ad
1458 4756 1643 4820 Dominum.
1668 4754 1711 4818 Et
1735 4755 1767 4818 in
1800 4776 1839 4818 ea
1872 4756 2001 4819 civitate
2033 4755 2089 4818 ubi
2117 4756 2232 4819 obierit
2263 4754 2464 4841 sepulturam

637 4888 728 4931 suam
753 4887 823 4929 esse
848 4864 950 4929 voluit
974 4863 1061 4950 apud
1085 4863 1255 4926 ecclesiam
1279 4863 1430 4926 Fratrum
1454 4862 1616 4927 Minorum
1640 4863 1726 4927 illius
1751 4863 1909 4945 civitatis3
1926 4863 1958 4926 in
1980 4883 2043 4948 qua
2061 4862 2189 4947 quidem
2213 4884 2272 4926 sua
2295 4862 2463 4948 sepultura

637 4981 669 5038 et
694 4975 725 5037 in
750 4972 902 5058 expensis
931 4993 992 5057 que
1016 4971 1094 5034 fient
1117 4971 1149 5034 in
1175 4993 1214 5034 ea
1236 4977 1269 5034 et
1293 4971 1378 5034 circo
1402 4992 1474 5034 eam
1502 4979 1534 5035 et
1558 4973 1628 5057 ejus
1653 4970 1833 5052 occasione,
1857 4970 1998 5056 expendi
2021 4970 2123 5034 uoluit
2147 4976 2180 5034 et
2201 4969 2272 5034 dari
2295 4970 2464 5034 mandarit

637 5081 676 5144 de
700 5079 888 5167 supradicta
911 5079 1048 5164 pecunia
1072 5077 1185 5142 relicta
1210 5099 1268 5163 pro
1293 5079 1411 5160 anima,
1436 5079 1610 5164 quingente
1622 5080 1660 5143 (2)
1673 5078 1754 5144 libre
1777 5080 2031 5144 bononenurum.

727 5187 810 5252 Item
834 5186 938 5250 voluit
961 5193 993 5250 et
1017 5185 1202 5268 mandavit,
1228 5185 1313 5271 quod
1338 5185 1377 5249 de
1401 5185 1586 5271 supradicta
1609 5188 1747 5271 pecunia
1770 5194 1803 5250 et
1826 5207 1952 5249 summa
1975 5185 2088 5249 relicta
2112 5206 2170 5270 pro
2204 5185 2313 5248 anima
2346 5184 2464 5250 dentur

637 5297 793 5381 magistro
826 5294 969 5358 (luidoni
1000 5293 1040 5357 de
1069 5293 1321 5378 Moutepulzano
1353 5300 1478 5378 septem
1508 5293 1590 5356 libre
1622 5294 1883 5375 bononenorum‚
1909 5293 2063 5377 magistro
2087 5292 2231 5356 Johaoni
2262 5292 2302 5355 de
2326 5292 2464 5356 Ancona

637 5413 701 5468 tres
725 5404 807 5468 libre
837 5402 1099 5483 bononenurum,
1125 5407 1156 5466 et
1188 5402 1342 5486 magistro
1375 5399 1518 5465 Johanni
1549 5401 1588 5465 de
1622 5401 1765 5465 Tortoua
1795 5409 1861 5466 tres
1893 5401 1974 5465 libre
2005 5401 2259 5465 bononenorum‚
2282 5399 2463 5464 Residuum

635 5533 723 5594 uero,
749 5509 835 5596 quod
859 5509 1026 5588 superabit
1050 5515 1082 5572 et
1105 5515 1238 5594 superat
1261 5529 1280 5571 a
1304 5508 1397 5572 dictis
1423 5509 1539 5592 legatis
1559 5516 1592 5572 et
1608 5509 1727 5572 relictis
1744 5509 1783 5572 de
1800 5509 1945 5594 predicta
1962 5529 2087 5570 summa
2103 5514 2136 5571 et
2152 5508 2332 5592 quantitate
2350 5507 2463 5570 decem

638 5618 774 5683 millium
798 5617 954 5682 librarum
977 5617 1221 5680 bononenurum
1245 5616 1430 5680 relictarum
1455 5638 1513 5701 pro
1539 5616 1656 5698 anima,
1671 5617 1768 5701 jussit
1791 5623 1824 5680 et
1846 5616 1948 5679 voluit
1971 5615 2042 5678 dori
2066 5622 2098 5678 et
2122 5615 2272 5678 distribui
2296 5636 2353 5700 per
2375 5637 2463 5678 com-

636 5727 801 5790 missarios
826 5747 901 5788 suos
925 5725 1010 5788 iuter
1033 5745 1192 5810 pauperes
1217 5724 1338 5789 Christi
1361 5724 1501 5787 civitatis
1525 5723 1670 5787 Bononia
1695 5731 1727 5787 et
1751 5723 1925 5804 districtus,
1942 5721 2064 5786 scilieet
2088 5721 2202 5786 viduas
2223 5743 2392 5808 pauperes,
2411 5743 2463 5786 or·

635 5835 760 5920 phanes
784 5853 954 5919 pauperes,
972 5832 1114 5896 infirmos
1139 5853 1310 5918 pauperes,
1327 5831 1566 5895 miserablest3)
1583 5853 1737 5916 personas
1759 5837 1791 5894 et
1814 5849 2030 5914 vergonzoscs
2053 5850 2223 5915 pauperes,
2241 5836 2274 5892 et
2293 5829 2335 5892 ad
2358 5828 2462 5893 domi-

636 5942 735 6006 cellae
759 5962 919 6026 pauperes
944 5938 1140 6022 uxorundas,
1158 5947 1190 6003 et
1213 5940 1274 6003 hoc
1298 5960 1356 6024 pro
1374 5937 1593 6002 satisfactione
1618 5945 1650 6002 et
1673 5939 1970 6023 recompensatione
1991 5936 2075 6000 male
2093 5935 2285 6019 ablatorum,
2303 5943 2335 6000 et
2351 5936 2463 6000 illicite

636 6049 886 6135 acquisitorum,
911 6048 951 6112 de
976 6047 1092 6132 quibus
1117 6068 1181 6111 nou
1204 6054 1253 6110 est
1277 6047 1306 6110 ei
1331 6048 1496 6110 memoria.
1521 6046 1564 6109 Et
1586 6046 1689 6109 uoluit
1719 6045 1803 6131 quod
1834 6065 1898 6109 uon
1929 6043 2052 6130 possint
2079 6043 2216 6129 predicti
2240 6045 2290 6108 sui
2314 6043 2463 6107 commis·

635 6157 712 6222 sarii
737 6157 815 6221 dare
840 6155 938 6220 alicui
961 6154 1001 6219 de
1024 6154 1178 6241 predictis
1202 6153 1349 6240 personis
1373 6154 1458 6217 ultra
1482 6153 1696 6239 quantitatem
1719 6152 1835 6237 viginti
1859 6151 2021 6216 soldorum
2045 6151 2299 6234 bononenorum‚
2316 6151 2377 6216 nisi
2399 6171 2462 6236 pro

635 6265 751 6353 puellis
768 6263 977 6352 pauperibus,
994 6269 1026 6326 et
1043 6263 1179 6326 multum
1196 6261 1415 6348 indigentibus
1432 6260 1619 6344 uxorandis,
1633 6260 1748 6346 quibus
1765 6259 1888 6347 poesiut
1904 6258 2074 6346 providere
2091 6264 2123 6322 et
2139 6257 2216 6322 dare
2233 6257 2266 6321 in
2281 6257 2463 6321 subsidium

715 6497 752 6563 (1,
773 6499 789 6548 2
809 6499 836 6548 et
856 6497 883 6561 3)
904 6494 957 6546 Sic.
