5544 7750
660 616 737 687 296

660 799 769 857 autem
793 793 825 856 in
850 792 978 856 homine
1002 792 1063 856 hoe
1085 799 1174 879 puto,
1192 791 1276 878 quod
1301 792 1327 854 is
1351 811 1424 855 cum
1448 811 1543 874 gran·

659 900 731 964 dius
759 901 929 986 aptiusque
953 907 1079 986 tempus
1108 900 1138 964 Iu
1163 898 1334 986 querendis
1366 897 1543 982 disciplinis

659 1015 774 1072 nature
798 1009 922 1071 malitia
945 1009 1164 1072 somnolentus
1193 1007 1352 1088 amiserit,
1378 1006 1464 1070 illius
1495 1005 1543 1069 la-

659 1122 728 1180 ctus
753 1116 866 1198 etatis,
890 1116 941 1180 cui
972 1116 1139 1180 literarum
1162 1115 1338 1201 primordia
1362 1113 1542 1178 difficiliora

659 1230 750 1305 suut,
775 1245 814 1288 ea
837 1223 984 1288 didicerit
1015 1245 1076 1310 que
1112 1224 1237 1287 soleant
1265 1244 1338 1286 cum
1366 1221 1541 1305 juvenibus

659 1332 799 1414 adolere,
817 1353 920 1418 quere
944 1332 1015 1396 usui
1039 1333 1269 1418 potiusquam
1294 1331 1461 1417 discipline
1485 1349 1542 1417 pa·

657 1461 728 1504 rere
753 1441 888 1504 soleant.

720 1655 799 1741 Cap.
822 1654 919 1720 XIII.
944 1655 994 1720 De
1017 1654 1103 1720 Dino
1127 1653 1167 1720 de
1192 1655 1311 1719 Garbe.

654 1819 705 1882 De
728 1819 814 1884 Dino
839 1819 878 1883 dc
902 1819 1012 1884 Gerbo
1036 1819 1166 1906 phinico
1187 1819 1360 1884 multorum
1381 1819 1537 1883 librorum

734 1933 766 1990 et
790 1934 1042 1991 commentorum
1065 1927 1222 1991 medicine
1246 1927 1468 2012 compositore.

716 2089 821 2153 Diuus
845 2089 884 2153 de
909 2089 1019 2154 Garbe
1044 2089 1168 2154 Taddei
1193 2091 1336 2173 auditor,
1360 2099 1433 2176 post
1464 2111 1537 2154 eunt

653 2197 796 2261 medicus
819 2197 882 2261 luit
901 2197 1045 2282 insignis.
1063 2195 1127 2262 Hic
1150 2199 1278 2283 genitus
1296 2205 1345 2260 est
1360 2198 1536 2280 Florentia,

652 2311 746 2391 patre
761 2305 853 2369 Bono
869 2305 1016 2390 cyrusico
1033 2305 1185 2387 maximo,
1196 2313 1232 2368 ut
1248 2327 1347 2391 nepos
1363 2307 1434 2390 ejus
1451 2305 1536 2369 Tho-

653 2433 722 2476 mas
746 2420 779 2476 et
801 2412 879 2476 Diui
900 2413 985 2476 filius
1010 2413 1042 2476 in
1067 2433 1126 2476 sua
1155 2413 1287 2476 Summa
1317 2413 1432 2495 refert,
1458 2433 1534 2500 quc·

653 2521 756 2584 stione
780 2541 844 2607 qua
875 2521 997 2606 querit,
1021 2541 1064 2585 au
1097 2541 1214 2606 penam
1245 2521 1363 2584 sentiat
1395 2520 1536 2584 naturali

652 2637 770 2710 morte,
794 2628 854 2692 hoc
885 2635 934 2691 eat
964 2629 1098 2693 emerita
1127 2628 1295 2692 decedens.
1321 2627 1434 2692 Studio
1458 2649 1536 2692 vero

652 2733 798 2800 Bononie
823 2735 917 2800 datus
941 2743 999 2818 est,
1019 2736 1075 2800 ubi
1098 2742 1224 2799 tantum
1247 2736 1436 2800 liberalibus
1460 2736 1536 2801 arti·

654 2842 714 2908 bus
737 2843 950 2930 philosophie,
975 2843 1195 2929 mediciueque
1219 2843 1371 2907 doctrinis
1391 2844 1537 2926 invaluit,

653 2951 739 3037 quod
762 2951 954 3016 universalis
977 2951 1075 3016 studii
1094 2958 1169 3016 voto
1187 2952 1231 3015 ibi
1247 2952 1344 3015 luerit
1360 2952 1479 3016 ascitus
1496 2953 1536 3017 ad

652 3059 850 3123 cathedram.
875 3059 1019 3145 Cumque
1036 3059 1095 3124 sub
1111 3060 1235 3124 famoso
1252 3061 1379 3124 nomine
1397 3060 1452 3124 din
1469 3082 1536 3124 me-

652 3165 792 3231 dicinam
820 3167 864 3231 ibi
887 3167 1062 3249 docuisset,
1086 3167 1339 3231 Bononiensium
1369 3167 1535 3232 doctorum

651 3273 773 3338 invidia
796 3295 872 3360 sepe
888 3275 1066 3356 lacessitus,
1084 3274 1270 3358 indignatus
1291 3282 1340 3338 est
1363 3275 1534 3340 vehemen-

651 3387 711 3446 ter.
729 3381 874 3467 Cumque
898 3403 956 3468 per
979 3403 1034 3446 eos
1057 3381 1125 3445 dies
1148 3381 1317 3464 Senenses,
1334 3382 1429 3446 solita
1444 3382 1535 3446 vani·

653 3496 731 3570 tate,
749 3489 900 3574 generale
919 3488 1067 3552 Studium
1083 3488 1203 3553 habere
1220 3489 1417 3572 molirentur,
1436 3489 1537 3554 Seuas

654 3599 786 3662 recessit
809 3597 923 3678 Diuus,
939 3596 1048 3684 ibique
1064 3597 1192 3683 publice
1209 3597 1317 3661 docuit
1333 3597 1535 3662 medicinam.

653 3705 762 3790 Atque
786 3727 858 3770 cum
882 3707 990 3791 sepius
1014 3713 1046 3768 et
1070 3705 1227 3769 instanter
1249 3705 1408 3790 precibus,
1426 3726 1536 3770 muue-

652 3814 805 3900 ribusquo
840 3835 860 3877 a
896 3812 1156 3878 Bononiensibus
1189 3821 1405 3900 repeteretur,
1429 3813 1535 3878 redire

651 3921 833 3985 Bononiam
857 3922 1041 3986 nullatenus
1065 3921 1218 4007 aquievit.
1242 3921 1306 3986 IIic
1326 3923 1456 4006 juvenis
1479 3923 1535 3986 ad·

650 4028 713 4093 huc
748 4049 846 4114 super
876 4030 971 4093 tertia
1002 4035 1034 4092 et
1065 4035 1181 4114 quarta
1215 4035 1306 4114 parte
1338 4051 1395 4093 seu
1431 4031 1533 4115 quinti

650 4135 791 4202 Canonis
814 4136 980 4201 Avicenne
1001 4136 1219 4222 expositiones
1236 4138 1424 4224 conscripsit
1439 4138 1534 4203 utiles

650 4251 682 4309 et
706 4245 840 4308 subtiles
871 4251 937 4308 tam
971 4245 1005 4309 in
1032 4245 1176 4331 practica
1200 4267 1297 4332 quam
1328 4247 1359 4310 iu
1391 4247 1535 4312 theorica

650 4353 797 4439 cyrngie,
823 4373 884 4438 que
908 4352 940 4415 in
964 4352 1077 4417 studiis
1105 4353 1275 4418 ordinariis
1306 4355 1536 4439 magistraliter

649 4460 871 4546 perleguntur,
889 4481 961 4523 cum
980 4480 1053 4523 eam
1072 4461 1141 4544 jam
1165 4459 1348 4546 grandevus
1374 4461 1467 4526 Senis
1490 4463 1534 4526 le-

649 4576 750 4653 geret.
776 4566 907 4652 Rogata
929 4567 1064 4632 Roberti
1090 4568 1177 4652 regis
1209 4567 1316 4632 Sicilie
1346 4577 1380 4633 et
1402 4570 1534 4635 Jerusa-

649 4675 713 4738 lem
737 4675 864 4761 scripsit
894 4695 991 4760 euper
1021 4680 1138 4761 quarta
1167 4675 1263 4760 primi
1287 4675 1427 4741 Cononis
1451 4678 1530 4742 Avi-

649 4803 749 4847 cenne
776 4804 856 4868 opus
886 4782 1137 4868 pulcherrImnm
1162 4789 1194 4846 et
1217 4784 1373 4847 acuminis
1402 4785 1530 4870 magui,

570 4901 574 4910 '
648 4890 732 4976 quod
746 4889 1006 4954 dilucidatorium
1018 4890 1116 4954 totius
1128 4891 1268 4977 practice
1282 4891 1438 4956 medicine
1452 4913 1532 4956 nun·

647 4997 788 5085 cupavit.
807 4997 910 5083 Super
932 4998 1036 5084 primo
1059 4998 1225 5062 Avieeuue
1249 4998 1381 5084 insuper
1404 5000 1532 5086 scripsit

647 5113 679 5171 et
702 5127 800 5192 super
824 5105 970 5170 Oenones
994 5106 1100 5192 princi,
1122 5112 1154 5169 et
1177 5127 1274 5192 super
1295 5105 1378 5170 libro
1402 5105 1531 5172 Galieui

646 5215 683 5279 de
706 5215 826 5278 mulitia
859 5215 1074 5298 complexionis
1095 5213 1229 5296 diverse,
1257 5221 1289 5277 et
1320 5236 1416 5300 super
1447 5215 1529 5281 libro

645 5321 819 5409 Ypooratis
850 5323 888 5386 dc
916 5329 1033 5386 actura
1061 5321 1152 5404 fetas.
1185 5321 1401 5407 Quamplures
1432 5324 1530 5387 etiam

646 5437 803 5522 tractatus
835 5437 867 5493 et
897 5429 1081 5515 questiones
1111 5429 1290 5515 composuit
1321 5428 1353 5492 in
1389 5430 1529 5515 philoso-

646 5537 723 5624 phia
747 5536 970 5623 medicinaque
994 5535 1239 5618 determinatas,
1264 5557 1325 5621 que
1349 5537 1528 5602 faciliorem

645 5651 677 5708 et
706 5644 889 5708 uberiorem
923 5643 1094 5707 redderent
1127 5642 1339 5728 disciplinam.
1364 5643 1397 5707 Is
1432 5644 1529 5708 etiarn

645 5751 874 5816 commentarit
896 5751 1064 5836 vulgarem
1089 5751 1283 5814 cantilenam
1307 5751 1464 5816 Gnidouis
1488 5752 1528 5816 de

645 5858 897 5924 Oaralcantibus
913 5858 1084 5940 florentini,
1102 5879 1164 5943 que
1181 5858 1220 5921 de
1245 5859 1329 5922 notis
1349 5860 1526 5942 occasione,

642 5973 770 6048 natura,
794 5966 1001 6052 moribusque
1032 5966 1151 6030 amoris
1182 5964 1324 6051 cupidini
1358 5967 1527 6030 servientis

644 6073 825 6137 rationibus
860 6074 1001 6160 physicis
1033 6079 1065 6137 et
1096 6073 1271 6138 moralibus
1304 6074 1463 6137 succincte
1495 6081 1528 6138 et

642 6181 833 6246 mirabiliter
856 6182 1097 6245 demonstravit.
1116 6181 1186 6255 Que
1211 6182 1318 6244 omnia
1342 6203 1399 6267 per
1415 6183 1463 6244 sui
1481 6181 1527 6245 di-

641 6291 799 6377 guitatem
823 6289 944 6354 Diuum
972 6288 1131 6354 famosum
1155 6289 1291 6375 posteris
1314 6289 1526 6354 tradiderunt.

703 6525 744 6590 (l)
763 6525 807 6574 An
826 6538 944 6590 sperant.

1407 634 1734 685 MONUMEN'I'ORUM

1607 788 1684 854 Fuit
1707 791 1756 854 vir
1780 791 1857 874 iste,
1882 799 1918 856 ut
1942 791 1982 856 ab
2006 792 2069 856 illis
2093 792 2245 877 quicum
2269 799 2484 876 coguoverunt

1607 898 1727 982 audivi,
1751 906 1840 964 tante
1864 901 2128 965 considerationis
2159 899 2304 987 adeoque
2329 900 2484 965 abstracte

1606 1013 1731 1090 nature,
1749 1013 1784 1071 ut
1806 1029 1942 1094 persepe
1966 1009 2139 1094 consopitis
2159 1008 2373 1074 exterioribus
2389 1009 2483 1072 seusi-

1606 1113 1676 1198 bus,
1693 1115 1787 1200 quasi
1807 1117 1966 1181 extaticus
1990 1138 2086 1202 super
2110 1139 2144 1180 se
2167 1117 2341 1181 ascendere
2365 1117 2483 1183 videre-

1605 1227 1667 1286 tur.
1692 1222 1912 1288 Consueverat
1936 1224 2093 1310 siquidem
2113 1225 2145 1288 in
2162 1224 2285 1289 foribus
2301 1225 2414 1288 domus
2431 1247 2482 1292 suo

1605 1337 1691 1394 stare
1726 1331 1926 1417 frequenter,
1955 1353 2105 1418 genuque
2140 1333 2233 1418 gravi
2268 1335 2481 1418 superposito,

1605 1439 1697 1521 qnasi
1729 1459 1901 1524 puerorum
1931 1439 2008 1504 ludo
2045 1440 2180 1503 calcaris
2211 1439 2371 1504 radiatam
2399 1463 2482 1526 sper-

1604 1566 1679 1608 nam
1693 1545 1732 1610 (t)
1748 1547 1849 1630 digito
1873 1547 1904 1612 iu
1928 1547 2034 1632 girum
2058 1547 2258 1612 velocissime
2283 1549 2424 1632 agitare;
2441 1550 2482 1614 ita

1603 1661 1639 1716 ut
1664 1653 1770 1718 auimo
1794 1661 1880 1718 totus
1903 1677 1973 1719 esse
1994 1655 2072 1719 alibi
2088 1663 2266 1742 putaretur.
2283 1655 2410 1741 Ingenii
2426 1657 2483 1721 fnit

1602 1761 1770 1826 cultissimi
1793 1769 1825 1826 et
1848 1762 2116 1850 perspicacissimi
2148 1765 2323 1846 acuminis,
2348 1765 2413 1828 vite
2428 1767 2481 1849 lor·

1602 1878 1687 1952 uate,
1704 1871 1809 1934 cultus
1831 1871 2054 1957 philosophici,
2072 1871 2128 1936 sed
2153 1871 2293 1936 affabilis
2317 1880 2349 1936 at
2373 1873 2480 1940 hilaris

1600 1977 1634 2042 iu
1657 1979 1875 2063 egrotantium
1898 1978 2095 2061 visitatione,
2120 1979 2202 2042 alias
2226 2001 2357 2044 severus
2381 1989 2413 2045 et
2435 2003 2481 2046 sc-

1601 2086 1680 2149 creti
1703 2085 1863 2171 expetitor
1886 2092 1918 2149 et
1941 2086 2045 2150 cultor
2061 2087 2128 2167 otii,
2146 2107 2240 2151 carus
2256 2095 2363 2151 tamen
2381 2090 2479 2154 ornai-

1600 2191 1661 2256 bus
1684 2199 1716 2256 et
1739 2201 1899 2280 acceptus.
1924 2193 1988 2258 Hie
2012 2193 2185 2258 admodum
2205 2215 2306 2258 senex
2322 2195 2482 2262 Florentia

1601 2299 1679 2364 obiit
1702 2306 1734 2364 et
1757 2300 1789 2364 in
1813 2301 1949 2365 ecclesia
1971 2299 2133 2366 Iliuorum
2157 2302 2244 2366 claro
2267 2303 2415 2366 conditus
2436 2312 2482 2369 est

1600 2415 1820 2472 monumenta.

1663 2515 1742 2603 Cap.
1766 2515 1858 2580 XIV.
1883 2515 1933 2580 De
1968 2517 2156 2582 Turrisiauo
2188 2517 2306 2602 insigni
2338 2519 2480 2604 physico,

1600 2631 1813 2708 cognomento
1837 2624 2007 2710 plusquam
2032 2632 2276 2690 commentator.

1663 2730 1742 2817 (lap.
1759 2730 1832 2794 XV.
1850 2730 1900 2794 Da
1924 2731 2098 2796 Thomasio
2122 2731 2200 2796 Diui
2223 2733 2263 2796 de
2287 2733 2397 2798 Garbe
2419 2735 2482 2799 tilio

1601 2845 1653 2903 etc.

1664 3053 1742 3140 Gap.
1766 3051 1859 3117 XVI.
1883 3053 1933 3118 De
1957 3053 2126 3118 Brunetto.

1759 3215 1809 3280 De
1832 3215 1990 3282 Brunetto
2013 3217 2131 3284 Latino
2155 3220 2326 3284 rhetorico.

1663 3378 1704 3442 Ia
1728 3380 1852 3444 exordio
1874 3381 1995 3446 uidetur
2017 3401 2054 3445 ec
2067 3383 2171 3466 positu
2187 3385 2315 3447 ciuitatis
2331 3392 2357 3448 et
2372 3394 2483 3450 castro

1600 3511 1672 3553 rum
1696 3511 1731 3554 ac
1748 3491 1949 3575 planetarum
1972 3491 2094 3574 influxu
2115 3495 2175 3556 cim
2189 3493 2427 3575 florentinorum
2443 3497 2484 3560 ad

1599 3605 1805 3662 aceruatarum
1829 3607 1855 3662 et
1877 3599 1920 3662 ad
1942 3600 2142 3684 eloquentiam
2157 3623 2193 3664 ac
2206 3604 2318 3685 poesim
2341 3613 2482 3688 repetere.

1599 3703 1650 3769 na
1679 3714 1781 3770 nalem
1812 3714 1903 3790 caput
1935 3706 2068 3770 absoluit.
2092 3707 2231 3794 Jamque
2262 3730 2344 3794 pene
2382 3733 2483 3775 senex

1599 3812 1678 3876 mire
1714 3812 1924 3898 celeriterque
1955 3813 2108 3897 gallicum
2139 3815 2309 3900 perdidicit
2344 3817 2483 3902 idioma,

1598 3928 1697 4006 utque
1721 3923 1847 4007 maguis
1871 3928 1903 3984 et
1919 3921 2129 3986 nobilioribus
2145 3923 2223 3986 viris
2239 3924 2324 3988 illius
2341 3926 2484 4010 regionis

1599 4027 1820 4114 applauderet,
1839 4027 2091 4114 pulcherrimum
2114 4035 2147 4092 et
2170 4029 2282 4094 utilem
2306 4031 2425 4096 librum
2451 4034 2483 4096 in

1598 4135 1766 4199 rethoricis
1789 4134 1890 4199 edidit
1912 4134 2031 4220 gallica
2053 4135 2184 4222 lingua,
2207 4138 2238 4200 in
2262 4159 2325 4223 qua
2354 4161 2482 4204 ornnem

1598 4243 1724 4307 dicendi
1747 4251 1849 4307 artem
1873 4243 2123 4326 accuratissime,
2141 4244 2351 4331 ordinateque
2368 4269 2484 4312 secuu-

1598 4351 1675 4415 dum
1698 4351 1873 4438 practicam
1890 4351 2061 4434 congessit,
2079 4372 2174 4437 quem
2203 4351 2401 4418 Thasouram
2427 4377 2482 4442 ap·

1597 4458 1741 4546 pellavit.
1759 4458 1849 4544 Opus
1872 4477 1950 4521 sane
1974 4459 2203 4542 gratissimum,
2221 4468 2253 4523 et
2273 4461 2399 4526 urbane
2416 4465 2483 4549 ple·

1598 4588 1675 4630 num
1698 4566 1879 4651 eloquentie
1903 4571 1936 4629 et
1958 4564 2044 4650 quod
2064 4585 2162 4650 penes
2179 4566 2291 4632 Gallos
2308 4589 2430 4656 magno
2450 4571 2483 4636 iu

1596 4673 1699 4762 pretio
1723 4681 1782 4738 est.

1658 4782 1737 4868 (lap.
1761 4780 1872 4844 XVII.
1895 4779 1946 4844 De
1969 4780 2080 4846 Bruuo
2104 4781 2213 4847 Casini
2237 4783 2412 4850 rhetorico.

1658 4889 1737 4975 Cap.
1760 4887 1889 4953 XVIII.
1913 4887 2058 4954 Prefatio
2083 4888 2124 4952 ad
2148 4888 2362 4977 Scmipoetas.

1659 4999 1813 5086 Superest
1835 4999 2009 5065 admodum
2033 5007 2085 5064 etc.

1658 5108 1736 5194 Cap.
1749 5107 1842 5172 XIX.
1856 5108 1905 5172 De
1922 5107 2112 5171 Hauricetto
2128 5107 2305 5194 semipoeta
2321 5110 2482 5196 elegiaco.

1656 5214 1735 5300 Cap.
1751 5215 1826 5278 XX.
1844 5215 1894 5279 De
1914 5214 2088 5280 Francisco
2112 5214 2152 5279 de
2175 5214 2359 5282 Barbarino
2386 5219 2483 5282 semi·

1594 5329 1701 5410 poeta.

1655 5430 1733 5518 Cap.
1756 5430 1851 5494 XXI.
1875 5429 1925 5494 De
1949 5429 2118 5494 Bonifacio
2145 5431 2270 5496 chrto
2299 5434 2483 5520 semipoeta

1593 5538 1690 5602 hilari
1713 5545 1745 5602 et
1768 5538 1896 5602 festivo.
2119 5558 2122 5564 ·

1655 5647 1734 5732 Cap.
1756 5646 1867 5710 XXII.
1891 5645 1941 5710 De
1958 5643 2106 5710 Gnidone
2124 5645 2319 5712 Cavalcante
2337 5650 2484 5734 philoso-

1592 5756 1656 5842 pho
1680 5763 1712 5818 et
1736 5755 1924 5839 semipoeta.

1655 5862 1734 5948 Cap.
1757 5860 1887 5925 XXIII.
1923 5861 1973 5925 De
2008 5860 2156 5926 Guidone
2191 5861 2324 5928 Bonatti
2359 5865 2483 5928 illustri

1591 5971 1765 6056 astrologo.
2099 6022 2102 6027 .

1654 6077 1732 6162 Cap.
1748 6075 1874 6141 XXIV.
1900 6075 1949 6140 De
1973 6075 2077 6140 Paulo
2094 6076 2291 6162 Bagometro
2307 6087 2484 6163 geometra

1592 6191 1624 6250 et
1648 6185 1821 6269 astrologo.

1655 6292 1733 6378 Cap.
1750 6291 1857 6356 XXV.
1882 6290 1932 6355 De
1955 6291 2118 6377 plerisque
2138 6292 2268 6356 musicis
2283 6293 2482 6376 florentinis,
