5484 7746
813 661 1044 713 SPECTANTIA
1072 664 1124 714 AD
1152 665 1407 716 Pnosnssonus
1435 668 1644 718 MEDICINAE

1206 1065 1251 1129 ΙΙ.

1067 1296 1166 1378 1204,
1190 1296 1233 1359 28
1256 1297 1389 1361 octobris.
1507 1249 1512 1261 Ι

353 1521 405 1586 Ex
429 1522 540 1587 eodem
565 1524 697 1588 archivo
722 1525 824 1589 sancti
848 1525 984 1590 Joannis
1009 1525 1040 1588 in
1065 1525 1185 1608 Monte,
1209 1550 1294 1592 nuno
1318 1530 1350 1592 in
1374 1529 1473 1594 Arch.
1497 1529 1587 1594 Max.
1612 1531 1707 1614 bon,
1731 1540 1808 1596 sect.
1831 1557 1846 1590 ‹
1868 1533 2052 1598 Demorriala
2076 1558 2106 1616 »,
2158 1580 2160 1584 -

866 1701 868 1706 ,
958 1655 1045 1697 num.
1070 1615 1140 1730 5325„
1164 1634 1219 1697 lib.
1244 1635 1323 1718 XL,
1348 1636 1418 1700 doc.
1443 1639 1495 1700 39.

409 1881 431 1962 †
450 1880 489 1943 In
513 1881 641 1944 nomine
665 1888 775 1945 sancte
792 1888 825 1945 et
840 1882 1005 1946 individue
1022 1883 1200 1946 Trinitatis.
1216 1884 1313 1948 Anno
1330 1885 1461 1950 Domini
1478 1886 1579 1950 nostri
1595 1886 1674 1951 Jesu
1692 1887 1811 1952 Christi
1830 1889 2000 1954 millesimo
2017 1891 2135 1954 ducan-

320 1988 433 2052 tesimo
458 1995 590 2073 quarto,
614 1988 703 2052 nullo
727 1989 920 2074 imperatore
944 1989 977 2052 in
1001 1990 1112 2053 Ytalia
1135 1999 1309 2075 regnante,
1335 1993 1445 2076 quinto
1477 1993 1634 2058 kalendas
1666 1995 1867 2078 novembris,
1891 1996 2064 2061 indictione
2088 2018 2135 2062 se·

319 2095 430 2180 ptima.
455 2095 536 2160 Cum
559 2095 714 2180 magister
734 2096 877 2161 «lacobus
902 2097 940 2160 de
964 2097 1156 2160 Brettcuoro
1175 2118 1362 2163 consecrare
1380 2099 1456 2163 lecit
1471 2101 1573 2164 altare
1590 2101 1676 2164 beati
1693 2101 1861 2166 Michaelis
1878 2103 2134 2188 arohaognelilll

320 2211 352 2266 et
373 2203 460 2268 beati
484 2203 607 2266 Thome
631 2203 771 2266 martiris
788 2212 820 2267 et
843 2204 1011 2288 pontilicis,
1035 2204 1175 2289 positum
1199 2205 1232 2268 in
1255 2205 1405 2291 paradiso
1430 2207 1563 2271 ccclesia
1587 2209 1691 2272 sancti
1705 2208 1842 2273 Joannis
1859 2211 1892 2274 in
1907 2210 2028 2294 Monte,
2046 2233 2064 2276 a
2081 2212 2135 2275 do·

320 2313 405 2376 mino
430 2310 575 2375 Gerardo
599 2317 709 2374 sancte
734 2310 939 2374 bononiensis
963 2310 1107 2375 Ecclesia
1131 2312 1292 2397 episcopo,
1310 2313 1342 2376 in
1366 2335 1430 2398 qua
1447 2316 1686 2380 consecratione
1702 2316 1806 2380 dictus
1822 2319 1976 2402 magister
1992 2318 2134 2383 Jacobus

318 2441 376 2506 pro
400 2418 588 2482 remissione
612 2417 753 2480 omnium
778 2439 909 2481 suorum
932 2426 1137 2503 peccatorum
1161 2425 1193 2482 et
1217 2441 1275 2504 pro
1299 2420 1407 2484 anima
1431 2421 1532 2506 patris
1549 2429 1581 2484 et
1597 2423 1708 2486 matris
1730 2445 1785 2487 suc
1803 2424 1940 2488 dottavit
1955 2425 2134 2511 predictum

319 2527 431 2607 altare,
448 2526 575 2588 niueam
596 2545 688 2587 suam
711 2524 750 2587 de
775 2523 953 2607 Castilloni,
971 2546 1067 2610 quam
1091 2525 1190 2589 habet
1210 2527 1307 2609 juxta
1330 2527 1458 2590 vineam
1481 2528 1635 2592 heredum
1651 2529 1792 2615 Pippini,
1809 2538 1841 2594 et
1856 2532 1984 2594 vineam
2001 2531 2133 2598 ecclesie

318 2638 427 2696 sancte
452 2631 553 2694 Maria
577 2631 608 2694 iu
634 2629 770 2712 Solario,
788 2631 896 2695 tittulo
920 2631 1003 2696 dotis
1027 2632 1114 2695 dedit
1138 2632 1244 2696 donno
1270 2633 1415 2697 Gerardo
1436 2635 1535 2720 priorj
1557 2636 1691 2700 ecclesie
1708 2637 1812 2700 sancti
1827 2637 1966 2702 Victoris
1984 2647 2015 2702 ct
2031 2640 2134 2703 sancti

316 2740 338 2804 J
341 2739 453 2804 oannis
478 2741 509 2802 in
534 2739 654 2821 Monte,
671 2738 838 2825 recipienti
860 2741 1081 2824 procuratorio
1106 2740 1234 2804 nomine
1259 2763 1316 2827 pro
1340 2742 1484 2828 predicto
1501 2743 1614 2825 altare,
1630 2744 1676 2806 ita
1693 2745 1788 2829 quod,
1805 2753 1878 2830 post
1895 2747 2015 2809 obitum
2033 2748 2133 2832 ipsius

317 2846 338 2910 J
341 2846 443 2928 acobi,
462 2867 538 2908 usus
555 2845 717 2909 fructuum
734 2847 834 2931 ipsius
855 2847 948 2911 vinee
966 2869 1092 2933 semper
1107 2856 1296 2934 permaneat
1312 2869 1370 2934 pro
1387 2849 1625 2913 nranutenendo
1642 2849 1802 2914 laborario
1819 2851 1965 2935 ejusdem
1981 2852 2133 2937 paradisi,

313 2956 364 3038 jta
387 2952 473 3039 quod
496 2952 613 3037 aliquis
636 2952 731 3016 Prior
754 2953 806 3016 vel
830 2955 1019 3036 canonicus,
1045 2955 1099 3040 qui
1121 2977 1179 3040 pro
1204 2963 1347 3040 tempore
1371 2955 1468 3018 fuerit
1500 2956 1531 3018 in
1564 2957 1716 3040 predictis
1748 2959 1910 3040 ecclesiis,
1935 2980 1998 3022 non
2026 2960 2135 3023 valeat

317 3061 455 3125 vendere
478 3059 530 3124 rel
555 3060 697 3124 alienare
722 3060 901 3145 predictam
924 3061 1052 3124 vineam
1077 3062 1142 3126 ullo
1166 3063 1271 3144 modo,
1289 3084 1393 3148 neque
1418 3062 1555 3146 dejure,
1573 3085 1676 3149 neque
1694 3063 1733 3128 de
1749 3064 1847 3148 facto,
1871 3065 1956 3150 quod
1980 3067 2006 3129 si
2023 3075 2135 3131 contra

315 3169 436 3232 facturn
468 3167 582 3249 fuerit,
607 3166 741 3252 quilibet
765 3167 803 3231 do
827 3168 972 3253 predicta
1000 3169 1136 3232 ecclesia
1167 3170 1268 3254 possit
1299 3170 1476 3255 predictam
1507 3170 1635 3234 vineam
1667 3171 1838 3236 vendicare
1870 3173 1911 3236 ab
1943 3173 2029 3236 omni
2060 3196 2132 3259 pos·

316 3297 450 3357 sessore,
475 3274 564 3338 nulla
588 3275 712 3338 ratione
736 3275 894 3357 obstante,
917 3276 962 3338 ita
986 3267 1504 3363 quodsenperpernraneatp1·o
1529 3278 1688 3342 laborario
1710 3280 1779 3363 jam
1804 3279 1879 3343 dicti
1902 3281 2045 3366 paradisi
2066 3303 2133 3344 ma·

316 3382 519 3465 nutenend03
543 3382 626 3445 hano
650 3389 760 3445 autem
784 3383 891 3446 dotem
914 3391 946 3446 et
970 3383 1133 3447 dationem
1154 3385 1224 3466 jam
1247 3385 1365 3448 dictam
1393 3384 1541 3448 dominus
1574 3385 1738 3449 Gerardus
1770 3387 1950 3472 episcopus,
1975 3410 2132 3454 consensu

314 3511 443 3555 suorum
467 3489 629 3572 Fratrum,
655 3490 711 3574 qui
733 3490 778 3552 ibi
802 3498 904 3572 erant,
922 3490 1068 3554 laudavit
1091 3497 1123 3554 ct
1145 3491 1304 3573 firmavit3
1322 3499 1354 3555 et
1371 3491 1483 3554 statuit
1507 3491 1593 3576 quod
1617 3493 1734 3578 aliquis
1757 3493 1861 3576 Prior,
1878 3496 1931 3558 nel
1948 3496 2131 3579 canonieus,

313 3604 369 3661 aut
393 3597 537 3678 clericus,
563 3597 630 3660 sire
655 3597 766 3679 laicus,
786 3597 838 3682 qui
863 3619 921 3682 pro
945 3604 1089 3683 tempore
1114 3597 1210 3661 fuerit
1234 3598 1266 3661 in
1290 3598 1442 3683 predictis
1464 3599 1618 3682 ecclesiis,
1636 3601 1846 3686 prescriptam
1870 3602 1998 3665 vineam
2023 3603 2141 3688 aliquo

313 3706 407 3770 modo
441 3705 583 3768 alienare
615 3706 859 3791 presumpserit,
884 3727 903 3769 a
934 3727 1058 3770 summo
1090 3706 1160 3769 Deo
1189 3707 1400 3792 omnipotenti
1422 3707 1472 3804 ¹sit
1503 3707 1710 3791 maledictus,
1734 3709 1829 3773 sicuti
1860 3709 1920 3773 fuit
1943 3709 2075 3774 Dathan
2100 3718 2131 3775 ct

198 3892 202 3900 Ι
312 3814 458 3895 Abirom,
483 3834 563 3897 quos
587 3820 675 3875 terra
699 3813 790 3876 vivos
813 3811 994 3897 deglutivit,
1019 3821 1051 3878 et
1075 3813 1206 3899 insuper
1230 3814 1445 3877 anathematis
1469 3814 1597 3878 vinculo
1623 3814 1767 3880 feriatur.

400 3921 649 3985 Prenominatus
673 3920 828 4005 magister
851 3921 1004 4004 lacobus,
1022 3928 1171 4008 utsupra
1195 3923 1323 4006 legitur,
1341 3923 1480 3986 scribere
1503 3924 1640 4008 rogavit,
1658 3931 1782 3989 retento
1799 3925 1860 3989 sibi
1876 3925 2131 4012 usufructuprc-

312 4029 395 4093 dicte
420 4029 512 4091 vinee
536 4027 638 4092 donec
662 4027 789 4091 vixerit.

400 4135 557 4199 Dominus
582 4134 753 4216 Henricus,
771 4142 881 4198 sancte
905 4135 1111 4200 bononiensis
1132 4135 1276 4200 Ecclesia
1294 4136 1549 4221 archidiaconus,
1567 4138 1725 4224 presbiter
1743 4137 1899 4222 Algisius,
1917 4146 1949 4202 et
1972 4139 2130 4225 presbiter

311 4242 435 4324 dudex,
460 4249 492 4304 et
515 4241 720 4325 Bonaguisa,
745 4248 777 4304 et
801 4241 955 4326 magister·
979 4241 1067 4326 Odo,
1092 4251 1124 4306 et
1147 4243 1232 4306 filius
1256 4244 1371 4308 Albani
1395 4244 1433 4308 dc
1458 4245 1606 4327 Musillo,
1631 4252 1664 4309 et
1693 4244 1853 4329 Ugolinus
1885 4245 2074 4328 Barufaldi,
2097 4254 2130 4309 et

311 4348 472 4433 Ugolinus
495 4347 715 4430 Lambertini,
740 4349 886 4412 canonici
917 4350 1020 4413 sancti
1050 4349 1157 4432 Petri,
1183 4357 1215 4413 et
1238 4352 1396 4436 presbiter
1419 4351 1587 4434 Andreas,
1611 4351 1798 4438 capellanus
1823 4352 1943 4416 domini
1967 4352 2127 4438 episcopj,

312 4463 344 4519 et
366 4455 482 4519 Petrus
506 4455 545 4518 de
570 4455 700 4518 Poaolo.

400 4562 558 4626 Dominus
589 4562 782 4648 Lupicinus,
814 4563 969 4648 magister
998 4563 1157 4628 Banerius
1189 4571 1350 4648 murator,
1375 4567 1541 4651 magister·
1560 4565 1733 4649 Bellonus,
1757 4565 1947 4630 Leonardus
1975 4567 2127 4630 firmanus

310 4670 466 4752 notarius,
484 4668 634 4733 Matheus
659 4669 833 4752 Corvolini,
849 4670 965 4734 Petrus
990 4671 1140 4734 miniator
1156 4679 1188 4735 et
1205 4673 1358 4755 notarius,
1376 4679 1408 4736 et
1424 4673 1596 4737 Tebaldini
1611 4673 1775 4759 scriptoris
1788 4673 1837 4756 (2),
1855 4679 1887 4737 et
1903 4695 1998 4759 quam
2019 4674 2128 4760 plures

311 4777 365 4841 alii
390 4777 464 4840 huic
488 4776 722 4840 consecrationi
746 4783 778 4839 et
801 4777 967 4842 donationi
990 4785 1022 4841 et
1045 4778 1281 4842 confirmationi
1304 4779 1529 4862 interfuerunt,
1547 4787 1579 4844 et
1602 4781 1698 4864 hujus
1722 4781 1769 4844 rei
1792 4787 1889 4844 testes
1914 4781 2018 4865 rogati
2043 4788 2126 4845 sunt.

398 4884 525 4948 Actum·
542 4883 628 4969 apud
651 4884 821 4947 ecclesiam
845 4887 948 4949 sancti
975 4885 1111 4950 Joannis
1142 4886 1174 4949 in
1211 4886 1321 4951 Monta
1355 4887 1388 4950 in
1420 4888 1571 4973 paradiso
1603 4888 1749 4972 ejusdem
1777 4887 1932 4970 ecclesie,
1957 4888 2129 4952 indictione

309 4990 454 5077 predicta
478 4998 612 5073 octava;
628 4997 661 5053 et
677 4990 738 5055 hoc
761 4990 944 5077 specialiter
967 4998 1075 5056 actum
1099 4999 1157 5075 est,
1175 4993 1260 5078 quod
1277 4993 1392 5057 aulivis
1409 4995 1585 5080 prescripta
1601 4995 1694 5058 vinee
1711 5015 1827 5080 scnper
1842 5001 2053 5080 permaneant
2069 5017 2127 5081 pro

309 5098 481 5162 luminaria
505 5097 616 5160 altaris
639 5097 727 5161 bauti
749 5097 918 5162 Michaelis
941 5099 1110 5184 archangli
1119 5099 1168 5163 (3).

398 5203 470 5288 Ego
494 5203 719 5286 Wuilielmus,
745 5204 828 5268 sacri
851 5204 964 5290 palatii
988 5206 1143 5288 notarius,
1168 5205 1243 5270 huic
1266 5207 1499 5272 consecrationi
1522 5214 1555 5270 et
1577 5207 1743 5272 donationi
1767 5216 1799 5271 et
1822 5207 2055 5272 confirmationi
2079 5207 2126 5270 in·

309 5312 416 5394 terfui,
441 5319 483 5393 et,
508 5317 543 5374 ut
566 5311 713 5396 superius
737 5310 866 5396 legitur,
892 5312 1082 5382 auctoritate
1107 5319 1139 5377 et
1161 5313 1315 5378 mandato
1339 5314 1460 5379 domini
1484 5314 1622 5380 Gerardi
1646 5315 1797 5401 episcopi,
1822 5314 2007 5400 subscripsi.

396 5418 553 5482 Preterea
577 5417 659 5482 dixit
682 5418 837 5503 magister
860 5418 1021 5510 Jacobus,
1043 5420 1128 5506 quod
1151 5421 1206 5484 ille
1230 5421 1285 5506 qui
1308 5421 1458 5486 habuerit
1481 5423 1692 5508 prescriptam
1715 5423 1843 5486 vineam
1867 5443 1983 5508 senper
2010 5421 2127 5486 debeat

309 5523 386 5588 dare
409 5546 468 5611 pro
492 5524 666 5588 refectione
689 5525 840 5588 Fratrum
864 5547 895 5589 v.
919 5526 1027 5591 soldos
1043 5527 1286 5592 bononenorum
1302 5529 1335 5592 in
1351 5529 1572 5594 anniversario
1588 5530 1689 5615 ipsius
1704 5528 1821 5593 Jaoobi
1836 5551 1894 5615 pro
1911 5529 2019 5593 anima
2042 5529 2127 5613 ejus·
2150 5578 2151 5581 ,

308 5631 382 5696 dem
405 5632 531 5714 Jacobi,
555 5638 628 5718 post
651 5638 786 5696 mortem
811 5633 966 5717 ejusdem.

303 5861 307 5870 '
396 5843 542 5928 [laria]
564 5845 632 5910 Dos
657 5846 768 5910 altaris
792 5847 895 5910 sancti
917 5847 1095 5912 Michaelis.

388 6503 424 6567 (1,
445 6505 460 6554 a
480 6505 508 6555 et
527 6503 554 6568 a)
574 6502 631 6554 sac..
