5490 7750
567 618 642 690 104
1350 639 1590 690 uounnsurn

561 793 618 878 [et]
634 795 766 859 Domini
782 796 882 860 nostri
898 795 1018 861 domini
1034 794 1202 860 Benedicti
1219 793 1327 858 divina
1343 793 1546 879 providentia
1562 815 1645 880 pape
1661 793 1740 859 XII.
1754 816 1838 859 anno
1856 804 1980 880 quarto.
1994 796 2117 863 Eadem
2134 800 2185 864 119
2202 799 2305 866 119199
2323 803 2378 868 do·

561 902 667 966 minus
689 902 834 967 notarius
855 904 984 968 nuntius
1000 903 1179 968 intraverat
1202 903 1366 966 civitatem
1388 901 1629 984 bononiensem,
1646 902 1701 965 ubi
1719 901 1780 966 fuit
1796 903 1970 968 honorifice
1991 906 2181 972 recollectus
2202 931 2260 994 per
2275 911 2379 976 domi·

559 1028 636 1073 num
664 1008 832 1075 Thadeum
861 1011 1042 1098 predictum
1065 1018 1098 1075 ct
1120 1010 1201 1074 alios
1225 1011 1310 1074 91999
1335 1015 1366 1072 91
1390 1008 1553 1073 scholares
1574 1009 1799 1091 bononienses,
1824 1018 1858 1074 et
1881 1032 1954 1076 cum
1977 1013 2063 1078 dicto
2088 1014 2217 1081 domino
2242 1017 2376 1084 Thadeo

559 1137 696 1202 pransus
720 1118 828 1183 extitit
850 1119 883 1183 in
906 1119 1027 1206 palatio
1052 1117 1238 1183 Communis
1262 1116 1401 1181 civitatis
1425 1115 1579 1202 predicte,
1597 1116 1683 1201 quod
1698 1117 1860 1182 inhabitat
1875 1117 2022 1184 dominus
2044 1121 2196 1188 Thadeus
2212 1126 2376 1211 prefatus:

559 1223 610 1288 die
627 1225 764 1310 veneris,
780 1227 885 1312 prima
901 1227 1019 1291 mensis
1033 1225 1177 1310 januarii
1193 1225 1268 1288 anni
1292 1223 1438 1310 predicti,
1464 1223 1567 1288 dictus
1591 1222 1738 1288 dominus
1762 1227 1906 1290 notarius
1930 1230 2061 1292 nuntius
2083 1231 2225 1296 existens
2242 1234 2377 1299 indicto

557 1331 678 1417 palatio
699 1333 741 1396 ad
756 1334 958 1398 vocationem
978 1333 1055 1397 dicti
1071 1333 1191 1397 domini
1211 1331 1345 1415 Thadei,
1363 1330 1419 1395 ubi
1434 1331 1528 1395 multi
1543 1331 1629 1394 cives
1645 1331 1858 1396 bononienses
1875 1332 1942 1397 fere
1960 1336 2131 1422 sexaginta
2150 1361 2292 1423 numero,
2312 1363 2377 1406 uno

557 1459 630 1502 cum
646 1438 775 1506 domino
800 1441 932 1507 Thadeo
955 1441 1110 1528 predicto,
1127 1439 1256 1504 domino
1279 1439 1383 1504 Paulo
1408 1438 1447 1502 de
1471 1437 1640 1522 Liazarijs,
1659 1437 1788 1504 domino
1812 1439 2034 1526 Maccagnano
2058 1445 2098 1509 de
2121 1446 2318 1533 Arzoguidis
2343 1458 2376 1515 ct

557 1545 686 1611 domino
702 1547 800 1613 Petro
824 1549 864 1613 dc
886 1549 1071 1636 Bonipetris
1095 1555 1188 1612 erant
1211 1546 1410 1632 congregati,
1436 1544 1519 1608 dixit
1540 1553 1574 1609 et
1598 1546 1757 1631 exposuit,
1783 1547 1942 1632 quomodo
1966 1549 2070 1614 dictus
2094 1552 2241 1618 dominus
2266 1565 2376 1622 noster

556 1653 649 1741 Papa
671 1656 804 1721 miserat
827 1678 900 1722 eum
924 1655 963 1721 de
986 1656 1119 1722 consilio
1143 1654 1394 1720 reverendorum
1417 1660 1546 1740 patrum
1561 1653 1764 1718 dominorum
1780 1653 2001 1720 Oardinalium
2018 1667 2128 1724 sancte
2144 1661 2290 1728 Romane
2312 1664 2374 1730 Ec-

557 1761 653 1826 clesie
670 1763 808 1828 fratrum
822 1786 953 1829 suorum
970 1764 1011 1828 ad
1028 1764 1202 1846 civitatem,
1216 1762 1403 1827 comitatum
1419 1767 1451 1824 et
1468 1760 1648 1824 districtum
1664 1760 1824 1847 predictos
1842 1784 1900 1849 pro
1917 1766 2118 1850 eoruplsudo,
2131 1769 2326 1855 perficiendo
2343 1783 2375 1840 et

557 1871 807 1936 consummando
835 1895 891 1954 ea,
916 1895 978 1960 qne
1002 1873 1172 1938 commissa
1196 1878 1288 1936 erant
1312 1869 1416 1934 eidem
1440 1868 1646 1954 superfacto
1670 1870 1957 1955 reconciliationis,
1982 1876 2168 1960 concordie,
2194 1879 2262 1944 sive
2285 1883 2374 1967 pacis

556 1978 666 2044 habite
690 1981 773 2045 iuter
793 1981 957 2046 dominum
979 1981 1114 2067 Papam,
1131 1987 1164 2045 et
1186 1979 1331 2044 dominos
1349 1976 1537 2042 Oardinales
1561 1975 1723 2062 predictos
1747 1999 1789 2042 ex
1805 1986 1896 2064 parte
1914 2002 1988 2065 nna,
2006 2003 2044 2047 ac
2060 1983 2206 2052 dominos
2223 1987 2373 2072 Paulum,

556 2085 793 2154 Macanhanum
807 2087 845 2152 (1)
862 2095 894 2153 91
915 2088 1049 2152 Petrum
1072 2087 1243 2173 predictos,
1262 2085 1510 2150 ambassiatores
1531 2090 1563 2148 91
1587 2085 1725 2166 9991199,
1743 2106 1780 2148 99
1804 2087 1995 2172 magistrum
2017 2088 2202 2157 Rolandum
2226 2094 2265 2160 de
2288 2096 2374 2162 Fau-

556 2194 650 2260 tuciis
673 2192 829 2260 sindicnm
846 2203 878 2260 91
898 2196 1069 2261 9191199919
1092 2195 1222 2259 nomine
1246 2192 1433 2274 communis,
1450 2191 1669 2256 universitatis
1685 2199 1717 2256 et
1732 2194 1843 2279 populi
1859 2194 2009 2279 civitatis,
2027 2199 2197 2264 comitatus
2214 2209 2246 2266 et
2264 2203 2372 2268 distri·

556 2307 625 2366 ctus
641 2302 867 2388 predictorum,
881 2303 989 2368 dicens
1006 2311 1038 2368 et
1055 2323 1202 2366 asserens
1218 2299 1413 2366 consulendo
1431 2299 1595 2362 dominum
1612 2298 1790 2383 Thadeum,
1804 2300 1951 2367 dominos
1967 2303 2117 2390 Paulum,
2130 2306 2371 2376 Macanhanum

555 2414 587 2472 et
609 2408 754 2493 Petrum,
771 2432 809 2475 ac
832 2411 912 2476 alios
937 2412 1022 2476 cives
1038 2410 1209 2497 predictos,
1227 2408 1297 2494 quis
1314 2407 1427 2471 modus
1444 2406 1568 2488 melior,
1585 2407 1709 2470 cantior
1724 2413 1757 2470 et
1773 2409 1933 2474 salubrior
1949 2419 2034 2476 esset
2050 2415 2207 2480 tenendus
2224 2438 2281 2502 per
2297 2439 2372 2482 eum

553 2517 587 2581 in
609 2517 804 2603 perficiendo
828 2527 860 2584 91
884 2518 1073 2606 complendo
1096 2525 1128 2582 et
1152 2515 1402 2581 consummando
1427 2536 1475 2596 ea,
1500 2535 1562 2599 que
1587 2515 1647 2579 sibi
1671 2515 1842 2580 commissa
1865 2525 1958 2582 erant
1981 2541 2039 2604 per
2062 2521 2182 2586 dictum
2203 2523 2368 2590 dominum

555 2631 698 2688 nostrum
721 2625 848 2713 Papam
864 2626 903 2692 19
920 2626 1053 2691 99991119
1077 2624 1279 2690 dominorum
1303 2621 1522 2687 Cardinalium
1546 2621 1772 2708 predictorum,
1790 2630 1885 2709 prout
1901 2625 1933 2688 in
1950 2626 2052 2692 literis
2068 2631 2251 2715 apostolicis
2273 2653 2371 2718 super

555 2731 615 2797 hoc
638 2733 808 2818 confectis,
832 2734 871 2798 19
896 2734 1011 2820 quibus
1035 2739 1185 2819 poteraut
1208 2739 1240 2796 et
1263 2730 1424 2795 debebant
1448 2729 1524 2794 dieti
1547 2728 1667 2792 domini
1695 2728 1846 2794 Thadeus
1877 2739 1910 2795 et
1941 2734 2204 2820 ambassiatores,
2229 2739 2371 2804 sindicus

548 2842 689 2907 9191999
716 2843 836 2907 habere
860 2843 989 2928 plenam
1013 2841 1177 2922 notitiam,
1201 2839 1393 2903 continetur.
1417 2836 1460 2900 Et
1490 2843 1565 2900 tune
1597 2836 1700 2900 dictus
1729 2837 1876 2902 dominus
1901 2839 2063 2925 Thadeus,
2090 2844 2218 2909 nomine
2249 2869 2307 2912 suo
2335 2855 2367 2913 et

548 2950 706 3015 dictorum
729 2950 998 3015 ambassiatorum
1021 2955 1053 3013 et
1075 2948 1194 3012 civium
1218 2946 1336 3010 ibidem
1360 2944 1500 3008 indicto
1523 2944 1645 3030 9919119
1669 2946 1877 3029 presentium,
1902 2955 1938 3012 ut
1962 2950 2119 3034 asseruit,
2145 2952 2227 3017 dixit
2256 2959 2288 3018 et
2321 2977 2370 3020 re·

547 3058 676 3145 spondit
704 3057 790 3143 9991
820 3058 939 3140 multa,
964 3078 1026 3142 999
1049 3055 1117 3120 fere
1141 3054 1353 3141 impossibilia
1376 3052 1446 3116 fieri
1469 3073 1563 3138 posse
1588 3052 1790 3135 videbantur,
1815 3054 2063 3120 continebantur
2085 3057 2118 3121 in
2142 3059 2235 3126 dictis
2264 3062 2366 3126 literis

547 3165 632 3230 dicto
656 3165 785 3232 domino
809 3165 934 3231 notario
958 3164 1145 3244 commissis,
1162 3169 1197 3227 ut
1221 3161 1396 3244 asserebat,
1414 3158 1609 3224 nominando
1637 3180 1694 3223 999
1717 3161 1928 3246 exprimendo
1953 3162 2010 3228 illa
2034 3165 2366 3252 19199991999,9119-

545 3273 621 3338 licet
637 3273 796 3360 quomodo
811 3273 880 3359 ipse
897 3272 1045 3338 dominus
1068 3271 1221 3335 Thadeus
1245 3275 1315 3332 erat
1338 3268 1459 3331 electus
1484 3265 1684 3330 concorditer
1707 3287 1766 3352 per
1789 3266 1966 3332 Commune
1991 3277 2023 3334 91
2046 3273 2201 3358 populum
2225 3276 2365 3341 civitatis

546 3380 753 3446 bononiensis
776 3387 933 3468 perpetuo
956 3380 997 3444 ad
1020 3380 1120 3443 vitam
1144 3399 1237 3442 suam
1259 3378 1292 3440 19
1308 3375 1575 3441 09999999199999
1599 3373 1738 3438 civitatis
1762 3374 1917 3460 predicte,
1935 3384 1966 3440 91
1988 3379 2073 3464 9991
2097 3380 2282 3446 19199119919
2307 3406 2367 3448 999

546 3496 616 3554 9991
640 3489 821 3554 omnimode
845 3489 878 3552 in
901 3487 1015 3552 eodem
1038 3487 1141 3551 officio
1164 3505 1313 3567 manere,
1337 3484 1446 3549 919999
1471 3489 1503 3546 91
1526 3488 1612 3546 91999
1637 3503 1738 3567 99999
1763 3481 1804 3546 91
1827 3489 1963 3548 mortam
1987 3507 2096 3570 suam,
2121 3495 2154 3552 91
2185 3490 2270 3575 quod
2291 3491 2361 3575 jam

546 3619 648 3682 equus
671 3603 798 3662 tanturn
821 3603 896 3661 ante
918 3601 1129 3682 processerat,
1151 3593 1237 3679 quod
1259 3613 1322 3657 non
1346 3596 1473 3677 9919991
1496 3590 1640 3672 retroire,
1657 3597 1689 3653 91
1712 3590 1797 3675 9991
1822 3591 1853 3653 19
1878 3591 1971 3656 119119
1994 3592 2096 3658 1119919
2120 3597 2258 3681 quedam
2277 3599 2366 3662 elau·

546 3705 617 3769 sula
640 3705 872 3785 contineretur,
897 3725 994 3790 quam
1016 3701 1235 3788 serpentinam
1258 3699 1401 3780 vocavit,
1426 3697 1576 3761 videlicet
1599 3696 1684 3781 quod
1708 3718 1766 3782 pro
1791 3699 1935 3782 quolibet
1961 3703 2114 3784 articulo,
2139 3725 2197 3768 999
2221 3707 2362 3791 99911919

545 3812 578 3876 19
602 3812 694 3877 119119
718 3813 820 3876 1119919
844 3818 994 3876 99919919
1017 3831 1082 3874 999
1105 3807 1264 3872 99999919
1288 3807 1378 3871 illum
1397 3825 1456 3891 pro
1472 3811 1627 3890 tempore,
1644 3804 1696 3868 vel
1713 3812 1824 3870 contra
1841 3827 1915 3870 eum
1931 3807 2078 3874 faciendo
2095 3832 2152 3896 per
2169 3811 2363 3896 Commune,

545 3941 602 3985 seu
625 3921 780 4006 populum
803 3918 996 4006 prelibatos,
1021 3915 1252 3996 reinciderent,
1277 3935 1333 3978 sen
1358 3912 1571 3976 recidivarent
1595 3911 1627 3974 in
1658 3914 1835 3977 sententias
1868 3913 2023 3979 hactenus
2054 3916 2138 3981 latas
2171 3926 2202 3983 et
2234 3919 2363 3985 habitas

544 4034 657 4092 contra
680 4049 734 4092 eos
757 4048 816 4113 per
839 4025 1003 4090 dominum
1026 4024 1153 4109 Papam
1178 4021 1369 4109 predictum.

633 4135 717 4198 Item
740 4134 839 4216 dixit,
864 4133 949 4218 quod
972 4133 1004 4195 in
1028 4131 1121 4195 119119
1144 4129 1245 4193 1119919
1269 4128 1466 4210 continetur,
1491 4125 1579 4212 quod
1601 4126 1727 4192 banniti
1759 4149 1816 4192 seu
1843 4130 1970 4216 expulsi
1995 4131 2034 4196 de
2059 4132 2188 4197 civitate
2217 4135 2361 4220 predicta

544 4243 668 4329 possint
690 4243 723 4305 in
746 4262 825 4328 pace
850 4240 954 4305 redire
978 4237 1019 4303 ad
1042 4239 1206 4303 civitatem
1221 4243 1255 4300 91
1277 4235 1362 4300 bona
1385 4256 1444 4299 sua
1467 4256 1668 4320 recuperare,
1687 4242 1719 4298 et
1740 4236 1835 4320 quod,
1852 4236 1928 4301 licet
1943 4237 2019 4302 dicti
2036 4240 2165 4325 expulsi
2181 4250 2362 4306 assererent

544 4341 1828 4427 99999999991191191991911919,99119991)9191199119119110999999919
1860 4350 1892 4408 et
1925 4344 2005 4408 alias
2036 4345 2069 4408 in
2100 4368 2179 4432 pace
2215 4369 2363 4431 manere,

545 4456 668 4522 sciebat
689 4463 797 4521 tamen
821 4477 879 4542 pro
904 4460 1001 4536 certo,
1024 4453 1109 4539 quod
1133 4473 1230 4537 quam
1253 4451 1315 4515 cito
1339 4449 1400 4535 ipsi
1424 4449 1552 4535 expulsi
1575 4456 1682 4513 essent
1705 4450 1738 4513 in
1763 4448 1848 4514 11919
1868 4451 2008 4534 91911919,
2026 4461 2236 4539 procurarent
2258 4463 2360 4538 nocte,

543 4570 575 4628 et
599 4563 650 4628 119
673 4564 749 4627 19119
772 4563 894 4627 viribus
916 4561 1002 4648 quod
1024 4567 1155 4647 possent
1178 4558 1342 4644 expellere
1366 4556 1405 4620 de
1430 4557 1516 4620 dicta
1533 4557 1663 4620 civitate
1680 4557 1760 4620 alios
1777 4558 1873 4640 cives,
1891 4559 1946 4644 qui
1961 4559 2074 4624 volunt
2090 4561 2222 4646 pacifico
2238 4563 2362 4646 919999,

543 4692 623 4757 9999
646 4671 742 4735 iidem
766 4670 893 4757 expulsi
915 4669 1026 4734 dicunt
1048 4688 1103 4733 eos
1127 4666 1290 4751 expulisse
1314 4665 1353 4730 de
1377 4665 1507 4729 civitate
1539 4663 1701 4750 predicta,
1726 4671 1758 4728 91
1782 4665 1867 4749 9991
1891 4667 1971 4730 nihil
1994 4667 2120 4733 dulcius
2144 4669 2195 4734 vel
2220 4669 2359 4734 delecta·

543 4778 639 4842 bilius
663 4785 733 4842 erat
755 4777 877 4842 homini
900 4776 982 4841 sicut
1005 4774 1180 4838 vindictam
1203 4794 1329 4837 sumere
1352 4772 1391 4836 de
1415 4771 1541 4855 injuriis
1569 4778 1602 4835 et
1625 4771 1699 4856 alijs
1722 4773 1815 4836 malis
1837 4773 2361 4860 9111119119,919119999111911,

542 4906 606 4950 non
629 4891 699 4950 erat
722 4884 821 4968 aliud,
846 4883 908 4948 nisi
930 4882 1017 4969 quod
1040 4882 1189 4947 continuo
1213 4880 1396 4945 occiderent
1418 4901 1453 4944 se
1477 4879 1689 4961 adinvicem,
1714 4886 1746 4944 et
1771 4881 1869 4944 etiam
1893 4881 2102 4947 trucidarent.

631 4992 714 5058 Item
738 4992 837 5075 dixit,
861 4991 947 5078 quod
977 4989 1172 5054 reverendus
1200 4995 1291 5074 pater
1315 4986 1462 5052 dominus
1486 4985 1644 5052 Ostiensis
1669 4985 1744 5052 olim
1768 4987 1799 5050 in
1823 4987 1972 5053 Bononia
1996 4989 2123 5074 legatus
2147 4991 2303 5076 querebat
2328 5001 2360 5058 91

538 5101 671 5186 9919191
693 5099 947 5165 satisfactionem
970 5097 1161 5178 multorum,
1187 5117 1249 5181 que
1273 5095 1335 5159 sibi
1358 5095 1468 5159 ablata
1491 5093 1591 5158 fuisse
1615 5115 1674 5180 per
1697 5095 1783 5158 91999
1807 5095 1891 5160 11919
1916 5096 2055 5161 civitatis
2079 5097 2225 5180 dicebat,
2250 5105 2358 5166 tamen

539 5207 626 5272 dicta
649 5207 751 5289 bona,
775 5214 810 5271 ut
832 5206 918 5272 idem
941 5205 1089 5270 dominus
1114 5203 1265 5267 Thadens
1289 5202 1472 5284 asserebat,
1496 5200 1629 5266 fuerant
1658 5202 1786 5288 pignori
1818 5202 1962 5288 obligata
1994 5203 2186 5290 quibusdam
2210 5205 2249 5270 de
2273 5205 2360 5271 dicta

538 5314 669 5380 91911919
692 5337 750 5402 999
774 5314 861 5378 mille
886 5313 1069 5399 quingentis
1092 5311 1231 5392 florenis,
1257 5309 1357 5373 91919
1381 5329 1445 5372 non
1469 5317 1538 5373 erat
1562 5308 1601 5374 de
1626 5309 1689 5373 illis
1712 5309 1889 5374 satisfactio
1913 5311 2072 5395 facienda,
2089 5312 2186 5377 immo
2214 5313 2242 5378 si
2257 5314 2359 5396 fieret,

538 5429 648 5508 posset
670 5422 777 5508 potins
800 5421 942 5486 extorsio
965 5419 1045 5503 dioi;
1069 5417 1289 5484 concludendo
1320 5424 1353 5480 et
1382 5415 1517 5482 dicendo
1548 5424 1739 5502 propterea,
1765 5418 1937 5503 quodnisi
1961 5419 2045 5483 dicte
2069 5420 2213 5485 clausule
2236 5427 2268 5484 et
2292 5422 2356 5486 alie

539 5527 650 5610 multe,
668 5549 748 5613 quas
763 5548 827 5592 non
844 5525 1056 5612 expresserit,
1072 5530 1149 5588 tunc
1165 5522 1402 5607 corrigerentur
1418 5543 1475 5586 sou
1499 5523 1746 5588 emendarentur
1771 5523 1822 5588 vel
1846 5524 2090 5590 moderarentur
2111 5549 2168 5612 per
2192 5527 2356 5592 dominum

542 5640 688 5698 nostrum
710 5633 845 5720 Papam,
862 5653 926 5697 non
946 5631 1157 5696 intendebant
1179 5630 1343 5717 perficere,
1361 5651 1419 5694 neo
1443 5631 1603 5716 complere
1620 5639 1771 5695 contenta
1787 5631 1820 5694 in
1837 5632 1938 5696 literis
1953 5633 2131 5719 prelibatis,
2149 5633 2358 5720 adjungendo

541 5740 640 5804 etiam
662 5739 749 5827 quod
772 5740 854 5806 dicte
879 5739 1023 5804 clausule
1047 5759 1110 5802 uon
1134 5745 1226 5802 erant
1249 5737 1283 5800 in
1306 5737 1399 5801 dictis
1423 5737 1524 5802 literis
1548 5738 1724 5802 secundum
1749 5738 1891 5824 capitula
1915 5741 2109 5805 concordata
2133 5742 2217 5806 inter
2240 5763 2305 5826 eos,
2327 5750 2359 5806 et

540 5847 686 5912 dominos
709 5848 834 5934 Papam
854 5854 886 5912 91
908 5845 1096 5911 cardinales
1119 5845 1297 5932 predictos;
1315 5844 1521 5908 nihilominus
1546 5852 1653 5909 tamen
1678 5847 1862 5931 requirebat
1885 5854 1918 5910 et
1941 5847 2077 5932 rogabat
2100 5848 2185 5913 idem
2209 5848 2356 5914 dominus

541 5955 693 6019 Thadens
715 5954 880 6019 dominnm
903 5954 1064 6019 notarium
1088 5952 1235 6016 nuntium
1258 5952 1469 6037 prelibatum,
1495 5953 1580 6037 quod
1603 5953 1672 6038 ipse
1695 5954 1747 6016 991
1771 5953 1935 6019 99199919
1959 5955 2001 6018 91
2025 5955 2147 6020 curiam
2172 5978 2356 6040 romanam,

539 6063 592 6126 vel
616 6061 771 6126 mittendo
794 6061 952 6142 nuntium,
969 6061 1022 6124 rel
1045 6060 1155 6123 literas
1179 6059 1220 6122 ad
1245 6058 1365 6122 dictum
1388 6059 1554 6124 dominum
1577 6067 1721 6124 nostrum
1745 6081 1864 6147 papam
1887 6062 2083 6148 supplicaret
2105 6069 2138 6127 et
2158 6071 2356 6149 procuraret,

540 6170 626 6256 quod
649 6169 792 6256 predicte
815 6168 958 6232 clausule
983 6168 1016 6231 in
1039 6167 1131 6231 dictis
1155 6166 1256 6230 literis
1281 6173 1429 6231 contente
1453 6189 1511 6253 per
1534 6167 1673 6232 eundem
1696 6167 1860 6233 dominum
1885 6168 2053 6233 Thadeum
2069 6176 2145 6233 tnnc
2161 6170 2355 6234 verbotenus

540 6283 739 6364 expressate,
764 6274 881 6340 etalio
906 6296 986 6361 9999
1009 6273 1213 6361 postmodum
1237 6280 1451 6360 expressaret,
1468 6275 1586 6361 corrigi
1610 6282 1641 6340 et
1665 6276 1838 6359 emendari,
1857 6298 1913 6340 seu
1938 6276 2097 6340 moderari
2122 6276 2277 6342 deberent
2299 6299 2357 6364 per

621 6509 660 6575 (1)
680 6507 732 6559 Sic.
