5484 7746
624 629 698 736 222
1410 652 1649 702 noanneane

621 809 653 868 et
676 804 803 868 salvum
826 803 859 868 in
883 825 979 868 avere
1003 813 1035 868 et
1059 825 1197 892 persona
1221 804 1400 870 conducere
1424 805 1466 870 ad
1490 805 1652 870 ciuitatem
1668 804 1814 870 Bononia
1837 827 1911 869 cum
1927 805 2076 870 omnibus
2092 805 2189 870 rebus
2205 806 2271 870 suis
2287 807 2437 890 ethonis,

620 909 854 996 suseipihentes
878 911 910 974 in
934 932 967 976 se
993 911 1172 998 expressim
1195 920 1226 975 et
1247 912 1437 976 nominatim
1452 911 1643 999 perieullum
1660 912 1807 976 incursus
1824 911 1965 976 hostium
1982 918 2014 976 et
2029 912 2202 994 latronum,
2219 920 2252 977 et
2267 913 2439 997 cujuslibet

620 1015 753 1082 alterins
777 1039 871 1082 casus
895 1018 950 1103 qui
974 1039 1165 1105 quocunque
1190 1019 1283 1084 modo
1308 1019 1494 1104 contingere
1519 1027 1637 1105 posset.
1654 1018 1810 1083 Volentes
1833 1040 1867 1083 sc
1892 1017 2041 1104 obligari,
2067 1025 2099 1083 et
2122 1039 2156 1084 sa
2180 1019 2372 1105 obligantes,
2397 1021 2438 1085 ad

620 1144 747 1188 omnem
764 1124 1042 1189 conservationem
1059 1124 1299 1212 indempnitatis
1316 1125 1461 1212 predicto
1482 1126 1638 1210 magistro
1656 1125 1789 1189 Thadeo
1805 1125 1866 1189 hoc
1889 1125 1987 1188 etiam
2011 1123 2131 1210 [pacto]
2156 1126 2240 1189 inter
2262 1147 2327 1208 eos,
2352 1126 2437 1211 quod

619 1229 723 1295 dietus
747 1231 902 1316 magister
926 1231 1078 1295 Thadeus
1104 1233 1192 1296 nullo
1216 1231 1310 1297 modo
1335 1232 1517 1297 detineatur
1541 1233 1679 1296 invictus
1703 1233 1734 1296 in
1760 1231 1891 1296 civitate
1915 1231 2050 1315 Mutine,
2068 1231 2153 1318 qnod
2172 1232 2273 1296 libere
2290 1240 2322 1297 et
2339 1255 2436 1320 expe·

617 1337 683 1402 dite
708 1338 812 1404 redire
837 1339 938 1424 possit
961 1339 1229 1426 quandocumque
1252 1341 1282 1405 ei
1305 1341 1473 1428 placuerit.
1497 1340 1540 1404 Et
1563 1340 1707 1426 predicta
1731 1339 1948 1425 promiserunt
1971 1361 2012 1403 ex
2036 1361 2074 1404 eo
2099 1339 2184 1425 quod
2208 1340 2311 1404 dictus
2336 1341 2435 1426 magi·

617 1451 684 1510 ster
706 1443 858 1510 Thadeus
881 1445 1095 1533 presentibus,
1120 1453 1151 1510 et
1176 1446 1328 1511 mandato
1355 1447 1588 1535 predictorum,
1611 1446 1815 1534 profecturus
1839 1455 1887 1510 est
1919 1446 1961 1511 ad
1989 1446 2153 1511 civitatem
2184 1447 2307 1511 Mutine
2338 1469 2436 1512 causa
2463 1427 2467 1438 ³

617 1552 752 1617 curandi
774 1551 954 1640 predictum
978 1553 1143 1618 dominum
1168 1553 1350 1618 Gerardum
1365 1553 1567 1640 Raugouem.
1585 1553 1656 1628 Quc
1677 1555 1784 1618 omnia
1800 1555 2016 1640 promiserant
2032 1553 2198 1618 attendere
2215 1561 2248 1618 et
2264 1555 2434 1619 observare

616 1659 676 1724 sub
701 1680 785 1746 pona
808 1659 896 1724 mille
918 1660 1075 1724 librarum
1095 1660 1311 1746 imperialium
1327 1662 1360 1726 in
1376 1660 1512 1746 singulis
1529 1661 1678 1748 capitulis
1695 1667 1807 1725 contra
1823 1660 1983 1747 predictos
2000 1682 2111 1725 omnes
2127 1668 2159 1724 et
2179 1661 2324 1746 singulos
2341 1662 2435 1726 comi-

616 1766 732 1849 tanda3
756 1775 789 1830 et
820 1767 1068 1832 nichilhominus
1097 1768 1130 1832 in
1154 1788 1227 1832 eum
1252 1789 1361 1832 casum
1385 1768 1417 1832 in
1442 1789 1505 1854 quo
1529 1767 1674 1854 predicta
1698 1789 1761 1832 uon
1786 1768 2013 1850 observarent,
2037 1768 2269 1854 promisserunt
2291 1769 2434 1854 predicto

617 1873 772 1960 magistro
796 1873 929 1938 Thadeo
953 1873 1041 1957 dare,
1058 1875 1183 1939 solvere
1207 1883 1239 1940 et
1263 1875 1455 1940 restituhere
1481 1875 1513 1938 in
1537 1875 1667 1940 civitate
1691 1875 1837 1940 Bononia
1861 1881 1893 1938 et
1916 1875 1948 1938 in
1972 1895 2173 1961 quocumque
2197 1875 2282 1958 loeo,
2299 1883 2386 1939 terra
2402 1883 2434 1940 et

616 1979 686 2046 foro
710 1987 742 2046 et
765 1987 918 2063 mercato,
935 1982 998 2045 tria
1019 1981 1121 2045 millia
1144 1981 1300 2046 librarum
1324 1983 1576 2064 bononenurum,
1595 2003 1692 2068 quam
1715 1983 1849 2068 pecunie
1870 1983 2083 2067 quantitatem
2100 1982 2239 2046 confessi
2254 1983 2384 2046 luerunt
2400 2005 2433 2048 se

616 2109 658 2154 ex
682 2109 780 2152 cause
803 2088 941 2176 depositi
964 2109 984 2152 a
1006 2089 1151 2174 predicto
1175 2089 1330 2174 magistro
1354 2088 1505 2153 habuisse
1535 2095 1567 2154 et
1597 2089 1756 2174 recepisse
1789 2109 1830 2152 ex
1858 2089 2070 2153 instrumento
2098 2089 2275 2154 Rolendini
2297 2090 2432 2154 Adriani

616 2195 743 2278 notarii,
762 2195 856 2260 hodie
880 2195 966 2260 facto
990 2195 1136 2260 Bononic
1160 2201 1235 2260 aute
1260 2195 1390 2260 domum
1414 2196 1536 2260 domini
1558 2195 1759 2260 Lambertini
1783 2195 1972 2281 Ramponis,
1989 2195 2099 2280 legum
2122 2195 2272 2260 doctoris.
2296 2196 2433 2260 Presen·

615 2302 701 2366 tibus
724 2301 810 2368 dicto
834 2301 963 2368 domino
988 2302 1216 2386 Lanrbertino,
1241 2303 1370 2368 domino
1394 2303 1574 2367 Thomaxio
1599 2302 1638 2366 de
1663 2302 1931 2384 Theneharariis,
1956 2303 2085 2366 domino
2109 2304 2264 2388 magistro
2287 2303 2432 2386 Nicolao,

615 2409 749 2492 medico,
766 2409 870 2474 Paulo
893 2408 1044 2474 Batiil'ori
1067 2417 1098 2474 ct
1122 2409 1200 2474 Neri
1225 2409 1367 2492 Galutio,
1385 2417 1417 2474 et
1441 2410 1571 2474 Simone
1594 2409 1730 2474 condam
1752 2409 1874 2474 domini
1889 2409 2032 2492 Martini,
2050 2411 2176 2492 notarii,
2194 2417 2226 2474 et
2241 2432 2292 2474 me
2314 2409 2433 2493 Zin[o]-

615 2514 751 2600 uotario,
775 2515 821 2580 sic
845 2515 921 2580 dicti
945 2517 1171 2581 contrahentes
1191 2525 1357 2604 presentes
1374 2517 1459 2581 dicto
1476 2517 1602 2580 noterio
1618 2516 1781 2598 dixerunt,
1798 2517 2010 2580 decreverunt
2026 2523 2058 2580 et
2074 2515 2170 2580 scribi
2186 2517 2431 2582 mandaverunt.

1499 2943 1542 3007 X.

1389 3195 1493 3278 1288,
1519 3196 1561 3257 13
1583 3196 1656 3258 trini.

818 3445 870 3510 Ex
893 3444 1008 3509 eodetu
1031 3445 1149 3526 Areh.;
1173 3443 1270 3508 Mem.
1293 3445 1459 3510 Francisci
1481 3445 1613 3528 Donati,
1639 3467 1691 3508 att.
1719 3448 1815 3526 1288,
1843 3447 1881 3508 13
1906 3445 1982 3528 mai,
2006 3466 2072 3508 car.
2092 3447 2154 3507 112
2179 3441 2223 3508 v.⁰

635 3697 836 3762 Instrumen·
897 3695 960 3760 Die
984 3696 1054 3780 xiij.
1079 3695 1179 3760 madii
1202 3695 1455 3780 [llcclxxxriijl

613 3813 681 3870 tunt
701 3825 837 3892 procare
897 3806 950 3879 a:
963 3803 1122 3868 Dominus
1145 3802 1321 3867 Veneticus
1344 3802 1480 3868 condem
1504 3802 1625 3866 domini
1647 3802 1776 3887 Albertj
1805 3803 1844 3866 de
1877 3801 2088 3866 Catanimicis
2116 3802 2156 3865 de
2180 3803 2304 3888 capella
2327 3803 2431 3867 sancti

614 3921 645 3977 et
670 3910 818 3998 depositi.
897 3911 1046 3976 Bartholi
1070 3911 1103 3974 in
1127 3911 1252 3998 palazo,
1268 3910 1480 3985 Cdominus
1502 3909 1720 3976 Anthoniolus
1744 3910 1880 3974 condam
1901 3909 2022 3974 domini
2046 3909 2184 3994 Gerardj
2209 3909 2248 3974 de
2272 3910 2429 3974 Gallnciis

899 4018 938 4084 dc
962 4018 1088 4105 capella
1112 4025 1223 4082 sancte
1245 4017 1348 4082 llarie
1370 4018 1536 4083 Rottunde
1559 4018 1598 4082 de
1630 4017 1789 4102 Gallucijs
1820 4019 1853 4081 in
1884 4017 2023 4081 solidum
2050 4019 2272 4103 promiserunt
2300 4018 2429 4083 domino

610 4127 767 4214 magistro
796 4127 929 4192 Thadeo
954 4126 1090 4191 condam
1114 4125 1234 4191 domini
1258 4125 1433 4207 Alderotti,
1455 4127 1508 4212 qui
1533 4125 1593 4190 fuit
1618 4125 1657 4190 de
1681 4126 1861 4208 Florentia,
1886 4126 1965 4188 artis
1989 4126 2076 4188 fisice
2099 4125 2274 4213 professorj
2299 4127 2428 4190 civitate

610 4234 758 4300 Bononie
782 4233 978 4315 comoranti,
1002 4233 1107 4320 ipsum
1135 4233 1314 4298 conducere
1338 4240 1370 4297 et
1394 4233 1530 4317 conducj
1553 4233 1661 4297 facere
1685 4255 1799 4296 sanum
1823 4240 1854 4296 et
1878 4240 1983 4296 tutum
2006 4233 2038 4296 in
2062 4253 2159 4296 arere
2179 4244 2212 4296 et
2234 4255 2372 4319 persona
2396 4235 2427 4298 in

610 4342 727 4423 eundo,
744 4340 908 4406 redeundo
924 4347 956 4404 et
977 4340 1092 4404 stando
1116 4341 1202 4404 outni
1225 4361 1336 4404 eorum
1357 4340 1499 4427 periculo
1517 4340 1731 4430 indempnem,
1748 4348 1779 4404 et
1796 4362 1906 4403 citrum
1923 4341 2085 4426 expensis,
2101 4361 2121 4402 a
2137 4341 2267 4404 civitate
2282 4341 2428 4405 Bononie

610 4471 712 4536 usqua
736 4449 778 4513 ad
801 4449 965 4514 civitatem
984 4448 1125 4519 Mutine:
1142 4457 1173 4512 et
1191 4448 1295 4534 ipsunt
1316 4447 1445 4513 omuino
1468 4447 1672 4533 indempnem
1696 4468 1888 4512 conservare
1912 4447 1954 4510 ab
1978 4448 2065 4510 omni
2088 4448 2232 4534 periculo
2256 4454 2287 4511 et
2311 4470 2428 4532 grara-

610 4555 696 4621 ntine
720 4555 806 4642 qaod
829 4555 934 4620 eidetn
958 4575 1160 4640 quocumque
1183 4575 1261 4620 casu
1283 4555 1429 4618 accidere
1453 4563 1572 4641 posset,
1589 4555 1749 4618 credendo
1772 4554 1961 4640 simpliciter
1980 4554 2020 4618 de
2041 4555 2129 4638 omnj
2153 4555 2293 4640 dampno
2317 4563 2349 4618 ct
2372 4578 2427 4641 pe·

610 4663 711 4728 riculo
735 4672 766 4728 et
790 4662 830 4728 de
853 4663 920 4726 suis
949 4661 1097 4726 omuibus
1128 4663 1225 4726 rebus
1257 4683 1319 4747 quc
1351 4662 1470 4726 dixerit
1499 4662 1604 4726 eidem
1627 4663 1752 4726 illatum
1776 4660 1894 4735 fuisse,
1918 4662 1971 4726 rel
1994 4662 2157 4744 amisisse,
2180 4683 2237 4725 seu
2260 4680 2426 4748 acceptum

610 4769 729 4852 fuisse,
753 4792 812 4835 suo
844 4768 929 4833 nudo
957 4777 989 4832 et
1020 4768 1158 4855 situplicj
1182 4769 1281 4832 verbo
1305 4769 1374 4833 sinc
1399 4769 1509 4854 aliquo
1532 4771 1653 4834 honere
1685 4771 1880 4854 sacramentj
1904 4770 1956 4833 rel
1986 4769 2120 4832 alterius
2151 4769 2371 4854 probacionis,
2395 4783 2427 4833 et

610 4879 732 4944 dictum
755 4899 850 4942 suum
873 4897 915 4940 ex
939 4897 1023 4940 nuuc
1046 4875 1257 4962 approbando
1273 4898 1331 4962 pro
1355 4876 1451 4961 plena
1476 4884 1507 4940 et
1530 4875 1673 4960 legitima
1699 4876 1904 4961 probacione.
1920 4875 1963 4939 Et
1983 4874 2161 4961 predictam
2184 4877 2427 4961 promissionem

610 4994 642 5050 el
665 4985 919 5070 obbligationem
943 4983 1088 5048 lecerunt
1112 5004 1154 5046 ex
1177 5003 1226 5064 eo,
1243 4983 1318 5068 quia
1342 4983 1447 5047 dictus
1471 4985 1625 5067 magister
1645 4982 1797 5047 Thadeus
1813 5005 1923 5046 eorum
1940 4983 2090 5069 precibus
2106 4999 2138 5046 et
2155 4982 2308 5046 mandato
2325 4985 2426 5047 iturus

609 5108 658 5158 est
683 5092 724 5156 ad
747 5093 910 5156 civitatem
936 5090 1059 5156 hlutiae
1082 5111 1180 5154 causa
1203 5090 1335 5174 ridendj
1359 5102 1391 5154 et
1415 5089 1550 5175 curandj
1573 5113 1632 5177 pro
1656 5112 1749 5177 posse
1773 5091 1914 5153 nobilem
1937 5091 2042 5152 tirum
2062 5090 2228 5154 domiuum
2245 5089 2425 5153 Gnidoncm

609 5200 649 5264 de
674 5197 877 5265 (ittitlonibus
901 5197 1100 5271 confitendo,
1125 5208 1157 5262 et
1188 5198 1291 5261 eciam
1322 5198 1501 5262 adserendo
1523 5199 1555 5261 in
1579 5198 1716 5262 solidum
1740 5198 1860 5261 habere
1885 5199 1916 5261 in
1941 5197 2121 5283 depositum
2146 5219 2165 5260 a
2188 5197 2274 5261 dicto
2297 5198 2425 5262 domino

609 5307 764 5392 magistro
789 5305 922 5371 Thadeo
944 5306 1006 5369 tria
1030 5304 1132 5369 millia
1155 5305 1312 5369 librarum
1334 5306 1594 5372 bononenarum:
1612 5327 1709 5391 quam
1733 5307 1868 5392 pecunie
1884 5307 2098 5390 quantitatem
2115 5306 2147 5368 in
2164 5305 2301 5368 solidum
2322 5305 2424 5369 eidem

609 5415 778 5480 restituere
802 5413 1017 5500 promiserant
1041 5413 1073 5476 in
1097 5413 1227 5477 civitate
1255 5412 1401 5476 Bortouie
1433 5422 1463 5477 et
1492 5413 1588 5481 alibi.
1613 5413 1789 5476 secundum
1813 5413 1899 5498 qaod
1921 5414 1984 5497 sihj
2008 5413 2166 5499 placuerit
2189 5413 2229 5476 ad
2255 5435 2347 5476 suam
2368 5434 2424 5478 ro·

607 5523 799 5610 lurtpiatem.

695 5648 748 5714 Ex
771 5649 983 5712 instrnrtteato
1007 5647 1184 5712 Rolandini
1207 5646 1344 5712 Adriani
1368 5647 1462 5710 hodie
1486 5647 1572 5710 iacto
1596 5647 1742 5710 Bonoaie
1766 5662 1841 5710 aute
1869 5663 1979 5732 portas
2007 5646 2085 5731 dictj
2117 5646 2240 5729 dominj
2263 5646 2423 5730 l'cneticj.

607 5757 810 5843 presentibus
833 5755 963 5820 dttnrino
986 5755 1122 5820 Alberto
1146 5755 1283 5819 Norello
1307 5754 1347 5818 de
1371 5754 1598 5835 Cazsnimicis,
1622 5754 1752 5818 domino
1775 5754 1915 5839 dampno
1938 5753 2089 5818 Johanne
2120 5754 2160 5817 de
2192 5753 2423 5823 Cazanimicis.

606 5864 876 5951 archipresbitero
900 5865 1004 5948 stactj
1029 5863 1183 5930 Anniani.
1208 5861 1307 5926 Nerio
1330 5861 1467 5924 condam
1491 5861 1611 5925 domini
1640 5861 1797 5946 Rayuerij
1822 5861 1974 5944 Gallucij.
1999 5861 2178 5924 Fctlericho
2203 5860 2353 5944 Syntanis
2376 5862 2424 5946 pi-

606 5973 711 6042 storis,
728 5971 858 6036 dantiae
881 5971 1006 6036 Jacalto
1030 5972 1069 6034 de
1093 5970 1281 6036 'l'ltchaldis
1299 5969 1435 6032 Alberto
1459 5969 1595 6032 condant
1618 5969 1739 6030 dandal
1763 5969 1960 6052 Cananirnicj
1977 5969 2017 6031 dc
2035 5968 2246 6032 Cazanimicis
2270 5984 2302 6030 et
2323 5968 2425 6031 an-

606 6081 691 6146 risco
714 6079 846 6149 Deitati,
863 6081 1001 6147 notario.
1018 6078 1164 6142 testibus.
1181 6077 1222 6140 Et
1248 6079 1293 6140 sic
1317 6076 1393 6140 dicti
1417 6077 1644 6140 coutmhentes
1669 6099 1731 6139 una
1757 6099 1829 6139 cunt
1849 6076 1935 6139 dicta
1957 6077 2083 6139 notario
2099 6076 2250 6139 diterttnt
2275 6093 2306 6138 ct
2328 6077 2424 6139 scribi

605 6188 762 6252 statuunt.
