5490 7750
806 634 1038 686 senosanam
1066 637 1117 685 aa
1145 635 1401 687 enonassonas
1429 636 1535 686 umus
1564 636 1697 688 omums
2080 618 2153 688 139

340 807 467 852 roncone
488 786 639 872 Ecclesia,
662 809 723 852 aon
749 810 800 853 ero
824 791 854 853 in
879 791 1000 854 consilio
1023 798 1078 854 ant
1101 811 1245 855 consensa
1270 792 1314 856 cel
1334 792 1416 874 facto
1439 792 1520 877 qnod
1542 794 1635 856 uitam
1652 793 1788 878 perdunt
1815 801 1871 857 aut
1897 793 2081 878 membrum,
2104 802 2160 859 aut

339 895 504 978 capiantur
526 896 610 958 mala
632 897 789 980 captione,·
810 897 983 979 consiliam,
999 897 1080 981 quod
1103 895 1179 960 milri
1201 897 1351 962 credituri
1373 905 1465 962 erunt
1482 919 1543 982 per
1564 919 1595 962 ae
1617 907 1672 963 ant
1693 921 1749 983 per
1771 897 2002 964 Nnaciosauos
2022 903 2082 965 sice
2098 923 2160 986 per

338 1001 453 1084 literas,
477 1001 520 1064 ad
542 1022 647 1066 eorum
670 1002 832 1086 damnum,
856 1023 904 1066 ma
925 1005 1044 1085 sciente,
1065 1005 1182 1067 nemini
1198 1003 1339 1088 pandam
1363 1011 1414 1068 etc.
1432 1027 1462 1068 ν.
1488 1002 1584 1086 Sane,
1601 1026 1674 1068 oum
1693 1004 1838 1090 prefatus
1858 1005 2039 1092 episcopus,
2055 1006 2159 1070 forma

338 1109 504 1174 literarum
529 1109 629 1194 ipsius
651 1108 888 1194 predecessoris
912 1109 974 1173 sibi
992 1109 1187 1173 directarum
1204 1131 1301 1195 super
1315 1109 1366 1173 his
1383 1111 1416 1173 in
1432 1110 1580 1174 omnibus
1597 1111 1779 1194 observata,
1796 1111 1854 1176 tibi
1870 1111 1991 1176 dictum
2008 1111 2157 1195 officium,

338 1216 531 1281 auctoritate
554 1215 700 1302 predicta
723 1216 854 1280 duxerit
877 1237 979 1302 usque
1003 1217 1045 1281 ad
1068 1216 1240 1281 triennium
1265 1217 1516 1300 concedendum,
1540 1218 1649 1304 itaque
1666 1218 1746 1282 illud
1762 1240 1781 1281 a
1797 1225 1829 1283 te
1845 1227 2031 1283 reverenter
2051 1239 2157 1283 susce·

337 1331 428 1410 ptum
452 1323 646 1406 exercueris,
663 1323 746 1387 sicut
769 1323 991 1406 intelliximus,
1007 1323 1145 1388 fideliter
1168 1331 1201 1388 et
1223 1323 1408 1411 prudenter,
1433 1346 1491 1389 nos
1514 1333 1681 1410 sperantes
1705 1325 1790 1412 quod
1807 1325 1840 1389 in
1856 1325 1969 1392 eodem
1989 1327 2157 1412 regimine,

338 1433 365 1496 si
389 1432 448 1496 tibi
471 1431 690 1496 committatur
713 1431 859 1513 ulterius,
876 1437 907 1494 te
931 1431 1148 1513 laudabiliter,
1165 1452 1238 1495 cum
1260 1431 1310 1495 vIr
1332 1432 1455 1517 peritus
1479 1439 1512 1496 et
1535 1433 1784 1519 circumspectus
1800 1433 1931 1517 existas,
1949 1433 2158 1520 imposterum

337 1560 450 1625 gerere
474 1538 515 1602 ad
539 1538 695 1602 honorem
717 1537 781 1602 Dei
804 1559 842 1602 ao
866 1544 1008 1602 nostrum
1034 1545 1066 1602 et
1089 1537 1234 1623 ejusdem
1257 1538 1403 1604 Ecclesia
1427 1559 1570 1603 necnon
1594 1540 1735 1626 quietem
1759 1547 1791 1604 et
1814 1562 1927 1626 pacem
1950 1541 2157 1605 bononiensis

336 1646 448 1733 populi
471 1645 670 1732 procurabis,
687 1645 746 1709 tibi
770 1645 891 1710 dictum
915 1645 1063 1727 officium,
1088 1644 1182 1710 modo
1206 1652 1238 1709 et
1261 1645 1365 1711 somna
1389 1647 1505 1731 quibus
1529 1645 1588 1710 tibi
1611 1668 1670 1732 per
1692 1647 1855 1732 prefatum
1879 1647 2065 1734 episcopum
2087 1647 2158 1712 uice

336 1776 375 1819 ac
399 1754 528 1818 nomine
552 1753 629 1817 dicti
652 1751 889 1838 predecessoris
913 1759 945 1816 et
968 1752 1112 1836 ejusdem
1135 1751 1281 1816 Ecclesia
1305 1773 1437 1817 romano
1461 1774 1657 1835 concessum,
1675 1760 1711 1816 nt
1730 1754 1901 1840 prefertur,
1918 1754 2072 1837 extitit‚a
2094 1755 2157 1820 fine

337 1861 413 1926 dicti
437 1860 567 1924 triennii
586 1861 656 1944 jam
679 1858 828 1923 instantis
852 1881 953 1945 usqne
978 1858 1019 1923 ad
1042 1867 1108 1923 tres
1132 1881 1233 1924 annos
1258 1881 1300 1923 ex
1322 1867 1399 1923 tuno
1423 1860 1573 1924 continuo
1601 1860 1843 1946 subsequentes,
1862 1862 2053 1926 auctoritate
2081 1883 2158 1948 apo·

335 1969 449 2033 stolica
472 1974 583 2032 tenore
607 1966 804 2053 presentium
829 1966 1043 2049 concedimus,
1068 1966 1127 2030 snb
1158 1967 1390 2031 retentionibus
1415 1974 1447 2030 et
1477 1967 1713 2032 conditionibus
1745 1967 1948 2054 supradictis.
1973 1968 2025 2033 Ita
2048 1976 2156 2034 tamen

336 2076 422 2162 quod
446 2082 620 2160 antequam
647 2073 833 2157 hujusmodi
865 2074 1004 2138 officium
1032 2095 1091 2159 pro
1121 2079 1265 2158 tempore
1297 2095 1360 2159 quo
1391 2073 1471 2137 illud
1501 2074 1560 2138 tibi
1592 2073 1630 2138 de
1662 2094 1745 2138 novo
1777 2075 1999 2159 concedimus,
2024 2076 2158 2162 incipias

335 2203 497 2264 exercere,
515 2187 571 2244 ant
595 2180 701 2245 eidem
724 2185 755 2244 te
779 2180 960 2244 immisceas
984 2180 1220 2266 quoquomodo,
1237 2180 1358 2244 dictum
1379 2182 1598 2265 juramentum
1622 2181 1786 2246 fidelitatis
1807 2183 1903 2267 juxta
1926 2183 2063 2247 formam
2085 2205 2157 2270 pre-

335 2291 467 2354 missam
490 2289 523 2352 in
548 2287 696 2352 manibus
720 2287 829 2352 dilecti
852 2287 910 2372 filij
935 2287 1084 2352 Rectoris
1109 2286 1334 2370 Romandiole,
1350 2288 1403 2352 uel
1419 2288 1551 2351 alterius
1568 2288 1610 2352 ab
1634 2310 1672 2353 eo
1696 2311 1792 2374 super
1815 2289 1876 2354 hoc
1899 2290 2083 2376 specialiter
2102 2290 2157 2355 de·

335 2395 481 2484 putandi,
498 2416 562 2459 non
586 2395 637 2458 sui
660 2395 784 2459 ratione
808 2394 904 2478 officij
929 2393 985 2458 sed
1009 2393 1201 2458 auctoritate
1225 2394 1412 2480 apostolica,
1430 2401 1539 2458 nostro
1563 2399 1595 2458 et
1617 2394 1762 2458 Ecclesia
1784 2417 1916 2460 romane
1933 2397 2060 2461 nomine
2076 2398 2156 2461 reci-

334 2504 462 2590 pientis,
486 2509 631 2590 prestare
656 2502 867 2588 corporaliter
890 2501 1047 2564 tenearis:
1072 2523 1169 2587 super
1200 2523 1264 2587 qua
1296 2501 1425 2586 quidem
1455 2501 1652 2587 prestatione
1685 2501 1797 2566 confici
1821 2503 1969 2566 volumus
1992 2503 2158 2590 publicum

335 2611 583 2674 instrumentum
606 2616 662 2673 tuo
686 2609 794 2693 sigillo
818 2608 991 2690 munitum,
1015 2607 1153 2671 formam
1176 2608 1254 2671 dicti
1275 2608 1452 2692 juramenti
1476 2615 1508 2672 et
1531 2615 1675 2672 tenorem
1706 2610 1904 2695 presentium
1928 2609 1968 2674 de
1992 2612 2090 2676 verbo
2115 2612 2156 2675 ad

335 2717 471 2781 verbum
494 2717 673 2798 continens,
690 2715 777 2800 quod
799 2714 892 2779 nobis
916 2714 1001 2778 infra
1026 2714 1242 2800 quadraginta
1265 2715 1391 2779 dierum
1414 2715 1555 2800 spatium
1571 2722 1644 2800 post
1660 2715 1805 2800 ejusdem
1821 2717 2052 2802 prestationem
2066 2720 2157 2803 jura·

334 2823 435 2889 menti
457 2845 515 2910 per
538 2823 705 2909 proprium
728 2821 881 2887 nuncium
903 2821 1066 2887 destinare
1082 2843 1245 2907 procures.
1262 2822 1387 2887 Rursus
1404 2822 1480 2907 quia
1496 2822 1664 2906 desiderijs
1682 2829 1830 2909 optamus
1846 2823 1979 2888 intensis
1995 2825 2156 2911 Populum

334 2931 486 3013 civitatis,
511 2931 681 2995 comitatus
705 2936 738 2993 et
760 2929 924 2993 districtus
947 2929 1175 3015 predictorum,
1198 2929 1288 2993 velut
1311 2936 1495 2994 nostrorum
1518 2937 1549 2994 et
1572 2929 1716 2994 Ecclesia
1740 2937 1916 2995 memorate
1945 2932 2155 3017 peculiarem,

334 3039 368 3103 in
391 3039 480 3103 cultu
502 3038 591 3124 pacis
615 3044 647 3101 et
667 3037 792 3121 justitie
817 3037 876 3101 sub
901 3037 1018 3100 nostris
1042 3043 1075 3100 et
1097 3037 1197 3123 ipsius
1221 3036 1365 3102 Ecclesia
1389 3037 1543 3101 fidelitate
1567 3045 1599 3100 et
1623 3037 1816 3120 obedientia,
1833 3059 1892 3102 nec
1915 3060 1979 3102 non
2003 3039 2156 3104 ecclesias

334 3153 366 3211 et
389 3167 545 3232 personas
569 3144 803 3209 ecclesiasticas
826 3144 976 3226 civitatis,
994 3144 1164 3208 comitatus
1188 3150 1220 3207 et
1243 3143 1406 3208 districtus
1429 3144 1647 3229 predictorum
1670 3145 1702 3208 in
1727 3145 1792 3208 suis
1813 3145 1941 3229 juribus
1969 3153 2001 3209 et
2024 3146 2156 3210 liberta·

333 3255 420 3319 tibus
448 3253 629 3335 confoveri,
655 3251 880 3316 discretionem
904 3259 993 3316 tuam
1016 3252 1170 3316 attentius
1195 3252 1414 3334 exhortamur,
1438 3252 1560 3338 tibique
1590 3252 1780 3315 mandamus
1811 3273 1963 3338 expresse
1997 3261 2155 3338 quatenus

334 3370 370 3426 ut
388 3361 471 3425 votis
500 3360 617 3424 nostris
642 3360 675 3422 in
698 3360 760 3424 hac
782 3367 886 3445 parte,
910 3358 1111 3444 suffragante
1135 3359 1245 3423 divina
1269 3361 1385 3444 gratia,
1403 3359 1549 3440 satisfiat,
1567 3359 1612 3424 sic
1636 3359 1721 3423 circa
1744 3360 1804 3424 hec
1827 3359 2004 3445 prudenter
2027 3369 2059 3424 et
2082 3383 2155 3447 pro·

333 3469 407 3534 vide
431 3467 582 3532 studiosis
606 3473 639 3531 et
661 3467 810 3531 fidelibus
834 3467 1103 3532 sollicitudinibus
1124 3468 1281 3549 elabores,
1299 3469 1384 3553 quod
1400 3475 1529 3554 praeter
1546 3468 1695 3553 perennis
1712 3468 1868 3532 mercedis
1885 3469 2053 3554 premium,
2071 3470 2155 3554 quod

333 3577 407 3641 inde
432 3575 549 3639 mereri
571 3575 703 3661 poteris,
727 3582 871 3639 nostram
895 3581 927 3638 et
951 3575 1043 3639 Sedis
1067 3575 1212 3660 ejusdem
1237 3576 1376 3661 gratiam
1399 3575 1458 3639 tibi
1482 3575 1632 3639 vendices
1657 3597 1719 3639 non
1743 3575 1885 3661 indigne.

420 3683 543 3747 Datum
566 3681 732 3764 Arinioni,
757 3689 872 3767 quarto
897 3682 968 3745 idus
990 3682 1076 3766 julij,
1101 3682 1305 3768 pontificatus
1329 3683 1430 3747 nostri
1454 3703 1538 3746 anno
1562 3681 1689 3768 primo(
1707 3682 1728 3747 l.

977 3969 1509 3978 ———.——--—-

802 4203 898 4295 DE
941 4199 1313 4296 THADAEO
1358 4203 1681 4296 PEPULO.

649 4449 861 4507 APPENDIX
889 4446 1237 4507 MONUMENTORUM
1270 4447 1482 4506 SUMMARIE
1510 4447 1833 4507 DESCRIPTORUM.

440 4727 616 4817 Quoniam
644 4727 680 4799 in
710 4727 870 4800 Thadael
898 4727 1025 4824 Populi
1053 4727 1139 4821 vita,
1165 4751 1256 4824 quae
1284 4727 1319 4799 in
1348 4727 1576 4823 praecedenti
1604 4736 1699 4801 tomo
1729 4729 1894 4823 occurrit,
1916 4728 2036 4826 plures
2064 4754 2150 4826 apo-

332 4853 476 4927 stolicas
504 4855 627 4928 literas
655 4855 701 4927 ad
730 4855 807 4950 ejus
836 4863 871 4927 et
899 4862 1002 4949 gesta
1030 4863 1065 4926 et
1093 4854 1280 4950 imperium
1310 4863 1514 4951 spectantes
1537 4855 1683 4927 daturos
1703 4879 1766 4928 nos
1786 4855 1822 4927 in
1845 4857 2054 4953 Appendice
2075 4855 2151 4954 pol-

331 4979 419 5052 liciti
446 5004 580 5076 sumus,
612 4979 804 5074 obligatam
834 4979 939 5052 fidem
966 4979 1119 5052 liberare
1147 4980 1395 5076 aggredimur,
1426 4988 1461 5052 et
1489 4981 1540 5052 ita
1568 4981 1722 5076 quidem,
1747 4990 1786 5052 ut
1815 4981 2015 5054 uberiorem
2044 4983 2150 5054 etiam

331 5113 641 5178 monumentorum
678 5105 771 5178 illins
806 5105 975 5202 temporis
1013 5106 1151 5202 copiam
1189 5104 1431 5178 exhibeamus.
1461 5105 1677 5200 Hujusmodi
1711 5105 1879 5179 historiae
1918 5106 2149 5203 particulam,

331 5254 422 5326 qnae
450 5255 521 5303 non
549 5229 738 5303 mediocris
766 5238 820 5302 est
848 5230 1038 5325 momenti,
1069 5229 1246 5302 illustrare
1285 5239 1320 5303 et
1353 5229 1482 5325 ignotis
1519 5230 1701 5326 hucusque
1734 5231 1971 5303 monumentis
2010 5231 2150 5305 firmare

331 5365 571 5452 opportunum
601 5356 787 5452 duximus,
816 5380 887 5428 non
915 5355 1020 5428 modo
1049 5355 1131 5452 quia
1160 5380 1234 5427 rem
1263 5356 1377 5452 ipsam
1406 5355 1548 5452 ponitus
1585 5380 1730 5428 noscere
1761 5356 1958 5451 jucundum
1996 5367 2032 5429 et
2065 5357 2150 5431 utile

330 5488 405 5576 est,
436 5481 498 5553 sed
528 5481 635 5553 etiam
664 5481 748 5576 quia
776 5505 856 5553 cum
884 5481 1140 5554 Universitatis
1169 5481 1315 5578 ejusque
1344 5505 1414 5553 non
1443 5505 1637 5578 paucorum
1665 5481 1916 5578 professorum,
1947 5482 1989 5554 de
2023 5484 2151 5578 quibus

332 5613 412 5704 post
441 5605 651 5678 Thadaeum
679 5605 904 5703 scripsimus,
934 5605 1083 5678 historia
1110 5630 1276 5701 magnam
1304 5605 1413 5678 habet
1442 5605 1736 5702 conjunctionem.
1767 5605 1826 5678 Ad
1864 5631 1939 5680 rem
1976 5617 2096 5680 autem
2132 5633 2151 5681 e

331 5739 414 5803 voto
452 5730 703 5827 perficiendam
740 5731 896 5805 fatemur
933 5731 1084 5826 ingenue
1124 5731 1297 5828 proluisse
1332 5731 1433 5804 nobis
1469 5756 1684 5828 magnopere
1722 5756 1811 5828 cquae
1845 5732 1900 5803 vir
1936 5731 2151 5806 clarissimus

330 5854 534 5928 Lndovicus
563 5855 762 5929 Montefani
791 5856 963 5953 Capram,
984 5856 1254 5929 iurisconsultus
1282 5856 1445 5952 eximiae,
1471 5865 1506 5930 et
1528 5855 1767 5957 ,bibliothecae
1796 5857 1956 5930 Instituti
1985 5859 2150 5931 scientia·

330 6003 408 6052 rum
438 5981 483 6052 ab
511 5979 703 6053 immortali
730 5981 926 6054 Benedicta
954 5981 1059 6054 XIV.
1086 5981 1299 6078 praefectus
1321 6006 1384 6079 pro
1413 5980 1619 6054 adornando
1649 5982 1804 6055 eiusdem
1833 5982 2068 6055 bibliothecae
2096 5983 2150 6055 in-

242 6157 244 6162 ·
331 6105 408 6178 dice
437 6129 574 6177 summo
602 6104 723 6178 labore
768 6131 976 6203 summaque
1014 6107 1189 6180 industria
1227 6106 1379 6202 collegit.
1409 6107 1456 6178 Et
1484 6132 1528 6180 ne
1558 6116 1611 6179 tot
1639 6106 1854 6204 apostolicae
1887 6107 2029 6202 literae,
2060 6132 2150 6203 quae

331 6229 557 6326 longissimae
594 6255 849 6328 saepenumero
886 6241 986 6327 sunt,
1016 6256 1147 6327 magna
1184 6232 1335 6305 fortasse
1372 6231 1564 6327 legentium
1603 6230 1766 6304 molestia
1803 6255 1873 6303 una
1901 6233 2149 6328 jungerentur,

411 6477 450 6543 (l)
470 6476 511 6527 Ex
530 6477 598 6546 ng.
619 6477 631 6528 l
651 6493 720 6530 com.
740 6478 820 6546 epist.
842 6480 918 6530 1785.
