5484 7746
660 687 889 737 senosanam
910 687 961 736 ao
982 687 1146 736 crassen
1165 683 1529 735 aacnrursconoauru
1548 683 1650 733 scon.
1672 681 1809 732 soson,
2065 662 2140 730 255

329 836 467 918 Murani,
492 838 651 923 presbiter
675 837 852 922 Georgius,
878 836 1036 922 presbiter
1060 836 1224 900 Gerardus
1248 836 1351 922 plebis
1374 834 1500 899 Pastiui
1523 842 1555 898 et
1579 835 1737 900 Martinus
1761 833 1904 898 sarriens
1928 833 2004 897 dieti
2027 833 2147 898 domini

329 943 491 1030 Episcopi,
516 944 604 1027 hu[ia
627 944 837 1008 refutaccioui
861 951 893 1008 et
916 942 1142 1025 transaccioni]
1166 951 1262 1006 testes
1288 942 1461 1006 interfuere
1486 989 1860 1006 ............

419 1050 517 1136 [Ego]
542 1053 658 1116 Petrus
682 1053 842 1134 miniator,
859 1074 900 1114 cx
918 1051 1108 1115 auctoritato
1132 1051 1252 1115 domini
1276 1051 1484 1135 Imperatoris
1509 1050 1662 1131 notarius,
1678 1049 1753 1114 huic
1776 1048 2009 1113 confirmationi
2025 1047 2145 1112 lactea

330 1159 553 1243 pronominato
577 1159 751 1245 Ep[iscopo
774 1158 915 1240 interfui,
934 1165 965 1222 ct
986 1157 1066 1240 eius]
1090 1158 1242 1221 mandato
1266 1158 1389 1243 scripsi,
1413 1164 1445 1221 et
1469 1157 1628 1242 prefatum
1652 1157 1899 1220 instrumentum
1921 1155 2145 1220 transeationis

329 1287 387 1352 per
410 1289 541 1330 manum
565 1288 669 1330 meam
694 1267 847 1352 scriptum
871 1266 910 1330 ds
934 1266 1033 1329 verbo
1058 1266 1097 1328 ad
1122 1266 1256 1328 verbum
1280 1265 1354 1329 huic
1378 1265 1612 1328 confirmationi
1631 1265 1812 1348 interseruj.
1836 1263 1907 1348 Ego
1929 1264 2070 1328 Thomas
2086 1264 2143 1326 Al·

329 1373 427 1436 berici
450 1373 540 1438 Petri
565 1374 718 1454 Alberici,
741 1373 894 1455 notarius,
912 1372 1087 1436 secundum
1112 1373 1196 1457 quod
1220 1371 1285 1435 vidi
1309 1373 1463 1458 seriptum
1486 1394 1544 1457 per
1568 1393 1698 1434 manum
1721 1371 1811 1435 Petri
1832 1371 2011 1434 miniatoris
2028 1372 2145 1435 notarii

329 1481 374 1543 ita
398 1482 511 1566 scripsi
534 1489 565 1544 et
589 1481 725 1546 fideliter
747 1480 940 1566 exemplavi.

1191 1798 1284 1863 vni.

1079 2015 1176 2096 1210,
1202 2013 1244 2076 13
1266 2012 1399 2078 aare.

717 2227 770 2291 Ex
795 2235 870 2291 tom.
893 2227 1037 2292 XXVII.
1066 2227 1137 2291 eod.
1162 2228 1237 2312 dipl.
1260 2227 1343 2292 an.
1368 2227 1495 2310 banaa,
1519 2247 1605 2290 num.
1631 2226 1755 2291 XXVI.

415 2442 622 2506 Innocentius
646 2465 731 2529 papa
754 2443 867 2506 III.(¹)
884 2442 989 2506 Priori
1022 2442 1124 2506 saneti
1149 2441 1285 2506 Joannis
1317 2443 1349 2506 in
1377 2443 1487 2507 ltIonte
1510 2442 1718 2524 bononiensi,
1743 2448 1775 2505 ot
1805 2442 2073 2528 archipresbitero
2101 2443 2141 2507 de

328 2550 449 2635 Campo
474 2549 662 2632 Gall[i]ano,
687 2551 874 2614 mutinensis
899 2550 1044 2631 diocesis,
1070 2556 1102 2612 et
1125 2549 1183 2631 (l,
1208 2549 1331 2616 doctori
1354 2549 1565 2630 decretorum,
1588 2549 1734 2612 Bononie
1759 2549 1978 2612 commoranti.

415 2657 466 2720 Ex
492 2658 592 2720 literis
616 2658 668 2742 pie
693 2658 844 2721 memorie
872 2656 1068 2741 Uguociouis
1092 2657 1234 2743 episcopi
1258 2663 1289 2719 ct
1313 2655 1502 2720 dilectorum
1526 2657 1664 2719 tiliorum
1688 2655 1949 2742 archipresbiteri
1972 2665 2004 2719 et
2027 2679 2141 2743 prepo-

327 2764 379 2827 siti
403 2763 654 2844 fcrrarieusium,
679 2763 926 2826 intellixerimus
944 2763 1027 2847 quod
1047 2784 1117 2826 cum
1136 2762 1210 2824 olim
1237 2763 1319 2825 inter
1342 2762 1380 2824 B.
1399 2770 1474 2825 tuuc
1495 2761 1658 2825 Abbatem
1681 2768 1712 2824 et
1737 2762 1910 2825 monachos
1935 2763 2038 2825 saneti
2061 2761 2141 2825 Bar-

326 2871 479 2935 tholomei
503 2871 541 2933 dc
565 2870 716 2934 Ferraria
739 2870 832 2953 gravi
856 2869 1053 2932 dissensione
1077 2869 1218 2950 suborta,
1237 2869 1298 2955 ipsi
1314 2891 1434 2952 omues,
1452 2869 1685 2932 communicato
1703 2869 1846 2951 consilio,
1864 2869 1896 2930 iu
1913 2868 2050 2932 eundem
2065 2869 2142 2955 Epi-

326 3001 457 3064 scopum
482 2976 777 3063 compromiserint,
798 2979 945 3061 jurantcs
969 2977 1001 3040 in
1031 2977 1177 3040 omnibus
1211 2977 1281 3062 ejus
1313 2977 1484 3040 observare
1516 2977 1670 3040 mandata
1701 2997 1900 3062 quecumque
1931 2976 2053 3040 faceret
2083 3000 2141 3064 pro

326 3095 412 3150 statu
436 3086 536 3171 ipsius
559 3085 703 3148 Ecclesia
728 3083 950 3165 reformand03
969 3085 1222 3170 proponentibus
1246 3083 1374 3147 demum
1395 3084 1560 3147 monachis
1585 3091 1617 3146 et
1640 3083 1803 3148 conversis
1820 3084 1904 3169 quod
1921 3083 1980 3146 sub
1998 3084 2141 3167 ejusdem

325 3193 463 3257 Abbatis
488 3214 564 3256 aura
588 3213 762 3276 numquam
787 3191 940 3276 proficere
963 3199 1072 3276 posset
1094 3191 1240 3254 Ecclesia
1266 3197 1451 3272 memorata,
1470 3190 1553 3254 idcm
1570 3191 1682 3254 Abbas
1707 3191 1740 3253 in
1757 3212 1854 3254 manu
1871 3191 1970 3276 ipsius
1989 3190 2141 3278 Episcopi

325 3299 595 3364 administrationi
626 3305 657 3362 et
688 3298 828 3362 Abbatio
859 3307 1055 3384 spontaneus
1086 3299 1280 3382 resignavit,
1313 3299 1491 3361 assentiens
1522 3297 1608 3382 quod
1639 3299 1721 3361 alius
1750 3298 1924 3382 eligeretur
1956 3297 1995 3361 ad
2028 3299 2140 3384 ipsam.

323 3407 405 3491 Ejus
430 3407 537 3491 itaque
562 3406 705 3469 cessione
729 3413 869 3490 recepta,
895 3407 997 3470 dictus
1021 3405 1200 3492 Episcopus
1225 3427 1365 3468 annuam
1389 3405 1449 3467 sibi
1473 3404 1670 3489 prebendam
1695 3427 1766 3468 cum
1791 3427 1948 3468 consensu
1978 3406 2142 3470 coustituit

323 3515 565 3594 monachorum,
590 3513 752 3598 quandam
777 3513 983 3577 nihilominus
1008 3515 1037 3576 ei
1062 3513 1219 3598 capellam
1256 3514 1442 3597 assignans,
1468 3520 1499 3576 et
1531 3534 1641 3575 curam
1672 3512 1733 3575 sibi
1757 3512 1925 3576 conferens
1950 3513 2139 3578 animarum.

322 3621 466 3706 Cumque
491 3619 694 3706 postmodum
719 3619 903 3706 Capitulum
927 3626 1003 3682 rota
1027 3641 1085 3682 sua
1109 3620 1141 3682 in
1165 3619 1245 3682 duos
1269 3619 1400 3682 Fratres
1422 3626 1454 3682 et
1474 3618 1634 3704 prefatum
1651 3617 1848 3704 Episcopum
1865 3618 2062 3700 contulisset,
2080 3620 2142 3705 ipsi

323 3729 433 3793 Sancti
458 3728 596 3814 Spiritus
622 3727 728 3812 gratia
751 3728 917 3808 invocata,
942 3726 1094 3790 dilectum
1118 3727 1219 3788 filium
1243 3726 1426 3791 Johanuem
1450 3733 1527 3789 tuuc
1550 3727 1690 3811 priorem
1714 3725 1817 3789 sancti
1848 3725 2011 3808 Danielis,
2036 3726 2141 3790 virum

322 3835 490 3914 idoneum,
515 3835 683 3919 elegerunt
708 3833 908 3898 concorditer
931 3834 963 3896 in
988 3833 1160 3915 Abbatem,
1186 3834 1245 3897 sub
1270 3835 1362 3917 cujus
1386 3833 1516 3896 tandem
1540 3833 1695 3916 regimine
1719 3854 1792 3896 cum
1815 3832 1961 3895 Ecclesia
1985 3833 2140 3918 proficere

322 3943 510 4028 incepisset,
536 3948 731 4004 memoratus
762 3941 819 4023 B.,
844 3941 1004 4004 diabolica
1040 3942 1246 4026 suggestione
1280 3941 1478 4026 compulsus,
1503 3939 1542 4003 ad
1568 3941 1751 4023 abbatiam,
1776 3941 1827 4004 cui
1856 3941 1900 4002 sio
1925 3942 2139 4024 renuntiarat,

322 4052 487 4136 aspirans,
512 4051 622 4112 literas
647 4049 840 4134 apostolicas
864 4048 906 4111 ad
928 4048 1245 4134 Archipresbiterum
1276 4047 1315 4111 do
1347 4048 1513 4112 Greezsno
1545 4048 1726 4133 subripuit,
1750 4047 1828 4111 sacti
1863 4049 2009 4132 premissi
2043 4049 2141 4114 tacita

321 4159 468 4220 scritate.
494 4157 557 4230 Qui
581 4156 790 4220 rationabiles
823 4156 988 4219 substituti
1019 4155 1158 4219 Abbatis
1190 4155 1397 4242 exceptiones
1428 4177 1580 4218 recusans
1611 4154 1791 4236 admittere,
1816 4175 1873 4240 per
1901 4163 2142 4240 procuratorem

321 4286 414 4327 snum
438 4264 575 4349 probare
600 4263 738 4327 volentis
768 4263 878 4327 literas
911 4264 997 4349 ipsas
1029 4263 1128 4327 luisse
1161 4285 1219 4349 per
1250 4263 1452 4327 mendacium
1485 4263 1690 4348 impetratas,
1714 4268 1787 4348 post
1820 4263 2070 4348 appellationem
2101 4265 2141 4328 ab

321 4371 433 4435 eodem
458 4379 665 4456 procuratore
690 4371 729 4433 ad
756 4378 898 4433 nostram
922 4370 1119 4434 audientiam
1143 4371 1384 4456 interpositam,
1410 4370 1465 4434 lite
1490 4391 1553 4434 non
1577 4376 1767 4452 contestata,
1791 4390 1849 4456 pro
1881 4391 1956 4455 seps
1985 4370 2071 4434 dicto
2102 4371 2141 4436 B.

321 4479 526 4542 temerariam
556 4479 748 4541 sententiam
781 4478 1017 4564 promulgavit,
1041 4478 1221 4564 precipiens
1253 4499 1324 4541 eam
1355 4499 1412 4563 per
1443 4477 1605 4540 Abbatem
1637 4477 1893 4540 nonantulanum
1923 4485 1955 4540 et
1986 4478 2142 4563 quosdam

320 4586 401 4648 alios
425 4585 611 4649 executioni
635 4585 792 4647 mandari.
817 4585 859 4648 Et
884 4585 958 4648 lieet
983 4585 1067 4648 idem
1091 4585 1204 4648 Abbas
1234 4583 1484 4670 appellationem
1515 4605 1607 4647 suam
1638 4583 1842 4669 postmodum
1870 4592 2075 4669 prosecutus,
2101 4585 2142 4649 ad

322 4693 485 4756 Abbatem
510 4693 613 4756 saneti
636 4692 805 4755 Michaelis
830 4693 1022 4778 apostolicas
1047 4692 1157 4755 literas
1183 4692 1357 4756 obtinuerit
1377 4713 1473 4777 super
1494 4713 1576 4774 cam,
1593 4691 1801 4756 nihilominus
1819 4699 1925 4755 tamen
1942 4692 2086 4777 prefatus
2102 4692 2141 4756 B.

320 4799 424 4884 ipsum
458 4821 522 4862 non
552 4799 647 4862 desiit
679 4821 736 4885 per
767 4800 922 4884 quasdam
955 4799 1064 4862 literas
1094 4799 1282 4879 molestare,
1306 4821 1385 4885 quas
1409 4821 1506 4884 super
1530 4799 1770 4862 confirmatione
1795 4799 1952 4884 prelibato
1984 4800 2141 4864 sententie

321 4927 354 4968 sc
387 4927 406 4968 a
438 4905 529 4969 nobis
561 4907 737 4969 obtinuisse
771 4906 906 4970 dicebat.
940 4905 1145 4992 Quapropter
1176 4906 1217 4968 ad
1246 4906 1441 4992 presentiam
1465 4914 1607 4970 nostram
1632 4913 1826 4969 memoratus
1850 4905 2016 4970 Iohannes
2041 4907 2141 4970 abbas

321 5012 495 5095 accedens,
521 5033 584 5076 non
617 5019 683 5075 tam
711 5012 790 5094 sibi,
822 5035 918 5097 quam
950 5014 1117 5076 commisse
1149 5013 1211 5076 sibi
1240 5013 1385 5076 Ecclesia
1417 5013 1509 5099 petiit
1539 5012 1720 5098 prouideri,
1745 5033 1806 5097 que
1837 5011 1933 5095 hujus
1965 5013 2141 5077 occasionis

320 5125 471 5203 pretextu
496 5119 639 5204 grauiter
663 5120 731 5182 lesa
754 5128 823 5201 est,
847 5127 878 5182 ot
903 5120 1033 5204 gravius
1057 5119 1195 5182 ledends
1219 5120 1358 5183 timetur.
1383 5119 1538 5183 Veientes
1560 5119 1659 5205 igitur
1682 5118 1884 5182 indemnitati
1908 5126 1940 5182 et
1963 5119 2035 5205 paci
2059 5121 2140 5204 ejus,

320 5226 403 5288 sicut
427 5233 584 5307 tenemur,
610 5226 733 5308 adesse,
758 5225 941 5290 discretioni
966 5236 1072 5290 vestre
1095 5249 1153 5311 per
1178 5227 1354 5312 apostolica
1382 5227 1501 5312 scripta
1522 5225 1728 5312 precipiendo
1756 5225 1956 5308 mandamus,
1982 5235 2140 5312 quatenus

320 5333 472 5417 inquisita
497 5341 528 5396 et
552 5333 681 5416 cognita
705 5333 896 5418 ueritate,si
913 5333 1032 5397 dictum
1055 5333 1093 5396 B.
1112 5334 1220 5396 taliter
1244 5333 1372 5397 abbatie
1397 5334 1458 5419 ipsi
1479 5334 1679 5397 renuntiasse
1697 5333 1885 5414 constiterit,
1902 5342 2090 5397 revocantes
2108 5335 2139 5397 in

320 5440 445 5502 irritum
469 5439 621 5524 quicquid
645 5461 702 5524 per
726 5440 837 5503 literas
861 5461 918 5526 per
943 5440 1046 5525 ipsum
1075 5440 1126 5503 vel
1150 5461 1207 5525 pro
1233 5439 1312 5526 ipso,
1341 5440 1510 5524 subreptas
1534 5439 1720 5503 inveneritis
1744 5445 1952 5521 attentatum,
1978 5439 2140 5504 silentium

320 5568 417 5631 super
441 5546 502 5610 hoo
526 5547 555 5609 ei
580 5554 771 5632 perpetuum
795 5547 976 5632 imponatis,
1003 5553 1034 5610 et
1057 5569 1114 5633 pro
1139 5568 1177 5610 eo
1202 5546 1286 5632 quad
1310 5546 1429 5609 abusus
1453 5547 1559 5630 gratia
1583 5546 1644 5609 sibi
1667 5545 1771 5628 facts,
1798 5546 1971 5631 repetendo
1995 5547 2140 5632 improbe

321 5653 520 5739 prelaturam
548 5655 599 5716 cui
623 5662 799 5738 spontanee
824 5655 1015 5738 resignarat,
1039 5653 1218 5717 Ecclesiam
1242 5676 1334 5716 suam
1358 5653 1531 5718 enormiter
1555 5653 1709 5717 asseritur
1733 5653 1914 5734 offendisse,
1940 5654 2140 5739 compellatis

323 5760 470 5843 eundem,
488 5761 653 5846 prebenda
670 5769 701 5824 et
726 5761 850 5847 capella
873 5769 1049 5826 memorata
1070 5761 1211 5844 dimissa,
1229 5783 1345 5825 vacare
1362 5763 1463 5825 artius
1480 5761 1684 5846 regularibus
1700 5761 1888 5848 disciplinis,
1906 5783 1943 5825 ac
1962 5761 2140 5847 predictum

322 5867 484 5932 Abbatem
510 5867 796 5932 administrationis
820 5875 852 5932 et
875 5869 938 5932 loci
960 5869 1010 5932 sui
1034 5868 1160 5932 faciatis
1185 5869 1318 5955 pacifica
1341 5869 1543 5954 possessione
1567 5868 1727 5953 gaudere;
1752 5869 2013 5950 contradictores,
2035 5868 2062 5930 si
2086 5869 2141 5953 qui

322 5974 443 6038 luerint
467 5975 519 6039 vel
543 5975 691 6057 rebelles,
709 5997 766 6061 per
790 5997 958 6039 censuram
982 5976 1242 6058 eeclesiasticam,
1269 5977 1485 6063 appellatione
1509 5977 1698 6062 postposita,
1723 5984 1970 6062 compescentes.
1996 5975 2089 6048 Quod
2113 5976 2140 6038 si

322 6103 384 6145 non
412 6103 523 6145 omnes
548 6091 608 6146 etc.
631 6082 694 6146 duo
719 6090 922 6146 vestrumea
946 6091 1006 6148 etc.

410 6188 530 6252 Datum
557 6190 713 6254 Laterani
737 6191 782 6275 iij.
808 6191 879 6253 idus
904 6191 1052 6273 octobris,
1077 6213 1161 6256 anno
1184 6193 1254 6275 xiij.

398 6529 438 6594 (l)
458 6526 508 6595 Ep.
529 6527 609 6579 CXL.
630 6527 724 6580 Innoe.
744 6527 813 6593 111„
833 6545 877 6580 an.
897 6528 1020 6594 MGCX.,
1040 6529 1120 6580 XIII.
1140 6529 1228 6582 octob.
