5490 7750
625 583 699 658 170
1410 607 1655 658 nonnusnun

623 761 811 849 adimplere,
835 782 874 826 ea
906 783 970 846 qua
994 760 1161 846 fungimur
1183 761 1386 844 auctoritate,
1410 762 1502 826 vobis
1533 761 1676 826 districte
1704 769 1736 826 et
1767 763 1982 851 peremptorie
2009 763 2216 850 percipiendo
2244 765 2442 850 mandamus,

622 869 774 954 quatinus
791 867 915 932 decimo
932 868 983 932 die
1003 875 1078 955 post
1101 867 1216 932 harum
1233 867 1554 954 representationenr,
1571 867 1622 933 die
1640 869 1929 956 representacionis
1946 871 1978 934 in
1996 892 2129 936 numero
2147 879 2342 958 computato,
2360 875 2443 960 apud

621 977 854 1064 Episcopatum
877 975 1075 1040 bononiense
1099 997 1208 1040 coram
1232 975 1335 1058 nobis,
1354 973 1528 1042 Guiliclmo
1545 975 1676 1040 doctore
1695 976 1919 1060 Decretorum,
1937 985 1968 1041 et
1986 976 2160 1042 Guilielmo
2178 977 2309 1044 doctore
2325 979 2443 1045 Decre-

622 1085 746 1165 talium,
763 1089 796 1148 et
819 1103 928 1147 coram
951 1083 1080 1148 domino
1105 1082 1260 1168 magistro
1283 1082 1474 1147 Alexandro
1498 1083 1671 1168 theologie,
1697 1083 1908 1170 subdelegato
1932 1085 1995 1148 mei
2022 1083 2175 1172 Episcopi
2198 1085 2352 1171 paduani,
2373 1109 2442 1174 pre-

622 1193 689 1257 fato
714 1191 802 1255 abati
826 1212 923 1277 super
946 1189 1060 1254 eadem
1085 1190 1251 1276 questione
1275 1189 1414 1254 veniatis
1437 1189 1583 1276 plenarie
1612 1191 1798 1278 responsuri
1816 1215 1845 1255 ».
1863 1189 1906 1256 Et
1929 1191 1988 1256 has
2011 1193 2123 1256 literas
2147 1193 2294 1279 prefatus
2314 1195 2443 1259 nuntius

622 1300 711 1364 dedit
730 1297 883 1386 predictis
906 1297 1036 1362 Sindica
1060 1303 1093 1362 et
1114 1297 1285 1362 Fratribus
1302 1296 1433 1361 Ordinis
1450 1295 1708 1381 Oruciferorum3
1734 1305 1765 1362 et
1790 1299 1877 1385 ipsas
1894 1306 2086 1386 receperunt
2103 1299 2246 1364 dicentes
2263 1301 2347 1386 quod
2364 1301 2444 1366 bene

621 1407 766 1472 iacerent
789 1427 851 1491 que
876 1405 909 1468 in
932 1405 1034 1470 literis
1058 1404 1316 1469 continebantur.

710 1513 782 1598 Ego
807 1511 986 1596 Canlbilus,
1011 1511 1095 1576 sacri
1117 1510 1238 1575 Palatii
1262 1510 1417 1594 notarius,
1442 1517 1477 1574 ut
1502 1531 1601 1597 supra
1625 1510 1755 1596 legitur,
1780 1519 1914 1598 rogatus
1937 1513 2069 1578 interlui
2093 1521 2125 1578 et
2149 1515 2271 1600 scripsi.

1477 1832 1588 1897 XVII.

1380 2047 1476 2130 1235,
1501 2048 1521 2110 4
1545 2049 1694 2112 ianuarii.

908 2259 961 2324 Ex
984 2267 1061 2324 tom.
1086 2259 1230 2324 XXVII.
1258 2259 1330 2324 Cad.
1355 2260 1430 2344 dr'pl.
1456 2259 1538 2324 Ercl.
1562 2259 1669 2325 honora
1694 2261 1802 2343 (num.
1827 2261 1902 2345 84),
1927 2260 1997 2326 doe.
2022 2261 2162 2326 XXXV.

713 2475 892 2561 Gregorius
915 2474 1025 2539 IX.(l)
1042 2474 1198 2559 magistro
1223 2473 1321 2556 Zoen,
1345 2473 1626 2559 Archipresbitero
1649 2474 1849 2539 bononiensi.

712 2583 848 2648 Celestis
872 2581 1126 2668 patrisfamilias,
1143 2582 1219 2646 licet
1243 2581 1508 2646 insufficientibus
1532 2582 1665 2664 meritis,
1682 2583 1785 2646 vicem
1809 2591 1959 2668 gerentes
1982 2583 2015 2647 in
2039 2585 2144 2666 terris,
2162 2585 2217 2670 qui
2240 2605 2351 2649 servos
2368 2605 2443 2648 suos

623 2691 747 2755 talenta
770 2691 973 2777 duplicantes
997 2689 1059 2753 sibi
1082 2689 1204 2754 eredita
1228 2689 1393 2753 constituit
1409 2710 1506 2775 super
1523 2689 1634 2772 multa,
1652 2689 1869 2754 subiectorum
1886 2698 2068 2756 nostrorum
2084 2692 2227 2756 actiones
2244 2691 2443 2778 exquirimus

624 2805 655 2862 et
679 2799 712 2862 in
737 2800 793 2880 eis,
819 2798 874 2883 qui
899 2804 1065 2883 acceptum
1090 2797 1210 2861 donum
1234 2795 1366 2861 scientie
1391 2818 1454 2860 non
1478 2797 1537 2860 sub
1561 2803 1648 2861 terra
1671 2818 1744 2862 oum
1766 2798 1872 2862 inutili
1896 2819 1989 2862 servo
2013 2798 2207 2880 recondunt,
2232 2798 2290 2862 sed
2313 2799 2446 2863 tradunt

623 2906 848 2991 nummularijs
873 2911 905 2969 et
929 2906 1144 2992 multiplicant
1172 2905 1312 2992 acceptis
1335 2905 1521 2988 honoribus,
1546 2906 1684 2970 honores
1708 2906 1806 2970 etiam
1829 2907 2040 2972 cumulamus.
2063 2906 2186 2971 Pensat
2209 2907 2295 2970 enim
2317 2913 2445 2993 aposto·

623 3014 688 3078 lica
712 3013 824 3096 sedes,
849 3013 934 3099 quod
958 3014 981 3098 ij
1005 3013 1207 3099 potissimum
1239 3019 1312 3075 sunt
1344 3013 1492 3098 specialis
1516 3013 1620 3098 gratie
1652 3015 1859 3099 prerogativa
1883 3013 2024 3078 donandi
2047 3021 2079 3078 et
2101 3014 2238 3100 provehi
2262 3014 2381 3078 debent
2406 3013 2445 3076 de

624 3123 731 3206 gratia
748 3121 947 3207 ingratiam,
965 3121 1019 3206 qui
1043 3121 1185 3185 moribus
1210 3126 1325 3185 ornant
1346 3121 1514 3184 scientiam
1534 3127 1566 3184 et
1582 3121 1860 3186 conversationem
1876 3121 2024 3186 muniunt
2046 3121 2227 3186 honestate.
2251 3121 2445 3208 Eapropter,

625 3229 741 3294 dilecte
765 3229 798 3292 in
823 3229 964 3293 Domino
988 3228 1044 3310 fili,
1064 3227 1267 3292 honestatem
1290 3249 1415 3292 morum
1439 3234 1471 3291 et
1500 3228 1632 3292 scientie
1662 3229 1795 3310 merita,
1819 3228 1935 3314 quibus
1958 3228 2081 3315 pollere
2105 3228 2314 3314 dignosceris,
2340 3235 2444 3293 atten-

626 3337 749 3419 dentes,
766 3357 839 3400 eum
857 3357 915 3422 per
931 3335 993 3399 Dei
1017 3335 1156 3421 gratiam
1180 3335 1300 3398 dudum
1324 3357 1416 3398 secus
1440 3336 1560 3399 fluenta
1585 3335 1662 3400 iuris
1686 3336 1851 3423 plantatus
1875 3336 1955 3401 adeo
1981 3336 2054 3400 altis
2075 3337 2237 3401 radicibus
2254 3335 2445 3417 adoleveris,

625 3443 711 3531 quod
734 3444 847 3508 doctus
871 3444 904 3508 in
928 3465 967 3507 eo
990 3444 1071 3508 alios
1095 3444 1250 3507 merueris
1274 3443 1426 3526 edocere,
1451 3465 1489 3506 ac
1520 3465 1578 3530 per
1608 3444 1669 3509 lroo
1700 3443 1845 3508 volentes
1873 3444 1932 3508 tibi
1955 3445 2094 3530 gratiam
2118 3443 2225 3509 faeere
2249 3443 2444 3530 specialem,

624 3552 823 3638 presentium
846 3551 905 3615 tibi
929 3550 1120 3615 auctoritate
1145 3550 1349 3614 concedimus
1372 3557 1408 3614 ut
1434 3551 1627 3615 lectoratum
1657 3551 1864 3616 baciensisl2l
1881 3549 2041 3634 Ecclesie,
2064 3573 2160 3637 quem
2183 3572 2247 3616 non
2271 3550 2446 3615 habentem

625 3681 735 3724 curam
759 3658 941 3723 animarum
965 3678 1126 3721 annexam
1150 3657 1303 3722 canonice
1323 3664 1355 3720 te
1372 3658 1524 3744 proponis
1548 3658 1712 3744 adeptum,
1728 3679 1794 3723 una
1815 3680 1887 3724 cum
1903 3658 2222 3746 archipresbiteratu
2237 3657 2447 3723 bononiensis

623 3767 780 3850 Ecclesie,
803 3788 914 3831 euram
937 3766 1118 3830 animarum
1142 3765 1300 3848 habente,
1326 3787 1421 3851 quern
1444 3770 1518 3851 post
1541 3766 1777 3830 assecutionem
1800 3766 1975 3830 lectoratus
1998 3766 2182 3830 huiusmodi
2205 3765 2386 3852 suscepisti,
2412 3765 2449 3828 li·

623 3875 701 3940 bere
724 3875 836 3938 valeas
860 3873 1010 3956 retinere,
1026 3873 1156 3959 proviso
1181 3871 1266 3958 quod
1290 3872 1395 3936 eidem
1418 3872 1563 3937 baciensi
1585 3872 1730 3937 Ecclesia
1754 3872 1855 3938 iacias
1875 3894 1933 3960 per
1948 3872 2115 3938 Vioarium
2130 3873 2283 3938 idoneum
2298 3873 2331 3936 in
2348 3873 2448 3938 lecto-

624 3989 714 4046 ratus
739 3982 843 4046 officio
867 3981 1033 4045 deserviri.
1057 3980 1148 4044 Nulli
1171 4002 1249 4066 ergo
1273 3981 1403 4044 omnino
1426 3979 1592 4044 hominum
1622 3980 1719 4045 liceat
1742 3981 1826 4044 hanc
1849 3981 2003 4067 paginam
2027 3987 2134 4045 nostre
2159 3980 2377 4045 concessionis
2402 3979 2449 4044 in·

625 4090 768 4176 iringere
793 4089 845 4152 vel
869 4089 899 4152 ei
922 4109 1005 4152 ausu
1028 4088 1200 4152 temerario
1224 4089 1395 4152 contraire.
1414 4087 1448 4151 Si
1465 4088 1536 4173 quis
1554 4092 1663 4152 autem
1678 4087 1739 4152 hoe
1756 4094 1915 4152 attentare
1931 4088 2173 4174 presumpserit,
2190 4087 2448 4172 indignationem

626 4197 854 4283 omnipotentis
878 4194 942 4259 Dei
965 4217 1005 4260 ac
1027 4195 1195 4260 beatorum
1218 4195 1309 4260 Petri
1332 4202 1363 4259 et
1386 4194 1493 4277 Pauli,
1518 4195 1737 4282 apostolorum
1761 4195 1840 4278 eius,
1865 4216 1899 4259 se
1923 4195 2048 4260 noverit
2071 4195 2284 4260 incursurum.

714 4303 836 4368 Datum
859 4302 988 4387 Perusij
1013 4301 1154 4367 secundo
1179 4323 1279 4367 nonas
1302 4301 1455 4387 januarii,
1481 4301 1685 4388 pontificatus
1709 4303 1811 4366 nostri
1835 4323 1920 4367 anno
1945 4309 2069 4367 octavo.

1471 4623 1601 4689 XVIII.

1397 4840 1493 4922 1247,
1521 4839 1564 4902 13
1585 4840 1675 4903 irrru'i.

1067 5054 1118 5118 Ex
1142 5053 1255 5118 eodem
1280 5061 1366 5118 tomo
1393 5052 1466 5117 Cael.
1490 5053 1566 5138 daal.
1590 5051 1673 5117 Eccl.
1696 5051 1783 5134 bora,
1806 5050 1876 5116 doc.
1902 5051 2002 5118 dxv.

712 5271 922 5336 Innocentius
945 5269 1004 5334 IV.
1018 5270 1057 5335 (³)
1081 5268 1243 5355 Episcopo
1268 5267 1435 5350 cerviensi,
1460 5266 1605 5331 Bononie
1630 5265 1849 5348 commoranti,
1867 5271 1899 5330 et
1915 5265 2069 5351 magistro
2092 5266 2271 5349 Bernardo,
2288 5266 2446 5330 canonico

622 5378 832 5462 bononiensi,
857 5377 1025 5464 capellano
1050 5382 1170 5441 nostro.

714 5487 805 5569 Cum,
831 5486 914 5550 sicut
938 5491 1095 5571 exparte
1119 5483 1229 5548 dilecti
1251 5483 1310 5546 filii
1332 5482 1472 5546 Abbatis
1505 5480 1691 5545 monasterii
1714 5479 1753 5544 de
1776 5479 1974 5562 Nonantula,
1992 5479 2112 5545 ordinis
2135 5481 2239 5544 sancti
2261 5481 2445 5562 Benedicti,

623 5595 666 5660 ad
689 5615 857 5659 romanam
880 5592 1060 5656 Ecclesiam
1084 5591 1174 5656 nullo
1198 5591 1303 5654 medio
1327 5589 1528 5676 pertinentis,
1553 5588 1613 5652 fuit
1635 5587 1836 5675 propositum
1859 5607 1968 5651 coram
1992 5586 2094 5668 nobis,
2115 5587 2201 5650 idem
2224 5587 2446 5670 considerans,

625 5701 711 5788 quod
734 5701 899 5766 confectus
923 5699 1012 5764 senio
1034 5701 1104 5784 jam
1127 5719 1191 5762 non
1215 5704 1321 5784 potest
1344 5703 1474 5784 portare
1496 5696 1656 5760 sarcinam
1680 5701 1877 5777 consuetam,
1893 5694 1972 5759 volit
1991 5694 2141 5779 regimini
2164 5694 2277 5758 cedere
2302 5694 2445 5776 abbatie,

621 5809 824 5892 mandamus,
842 5814 1002 5893 quatenus
1025 5807 1126 5894 ipsius
1149 5807 1293 5870 cessione
1317 5811 1458 5891 recepta,
1475 5811 1507 5869 et
1529 5804 1711 5891 provisione
1735 5803 1797 5867 sibi
1820 5824 1963 5888 congrua
1986 5803 2026 5866 de
2050 5803 2142 5867 bonis
2166 5802 2311 5887 ejusdem
2331 5825 2445 5868 mona·

623 5919 715 5982 sterii
738 5918 923 6002 assignata,
948 5916 1107 5981 mandetis
1132 5937 1173 5979 ex
1197 5921 1288 6001 parte
1312 5920 1423 5978 nostra
1447 5913 1620 5978 conventui
1643 5913 1720 5977 dicti
1742 5912 1929 5976 monasterii
1952 5919 1987 5975 ut
2011 5911 2094 5976 infra
2119 5919 2262 5997 tempus,
2288 5911 2374 5996 quod
2399 5913 2446 5976 eis

622 6027 847 6114 prefigendum
871 6025 1039 6108 duxeritis,
1061 6025 1102 6089 ad
1126 6023 1321 6111 presentiam
1345 6030 1486 6086 vestram
1511 6022 1543 6085 in
1567 6029 1636 6086 tuto
1660 6023 1730 6086 loco
1754 6021 1896 6103 veniant,
1913 6022 1964 6084 rel
1989 6021 2113 6107 aliquos
2137 6021 2177 6085 da
2200 6020 2345 6106 ipsorum
2369 6021 2445 6086 Col·

701 6297 740 6363 (1)
760 6296 802 6348 Ex
815 6297 931 6366 registro
942 6295 992 6347 IV.
1006 6293 1131 6364 Gregorii
1144 6291 1210 6356 IX,
1222 6293 1300 6362 epist.
1312 6296 1373 6358 393,
1387 6292 1434 6344 fol.
1446 6295 1506 6357 247,
1643 6294 1682 6358 (3)
1701 6291 1743 6342 Ex
1771 6291 1839 6360 ng.
1859 6291 1881 6342 I.
1901 6290 2055 6343 Innocentii
2074 6289 2138 6358 IV.,
2158 6307 2202 6358 ep.
2223 6291 2288 6356 828,
2308 6289 2355 6342 ror.
2376 6293 2443 6354 409,

605 6403 693 6460 'anno
711 6385 918 6452 nocam,
938 6384 987 6438 IV.
1006 6385 1132 6437 ianuarii.
1562 6399 1606 6434 an.
1627 6381 1831 6446 nccxnvn„
1851 6379 1930 6432 XIII.
1950 6380 2026 6432 iunii.

701 6477 740 6543 (2)
760 6476 813 6528 Sic.
