5544 7750
624 621 699 693 338
1372 645 1486 695 arran
1514 645 1695 696 mauman

621 799 678 872 die
706 799 773 874 VI.
796 801 890 896 maii,
916 801 1202 898 frequentissimo
1232 801 1400 897 Concilio,
1428 801 1783 876 Senatusconsultum
1812 811 1865 876 est
1893 804 2028 877 factum
2059 830 2128 902 quo
2157 805 2319 880 Freddus
2346 808 2441 883 intra

621 923 696 997 dies
725 933 878 1021 quatuor
906 951 951 998 ex
980 927 1143 1000 omnibus
1170 926 1446 1000 bononiensibus
1474 926 1603 1000 finibus
1632 927 1805 1001 excedere
1832 929 2043 1024 iubebatur;
2064 929 2191 1026 quibus
2211 929 2352 1029 elapsis,
2372 934 2441 1006 nisi

621 1050 809 1147 paruisset,
840 1059 959 1148 posset
988 1076 1009 1124 a
1038 1076 1247 1149 quocunque
1276 1051 1399 1146 occidi,
1430 1075 1544 1148 neque
1573 1051 1609 1128 id
1638 1053 1858 1126 interfectori
1885 1054 2002 1126 fraudi
2031 1059 2138 1130 esset.

728 1175 974 1248 Intersusrunt
1003 1177 1034 1248 ei
1063 1175 1238 1272 Concilio,
1268 1185 1411 1274 praeter
1439 1176 1666 1272 Praetorem,
1697 1176 1950 1275 Capitaneum,
1981 1179 2159 1253 Antianos
2186 1190 2222 1254 et
2250 1180 2438 1256 Consules:

728 1300 846 1372 Guido
876 1301 921 1373 da
949 1300 1081 1396 Balsio,
1103 1301 1372 1374 archidiaconus
1400 1301 1637 1396 bononiensis,
1660 1327 1777 1375 comes
1805 1302 2021 1378 Germaniae
2041 1313 2077 1377 et
2096 1304 2230 1378 Rector
2253 1306 2439 1380 Universi-

618 1424 704 1498 tatis
732 1424 1030 1522 ultramontanae,

727 1550 895 1646 Paganus
924 1551 1207 1646 mediolanensis,
1237 1559 1355 1624 rector
1382 1551 1638 1624 Universitatis
1667 1551 1960 1648 citramontanae,

728 1675 979 1748 Lambertinus
1007 1675 1197 1774 Ramponi,

726 1801 997 1874 Basciacomare
1028 1802 1070 1874 de
1099 1801 1440 1896 Basciaeomaribus,

728 1923 938 1997 Albertinus
967 1923 1063 2020 degli
1091 1924 1255 2020 Ughetti,

729 2048 927 2122 Ubaldinus
956 2050 999 2121 de
1028 2047 1225 2142 blalarolti,

724 2175 900 2246 Martinus
930 2173 972 2246 de
1003 2173 1183 2269 Solimani,

726 2299 804 2372 Pax
835 2299 877 2371 de
907 2299 1071 2394 Pacibus,

726 2423 883 2496 Thomas
912 2424 955 2495 de
985 2422 1216 2496 Lambertino
1245 2423 1435 2520 Ramponi,

724 2546 966 2620 Bliobarixins
995 2546 1159 2642 Gregorii
1175 2546 1214 2608 (¹)
1230 2545 1324 2642 degli
1352 2545 1562 2642 Azzoguidi,

725 2672 1021 2746 Bartholomaeus
1052 2673 1094 2744 de
1124 2673 1252 2768 l'retis,

727 2799 884 2872 Jacobus
913 2799 958 2870 da
988 2799 1136 2893 lgnano,

725 2923 890 2995 Julianus
920 2923 962 2994 de
992 2923 1139 2995 Carnbio
1169 2924 1211 2994 de
1241 2923 1439 3018 Gratiadei,

726 3048 917 3120 Vianesius
947 3048 990 3120 dc
1019 3047 1258 3144 Passiporeri,

726 3171 950 3245 Castellanus
980 3172 1105 3266 Baioli,

724 3297 910 3396 Philippus
940 3298 982 3370 (le
1012 3297 1235 3392 Foscherari,

723 3423 872 3518 Egidius
901 3423 944 3494 de
973 3421 1171 3516 Malavulti,
1202 3422 1326 3506 doctor
1353 3422 1484 3518 legum,

723 3548 986 3620 Bonincontrus
1015 3547 1058 3618 de
1087 3546 1267 3644 Ilospitali
1303 3544 1311 3568 ⁸

723 3672 881 3745 Joannes
912 3670 1005 3743 dalla
1035 3669 1181 3742 Caluina
1302 3574 1313 3743 l
1339 3673 1502 3745 doctores
1530 3672 1754 3745 decretorum
1769 3670 1819 3746 (2).

722 3797 881 3870 Joannes
910 3796 1080 3868 Andreae

722 3921 771 3994 Il.
801 3919 1062 4016 thCGVIll.,
1093 3920 1198 3994 Vlll.
1229 3921 1410 3994 februarii.
1441 3921 1693 4018 Bliobarixins,
1723 3921 1843 4018 legum
1870 3923 2006 4018 doctor,
2035 3922 2181 3996 arbiter.

723 4047 791 4120 Ill.
823 4045 1082 4138 mecerin,
1114 4046 1241 4120 XXII.
1271 4047 1493 4144 septembris.
1523 4047 1746 4122 Gravissimo
1773 4049 1917 4144 negotio
1946 4048 2226 4146 recuperationis
2250 4047 2438 4122 Ferrariae

614 4181 785 4270 tanquam
816 4173 965 4269 Sapiens
995 4173 1155 4243 interest.

723 4297 789 4370 IV.
819 4296 1001 4370 MGCCX.
1042 4297 1141 4368 luter
1182 4295 1425 4393 privilegiatos
1466 4321 1488 4370 a
1526 4297 1758 4371 Ghirardatio
1795 4297 1989 4372 recensitos
2027 4297 2160 4394 legitur
2189 4297 2440 4371 Bliobarixins

620 4423 799 4496 Gnidonis
829 4423 869 4494 dc
900 4423 1123 4517 Azzopnirlis,
1144 4421 1255 4517 legum
1287 4421 1413 4494 doctor.
1445 4423 1613 4496 Arbitror
1640 4423 1697 4496 hic
1725 4447 1882 4496 errorem
1911 4425 2055 4496 subesse
2076 4421 2310 4518 Ghirardatii,
2331 4430 2439 4519 atque

614 4545 714 4620 illum
743 4572 807 4644 pro
841 4547 1005 4642 Gregorii
1020 4545 1059 4606 (3)
1076 4547 1233 4642 posuisse
1267 4546 1409 4618 Gnidon
1417 4549 1456 4620 is.
1487 4546 1581 4620 Nam
1600 4547 1841 4621 Bliobarixins
1861 4547 1953 4621 filius
1973 4547 2138 4642 Gregorii
2158 4547 2313 4620 occurrit
2332 4571 2439 4645 saepe

613 4671 651 4744 iu
680 4671 811 4744 tabulis
842 4669 1007 4768 publicis,
1036 4669 1210 4742 Gnidonis
1230 4695 1315 4743 vero
1335 4695 1510 4767 nusquam
1535 4671 1601 4744 nisi
1620 4673 1656 4744 in
1675 4672 1749 4746 solo
1770 4671 2001 4746 Ghirardatio
2021 4683 2057 4744 et
2075 4670 2222 4768 Negrio,
2244 4671 2304 4769 qui
2321 4672 2438 4769 ipsum

615 4797 850 4893 transcripsit.

721 4921 768 4992 V.
800 4919 1046 5014 11100οΧ11,
1069 4920 1134 4992 IV.
1157 4921 1323 4994 octobris.
1354 4921 1594 4994 Bliobarixins
1622 4922 1801 5018 quondam
1829 4921 1962 4995 domini
1991 4920 2157 5017 Gregorii
2185 4921 2229 4993 de
2257 4921 2439 5017 Arzugui-

614 5045 680 5142 dis,
710 5045 829 5140 legum
860 5045 995 5139 doctor,
1027 5045 1237 5117 vendiderat
1265 5045 1425 5119 LXXX.
1457 5047 1608 5119 lloranos
1636 5047 1713 5120 auri
1741 5047 1857 5144 pretio
1883 5046 1944 5120 lib.
1966 5047 2048 5120 bon.
2079 5045 2268 5120 CLXXII.
2300 5045 2439 5120 Nume-

614 5180 741 5244 rantur
770 5195 863 5242 nunc
893 5171 959 5266 ipsi
990 5170 1029 5241 0.
1061 5171 1105 5242 ab
1135 5195 1205 5242 uno
1235 5196 1280 5242 ex
1308 5171 1538 5267 debitoribus,
1569 5180 1604 5244 et
1631 5172 1707 5269 ipse
1736 5179 1891 5244 testatur
1918 5197 1955 5245 se
1984 5169 2229 5268 accepisselll.

721 5296 856 5368 Eodem
886 5295 953 5390 die,
975 5295 1051 5367 loco
1081 5304 1117 5366 et
1146 5295 1307 5390 testibus,
1329 5295 1570 5368 Bliobarixins
1588 5294 1707 5392 legum
1727 5297 1862 5392 doctor,
1883 5322 1990 5370 sanus
2010 5304 2140 5392 mente,
2162 5319 2270 5391 aeger
2289 5319 2440 5393 corpore

615 5446 717 5496 suum
745 5420 831 5492 facit
862 5431 1129 5517 procuratorem
1157 5420 1202 5492 ad
1231 5421 1432 5517 ponendam
1460 5421 1591 5492 dictam
1619 5421 1780 5494 chartam
1809 5421 1845 5494 in
1874 5422 1979 5495 Mem.
2005 5419 2100 5495 Com.
2122 5420 2214 5494 Bon.
2237 5420 2440 5494 Johannem

613 5547 713 5620 Petri
742 5546 784 5618 de
815 5545 962 5617 Caxella
993 5544 1170 5616 notarium
1199 5554 1234 5616 et
1264 5545 1586 5642 suprascriptorum
1615 5554 1754 5619 testem.

726 5672 787 5744 Vl.
818 5670 1082 5764 MCGCXIH.,
1113 5671 1162 5744 X.
1193 5672 1415 5768 septembris.
1448 5671 1630 5744 Correetio
1658 5673 1841 5746 cuiusdam
1875 5671 2007 5769 publici
2045 5671 2179 5745 decreti
2216 5669 2438 5745 Bliobarixiu

613 5798 840 5871 demandata.
871 5797 927 5868 Ex
958 5795 1022 5866 hoe
1053 5795 1288 5868 instrumento
1317 5797 1507 5891 corrigitur
1536 5820 1636 5869 error
1672 5797 1914 5892 Ghirardatii,
1945 5804 2029 5869 tom.
2060 5796 2112 5893 I.,
2142 5821 2224 5895 pag.
2256 5799 2346 5892 573,
2376 5797 2438 5869 ubi

611 5947 677 6021 pro
709 5921 932 5994 Bliobariaio
961 5920 1083 5992 scribit
1114 5919 1256 5992 Petrum
1287 5920 1519 6016 Bliobariaii,
1548 5921 1608 6017 qui
1636 5920 1753 5994 nullus
1780 5945 1937 6018 unquam
1966 5921 2044 5994 luit.

691 6186 730 6252 (1)
749 6184 939 6236 Ghirardatius
954 6183 1049 6234 scribit
1065 6182 1199 6234 Gnidonis
1213 6187 1242 6234 ut
1256 6183 1355 6248 infra}
1370 6183 1433 6250 Ν,
1448 6184 1496 6235 sed
1631 6187 1670 6249 (Β)
1691 6183 1760 6235 Vide
1779 6183 1794 6248 ξ
1813 6183 1939 6251 praeced.

608 6275 753 6345 utrobique
773 6274 854 6326 male.
1631 6274 1670 6339 (4)
1691 6272 1732 6323 Ex
1755 6272 1866 6324 Memor.
1885 6271 2034 6324 Ferentini
2050 6272 2082 6324 de
2101 6271 2275 6336 Parentibus,
2294 6271 2391 6325 16116
2412 6291 2438 6325 r.

691 6366 730 6432 (2)
751 6365 956 6429 Ghirardatius,
975 6367 1040 6414 tom.
1054 6362 1076 6414 Ι.
1090 6362 1124 6414 ad
1145 6361 1349 6429 6111100011,
1369 6379 1431 6430 pag.
1446 6365 1498 6413 440

609 6459 637 6510 st
656 6459 717 6508 441.
