5484 7746
606 610 681 682 262
1392 630 1632 680 mannassen

692 784 782 848 Nulli
805 806 882 869 ergo
907 785 1036 849 omnino
1060 783 1226 848 homiuum
1249 785 1347 848 liceat
1369 785 1452 850 hano
1468 786 1621 871 paginam
1638 792 1745 850 nostre
1763 785 2013 849 confirmationis
2031 784 2205 871 infringere
2222 786 2275 850 rel
2291 787 2320 850 ei
2337 807 2417 850 ausu

604 892 775 956 temerario
800 892 977 973 eontraIre3
995 891 1108 977 siquis
1130 899 1238 955 autem
1262 893 1322 956 hoc
1347 900 1506 956 attentare
1529 893 1770 980 presumpserit,
1787 893 2042 980 indignationem
2059 894 2285 979 omnipotentis
2302 894 2363 958 Dei
2380 915 2418 958 ac

605 1000 772 1064 beatorum
794 999 884 1063 Petri
909 1007 940 1063 ot
964 999 1059 1062 Pauli
1084 999 1302 1085 apostolorum
1327 1000 1395 1063 eius
1420 1021 1453 1064 se
1478 1000 1603 1064 noverit
1626 1001 1839 1065 incursurum.

693 1107 814 1170 Datum
837 1106 992 1170 Laterani
1016 1106 1234 1170 sextodecimo
1258 1106 1416 1170 kalendas
1439 1108 1528 1191 maij,
1553 1107 1758 1194 pontificatus
1781 1107 1883 1172 nostri
1906 1128 1991 1172 anno
2015 1106 2136 1194 quinto.

1470 1427 1545 1492 XX.

1367 1643 1464 1726 1221,
1491 1643 1533 1706 13
1557 1645 1646 1707 iunii.

1251 1857 1303 1921 Ex
1327 1857 1440 1922 eodem
1464 1865 1560 1940 tomo,
1586 1880 1672 1922 num.
1697 1858 1767 1923 LV.

690 2075 857 2139 Honorius
880 2073 991 2137 ulau
1008 2073 1168 2159 Episcopo
1193 2081 1225 2136 et
1249 2073 1398 2159 Capitulo
1422 2073 1622 2138 bononiensi.

691 2181 835 2266 Dignum
859 2187 907 2243 est
930 2187 965 2244 ut
989 2201 1046 2243 nos
1070 2180 1242 2243 inveniatis
1269 2186 1434 2266 promptos
1460 2179 1500 2242 ad
1525 2180 1681 2264 gratiam,
1702 2180 1757 2266 qui
1780 2201 1837 2246 ros
1861 2181 1894 2244 in
1918 2180 2088 2245 devotione
2113 2181 2205 2246 Sedis
2228 2183 2414 2270 Apostoliee

602 2311 720 2376 pronos
744 2288 892 2374 satagitis
916 2288 1080 2370 exhibere,
1105 2295 1140 2350 ut
1164 2288 1327 2351 exhibitus
1351 2287 1442 2351 vobis
1467 2286 1559 2351 favor
1582 2309 1639 2351 vos
1663 2288 1814 2352 ostendas
1838 2288 1977 2352 existere
2001 2289 2159 2374 gratiosos
2176 2297 2208 2355 et
2224 2292 2286 2378 ipsi
2300 2295 2414 2379 magis,

602 2419 639 2462 aa
664 2398 768 2482 magis
792 2395 948 2460 studeatis
971 2417 1029 2459 vos
1054 2396 1187 2458 reddere
1212 2395 1316 2479 gratie
1340 2396 1491 2480 aptiores.
1516 2394 1641 2458 Vestris
1667 2396 1775 2482 itaque
1799 2396 2087 2488 supplicationibus
2110 2398 2255 2463 iuelinati
2279 2403 2416 2466 anctori-

601 2513 667 2569 tate
692 2504 782 2568 robis
805 2503 1003 2589 presentium
1024 2502 1237 2586 indulgemus,
1256 2509 1291 2566 ut
1307 2502 1507 2588 quamprimo
1524 2503 1832 2567 Archidiacouatum
1856 2504 2084 2568 bononiensem
2101 2526 2217 2570 vacare
2235 2509 2413 2594 contigerit,

601 2611 707 2697 ipsum
730 2609 815 2673 iufra
837 2617 963 2695 tempus
988 2631 1007 2672 a
1029 2610 1101 2692 jure
1125 2609 1216 2672 vobis
1241 2608 1400 2671 indultum
1416 2608 1456 2672 de
1472 2629 1611 2694 persona
1634 2610 1760 2692 idonea,
1778 2631 1839 2695 qus
1856 2616 1946 2674 tauto
1963 2619 2120 2696 congruat
2136 2613 2225 2676 oneri
2242 2621 2275 2677 et
2290 2615 2413 2698 honori,

601 2741 659 2783 vos
684 2717 895 2783 communiter
918 2717 969 2780 vel
994 2715 1131 2798 divisim,
1149 2723 1245 2802 prout
1268 2716 1307 2779 de
1329 2717 1402 2799 jure
1426 2717 1478 2780 vel
1502 2717 1733 2780 cousuetudine
1757 2716 1797 2780 ad
1821 2739 1878 2781 ros
1902 2717 2063 2803 pertinere
2080 2721 2232 2802 noscitur,
2249 2721 2414 2788 ordinetis.

602 2826 804 2891 Auctoritnto
838 2824 1036 2910 presentium
1067 2823 1273 2887 nihilominus
1304 2829 1482 2886 statuentes
1513 2829 1548 2887 ut
1570 2823 1847 2907 Archidiaoonus,
1871 2824 1926 2910 qui
1953 2846 2011 2911 pro
2042 2831 2186 2912 tempore
2215 2827 2328 2911 luerit,
2354 2831 2414 2894 nisi

602 2933 717 2998 absens
741 2953 798 3018 pro
824 2932 962 3016 negotijs
987 2938 1018 2994 et
1042 2931 1183 2994 evidenti
1207 2930 1350 3014 ejusdem
1374 2930 1520 2994 Ecclesia
1543 2932 1682 2994 utilitate
1713 2931 1827 3014 tuerit,
1852 2931 2143 2998 Archidiaconatus
2174 2943 2349 3020 proventus
2382 2939 2414 3001 in

602 3040 748 3104 absentia
772 3060 835 3102 non
861 3039 1027 3124 percipiat,
1044 3059 1102 3100 nec
1120 3039 1257 3102 officium
1282 3060 1376 3101 suum
1400 3039 1455 3123 alij
1480 3039 1678 3102 committere
1702 3039 1811 3102 valeat
1833 3038 2068 3125 exequendum,
2092 3041 2129 3123 si,
2151 3041 2284 3106 absente
2300 3044 2415 3108 Archi·

601 3148 736 3212 diacono
760 3146 814 3210 rel
836 3146 1110 3210 Archidiaconatu
1134 3153 1280 3227 vacante,
1306 3145 1444 3209 officium
1468 3147 1684 3231 exequamini,
1709 3153 1741 3210 et
1763 3147 1949 3233 percipiatis
1972 3155 2163 3232 proventus,
2188 3150 2270 3213 sicut
2294 3151 2334 3214 ad
2357 3173 2413 3216 ros

601 3255 812 3320 communiter
834 3254 975 3340 pertinet
998 3254 1050 3316 sel
1074 3253 1211 3317 divisim.
1236 3253 1326 3317 Nulli
1350 3275 1427 3338 ergo
1452 3253 1581 3317 omuino
1605 3254 1771 3318 hominum
1795 3255 1890 3318 liceat
1913 3255 1997 3318 hanc
2020 3255 2175 3340 paginam
2201 3265 2309 3322 nostre
2341 3281 2415 3324 eon·

600 3361 775 3426 stitutionis
798 3367 831 3424 et
854 3361 1068 3425 concessionis
1092 3360 1347 3445 infringereve]
1371 3361 1400 3424 ei
1424 3381 1504 3424 ausu
1529 3361 1699 3426 temerario
1724 3362 1901 3444 contraire,
1918 3362 1944 3424 si
1961 3362 2032 3448 quis
2053 3370 2161 3426 autem
2177 3363 2237 3428 hoe
2254 3372 2413 3430 attentare

601 3468 846 3556 presumpserit,
870 3468 1126 3552 indignationem
1149 3469 1376 3553 omnipotentis
1399 3467 1463 3532 Dei
1486 3489 1523 3531 ac
1547 3467 1715 3532 beatorum
1738 3467 1828 3532 Petri
1851 3475 1884 3532 et
1913 3468 2009 3532 Pauli
2040 3470 2258 3555 apostoloram
2281 3473 2349 3536 eius
2381 3495 2414 3538 se

601 3576 727 3640 noverit
748 3575 961 3639 incursurum.

689 3681 811 3746 Datum
834 3681 989 3746 Laterani
1014 3682 1118 3745 idibus
1140 3681 1234 3766 junii,
1259 3681 1462 3768 pontificatus
1487 3683 1588 3746 nostri
1612 3703 1696 3745 anno
1721 3682 1842 3768 quinto.

1462 4000 1555 4066 XXI.

1346 4217 1442 4300 1221,
1466 4216 1510 4279 27
1532 4217 1666 4301 asaperaii.

917 4431 968 4495 Ex
993 4432 1080 4495 areb.
1105 4431 1209 4516 Cepit.
1233 4430 1370 4516 Metrop.
1395 4430 1512 4494 bonon.
1538 4431 1570 4494 in
1599 4457 1613 4488 «
1639 4429 1734 4494 Libro
1757 4431 1876 4494 Arium
1900 4455 1930 4514 »,
1955 4453 2020 4496 car.
2045 4434 2098 4496 37.

687 4647 823 4724 (L‘IIoc
847 4653 896 4711 est
919 4647 1105 4732 exemplum
1129 4645 1296 4730 cujusdam
1320 4646 1524 4708 instrumenti
1548 4666 1620 4709 cum
1644 4645 1695 4709 die
1719 4652 1751 4709 et
1775 4647 1905 4710 consule
1928 4646 1974 4710 sic
1997 4647 2195 4733 incipientis:

689 4755 727 4820 In
751 4755 879 4819 nomine
903 4754 1052 4835 Domini,
1076 4774 1181 4817 arnon.
1211 4752 1368 4838 Magister
1390 4751 1505 4816 Gratia
1527 4751 1783 4816 Archidiaeonus
1807 4753 2012 4818 bononiensis
2036 4776 2094 4840 pro
2125 4756 2246 4821 honore
2269 4765 2302 4823 et
2329 4767 2416 4824 statu

599 4863 740 4950 Capituli
763 4862 968 4927 bononiensis
992 4859 1198 4945 infrascripta
1223 4859 1373 4946 Capitale
1397 4867 1428 4922 et
1450 4859 1588 4942 Statuta,
1606 4859 1728 4923 scilieet
1751 4859 1990 4944 infrascriptam
2013 4861 2151 4926 sormam
2167 4885 2293 4950 semper
2308 4865 2341 4930 in
2358 4867 2414 4931 bo·

598 4970 745 5035 noniensi
770 4968 919 5055 Capitulo
943 4969 1151 5054 imposterum
1176 4967 1388 5048 observanda,
1412 4966 1615 5053 presentibus
1639 4967 1670 5030 J.
1694 4967 1978 5053 archipresbitero,
2003 4968 2120 5034 domno
2143 4969 2273 5055 Probo,
2297 4973 2414 5038 dornno

598 5078 783 5159 Ottariano,
809 5077 925 5141 domno
949 5075 1097 5157 Alberto,
1122 5075 1239 5138 domno
1265 5074 1423 5156 Guidoue,
1449 5073 1565 5137 domno
1589 5074 1729 5158 Angelo,
1753 5074 1950 5160 presbiteris,
1975 5075 2130 5160 magistro
2155 5077 2300 5162 Oddone,
2316 5081 2415 5145 Petro

599 5186 746 5266 Succida,
772 5183 920 5247 Gnidone
945 5183 1076 5265 Grasso,
1101 5181 1245 5263 Andrea,
1269 5182 1425 5266 magistro
1447 5180 1599 5262 Martiae,
1616 5181 1815 5264 diaconibus,
1838 5181 1985 5246 Guidoue
2010 5182 2049 5246 de
2072 5182 2232 5269 Bagnolo,
2250 5186 2414 5272 Guidotto,

596 5293 751 5378 magistro
783 5290 970 5372 Lamberto,
994 5289 1129 5370 Jacobo,
1154 5288 1309 5373 magistro
1333 5287 1520 5369 Tancrcdo,
1545 5287 1812 5370 subdiaconibus,
1837 5294 1870 5352 et
1896 5287 2092 5376 Henrigipto
2124 5293 2285 5356 canonicis
2314 5293 2415 5358 bono·

597 5400 772 5480 aiensibus,
789 5398 884 5461 tactis
900 5397 1113 5460 sacrosanctis
1136 5395 1335 5480 Evangeliis,
1350 5395 1488 5479 juravit:
1512 5394 1610 5479 «Epo
1632 5398 1775 5480 recenter
1801 5395 1914 5459 Gratia
1933 5396 2178 5462 Archidiaconus
2193 5397 2330 5464 Bononia
2345 5422 2415 5464 corr-

596 5511 682 5574 aeilia
699 5515 725 5572 et
741 5507 860 5570 decreta
887 5504 1023 5589 Gemituli
1045 5503 1246 5586 bononiensis,
1263 5525 1320 5588 pua
1341 5511 1481 5588 precepta
1504 5511 1595 5566 erunt
1611 5523 1670 5566 esse
1685 5511 1796 5567 secreta
1810 5525 1871 5586 per
1885 5503 2146 5568 Arelaidiaconnm
2162 5513 2189 5570 et
2203 5507 2415 5591 Arclripresdi·

597 5624 708 5698 lerum,
731 5614 777 5677 aei
800 5633 905 5676 eorum
927 5613 1071 5693 alterum,
1093 5613 1148 5694 ecl,
1172 5612 1213 5675 eis
1235 5609 1415 5692 adsentitur,
1433 5631 1494 5694 per
1518 5608 1706 5694 Capitulum,
1722 5610 1805 5673 recelli
1824 5611 1973 5695 pandam,
1998 5612 2082 5675 nitra
2105 5611 2416 5678 decimumoctavum

601 5723 823 5787 Canonicarnm
846 5739 1010 5783 uulnerum
1035 5719 1068 5781 in
1086 5717 1260 5782 bononiensi
1282 5716 1418 5780 Ecclesia
1441 5719 1636 5780 constitutum
1661 5718 1784 5780 nallnm
1800 5719 1833 5780 in
1852 5715 2041 5780 Canorricum
2057 5719 2166 5803 stipam
2190 5721 2235 5783 ael
2258 5723 2415 5806 recipiam,

597 5831 720 5894 ordines
750 5827 872 5892 sanabo
899 5828 932 5890 in
959 5825 1099 5910 Capitale
1121 5824 1310 5908 batoniensi,
1334 5825 1467 5888 uidelicet
1490 5845 1542 5888 sar
1566 5823 1751 5887 Presbiteros
1774 5831 1800 5888 et
1823 5845 1876 5887 sen
1897 5824 2051 5888 Diaconos
2074 5833 2102 5890 rt
2124 5834 2258 5910 quatuor
2281 5826 2416 5892 Subdin-

597 5958 684 6002 conos
707 5943 734 6000 et
757 5935 834 5999 (leros
856 5934 997 6015 Acolitos,
1022 5935 1063 5996 ita
1086 5941 1188 5996 taurea
1211 5953 1279 5996 cane
1297 5935 1402 6016 primo
1425 5933 1574 5995 eacceerit
1598 5929 1683 5994 Ordo
1708 5931 1960 6012 Subdiacanatas,
1985 5933 2094 6017 eliparn
2120 5931 2203 5996 Ordo
2226 5934 2292 6016 ejus
2315 5957 2416 6000 aarum

597 6045 639 6110 ad
661 6044 825 6107 Accilium.
849 6041 899 6106 De
921 6042 978 6105 lrac
1000 6049 1101 6104 tamen
1125 6040 1327 6104 obseruatione
1349 6047 1377 6103 et
1395 6040 1541 6103 araneum
1557 6039 1744 6102 districtione
1759 6041 1826 6102 nolo
1834 6040 2016 6122 juramento
2031 6041 2137 6122 teneri,
2154 6043 2215 6104 nisi
2229 6062 2297 6105 cnm
2316 6041 2417 6124 fuerit

591 6175 652 6238 per
677 6151 871 6236 Superiorem
894 6150 947 6212 boc
973 6147 1165 6233 Capitulum,
1188 6169 1241 6211 seu
1271 6147 1417 6210 ordinum
1440 6147 1598 6230 districtio,
1621 6146 1820 6230 confirmata,
1843 6147 1966 6210 realium
1990 6148 2098 6232 eliaam
2130 6148 2176 6212 ael
2205 6150 2348 6232 recipiam
2379 6152 2412 6214 in

600 6260 789 6326 Caranicum
812 6257 1034 6340 bononiensem,
1057 6258 1118 6319 nisi
1140 6255 1182 6320 ad
1205 6276 1285 6338 cunr,
1309 6276 1397 6340 quern
1414 6276 1475 6338 per
1499 6262 1622 6318 mortem
1647 6255 1779 6338 alicujus
1804 6254 1968 6338 Canonici,
1992 6256 2036 6319 rel
2066 6257 2127 6320 alio
2154 6256 2242 6320 moda
2271 6257 2413 6342 lepitiuw,

677 6492 716 6556 (1)
738 6489 779 6540 Ex
798 6506 853 6558 reg.
874 6489 926 6540 III.
946 6488 1059 6540 Honorii
1077 6487 1149 6548 III.,
1169 6503 1211 6555 ep.
1232 6489 1292 6551 745,
1312 6483 1359 6537 fol.
1381 6488 1440 6550 149,
1459 6484 1625 6550 dccxxi,
1644 6485 1724 6537 XIII.
1744 6486 1821 6537 iunii.
