5484 7746
865 652 1096 704 sancraurrs
1124 655 1175 704 an
1204 655 1458 706 rnorassoaas
1486 657 1694 707 uanroruan
2107 640 2182 711 233

370 803 505 888 injurias
528 804 630 870 factas
655 806 837 870 hominibus
861 808 1001 872 civitatis
1026 815 1058 872 et
1081 808 1244 874 districtus
1267 809 1423 892 Bononia,
1441 818 1473 875 et
1490 813 1575 898 quod
1592 812 1660 897 ipse
1684 813 1826 896 gaudeat
1849 821 1881 877 et
1905 813 2047 899 gaudere
2070 814 2187 880 debeat

370 911 560 997 privillegiis
584 919 616 976 et
639 913 812 996 beneficiis,
830 914 945 998 quibus
962 915 1105 999 gaudent
1125 915 1202 980 dicti
1226 916 1343 982 medici
1365 923 1398 981 et
1421 918 1568 983 doctores
1592 919 1749 984 dictarum
1773 919 1905 1003 arcium,
1923 942 1961 984 ae
1984 921 2012 984 si
2033 922 2187 1008 scriptum

370 1027 455 1083 esset
479 1040 595 1084 nomen
618 1020 689 1103 ejus
713 1020 746 1083 in
767 1019 922 1106 Collegijs
939 1021 1081 1107 ipsorum
1102 1022 1310 1107 Medicorum,
1328 1023 1506 1089 Doctorum
1530 1033 1562 1089 ot
1585 1027 1825 1111 Magistrorum,
1843 1049 1906 1092 non
1929 1027 2077 1092 obstante
2101 1029 2187 1114 quod

369 1126 495 1190 dicatur
511 1126 596 1212 quod
619 1127 660 1191 sit
681 1127 791 1211 junior
815 1128 948 1214 triginta
972 1129 1075 1210 annis,
1093 1130 1144 1193 vel
1167 1130 1232 1194 alis
1255 1152 1458 1216 quacumque
1483 1154 1591 1216 causa,
1617 1141 1649 1197 et
1672 1134 1813 1198 maxime
1837 1155 1909 1200 cum
1933 1155 1953 1198 a
1975 1136 2186 1221 prudentibus

371 1234 446 1296 viris
477 1234 605 1320 publice
638 1244 828 1299 enarrentur
857 1235 942 1322 quod
972 1237 1106 1300 scicntia
1138 1243 1170 1300 et
1197 1237 1324 1302 bonitas
1356 1238 1490 1324 perfecti
1522 1239 1661 1304 doctoris
1693 1241 1859 1306 consuevit
1889 1242 2064 1328 adimplere
2092 1243 2187 1308 etatis

370 1341 540 1405 defectum.

391 1555 553 1620 Partitum
656 1556 738 1621 Item
763 1557 848 1622 lacto
873 1560 991 1644 partito
1011 1581 1069 1645 per
1088 1559 1209 1623 dictum
1224 1559 1389 1624 dominum
1407 1559 1619 1647 Capitaneum
1637 1562 1677 1626 de
1693 1562 1833 1626 sedendo
1850 1564 1891 1627 ad
1908 1563 2081 1628 levandum
2097 1572 2129 1628 et
2145 1564 2185 1627 ad

387 1663 565 1747 magistri
656 1665 854 1748 scrutinium,
879 1673 914 1728 ut
937 1666 1058 1730 dictum
1081 1673 1139 1748 est,
1164 1667 1287 1752 placuit
1311 1667 1374 1731 illis
1398 1668 1453 1752 qni
1475 1676 1652 1754 posuerunt
1668 1669 1760 1733 fabas
1777 1669 1878 1753 albas,
1896 1671 1951 1756 qui
1975 1670 2105 1735 fuerunt
2128 1693 2186 1734 nu·

369 1769 583 1855 Bonnesegne
656 1792 744 1836 mero
767 1772 903 1836 trecenti
927 1772 1036 1836 decem
1060 1781 1093 1837 et
1116 1795 1246 1854 uorem,
1271 1773 1382 1858 qu0[d]
1412 1774 1529 1860 peticio
1561 1775 1706 1861 magistri
1737 1777 1951 1862 Bonensegne
1978 1777 2036 1840 filii
2067 1777 2186 1842 domini

654 1880 836 1944 Beovenuti
860 1879 1022 1964 Bonifacij
1046 1881 1088 1945 sit
1110 1882 1213 1963 firma,
1239 1882 1347 1946 valeat
1369 1889 1402 1946 et
1424 1889 1534 1948 teneat
1558 1891 1590 1947 et
1613 1884 1745 1970 plenum
1768 1886 1867 1949 robur
1890 1885 2034 1950 obtineat
2056 1891 2089 1950 et
2111 1906 2187 1950 exe·

371 1986 496 2051 cucioni
527 1987 696 2050 rmmdetur
726 1986 758 2049 in
791 1987 937 2051 omnibus
970 2003 1001 2051 et
1031 2010 1090 2074 per
1122 1989 1229 2053 omnia
1260 1989 1436 2054 secundnm
1468 1990 1553 2075 qnod
1584 1991 1704 2077 scripta
1727 1999 1776 2056 est
1799 1999 1831 2056 et
1853 1993 1938 2056 laeta
1960 1992 2022 2056 fuit
2044 1993 2077 2057 in
2100 1992 2186 2056 dieto

370 2093 529 2176 Consilio,
555 2115 618 2158 non
642 2094 845 2158 obstantibus
868 2102 928 2158 etc.
953 2101 989 2158 ut
1012 2117 1128 2181 supra3
1154 2096 1201 2158 illi
1226 2097 1281 2180 qui
1303 2105 1480 2182 posuerunt
1503 2098 1596 2162 fabas
1624 2099 1735 2184 nigras
1768 2101 1799 2163 in
1831 2099 2027 2164 eontrarium
2057 2101 2188 2164 fuerunt

368 2200 479 2265 decem
502 2205 535 2264 et
558 2207 691 2286 septem.
1056 2193 1060 2202 ’

457 2308 666 2372 Preseutibus
691 2309 827 2372 Daniele
852 2308 1012 2373 Jchannis
1036 2317 1068 2372 et
1090 2309 1238 2375 Rolando
1263 2311 1387 2376 Oasotti
1410 2311 1635 2376 bannitoribus
1657 2313 1783 2399 Populi,
1800 2315 1936 2379 testibus
1953 2315 1985 2378 in
2001 2314 2086 2378 dicto
2103 2313 2185 2380 Oen-

369 2417 439 2479 silio
464 2417 687 2481 existentibus.

1239 2649 1313 2713 XV.

1116 2846 1211 2928 1298,
1239 2847 1281 2908 17
1304 2845 1439 2910 octobris.

2088 3023 2140 3088 1—83

399 3040 451 3104 Ex
475 3041 606 3106 archivo
630 3043 733 3106 sancti
757 3041 919 3107 Dominici
943 3043 1086 3124 Bonon,
1112 3063 1196 3106 nunc
1221 3043 1252 3106 in
1277 3042 1357 3106 Tab.
1374 3041 1462 3106 llari.
1480 3042 1573 3124 bom,
1598 3051 1674 3106 sect.
1698 3042 1913 3108 «Deruoniole
1930 3068 1959 3126 s,
1984 3065 2070 3108 num.
2089 3093 2156 3140 „„.

456 3275 493 3338 In
519 3273 638 3339 Christi
662 3274 800 3356 nomine,
825 3295 929 3338 amen.
954 3275 1052 3338 Anno
1076 3295 1095 3338 a
1119 3274 1288 3338 nativitate
1312 3274 1457 3358 ejusdem
1487 3275 1618 3338 Domini
1649 3275 1818 3340 millesimo
1842 3275 2060 3341 ducentesimo
2084 3298 2184 3341 nona·

367 3384 489 3468 gesimo
514 3389 637 3464 octavo,
655 3381 827 3446 indictione
851 3381 1030 3464 undecima,
1048 3382 1099 3444 die
1116 3381 1243 3445 veneris
1260 3381 1383 3446 decimo
1400 3382 1537 3468 septimo
1554 3383 1672 3446 mensis
1689 3383 1840 3447 octubris.
1856 3387 1908 3458 (U
1921 3383 2042 3448 Notum
2058 3384 2099 3448 sit
2114 3385 2184 3448 uni·

251 3493 253 3500 '
366 3490 468 3553 versis
491 3496 655 3574 presentes
680 3489 790 3554 literas
814 3489 1023 3576 inspecturis,
1048 3487 1133 3574 qnod
1162 3510 1219 3552 nos
1251 3490 1351 3554 frater
1382 3489 1602 3554 Thedericlrus
1633 3489 1743 3553 divina
1774 3490 1979 3554 miseratione
2011 3491 2183 3556 cerviensis

366 3599 534 3684 episcopus
558 3598 737 3682 recepimus
761 3597 885 3660 litteras
910 3597 1104 3660 sanctissimi
1126 3597 1228 3681 patris
1252 3597 1372 3660 domini
1395 3596 1555 3682 Nicholay
1571 3618 1655 3682 pape
1671 3597 1717 3681 iij.
1736 3619 1807 3661 cnm
1824 3597 1921 3662 Bulla
1940 3599 2057 3684 Papali
2079 3599 2184 3684 plum·

366 3706 427 3768 bea
451 3705 627 3790 pendente,
651 3725 716 3768 nou
740 3705 869 3768 vitiatas
894 3725 953 3768 nec
976 3704 1186 3786 cancellatas,
1212 3725 1271 3768 nee
1294 3704 1327 3768 in
1350 3704 1459 3789 aliqua
1483 3705 1533 3768 sui
1555 3711 1648 3790 parte
1671 3705 1809 3770 abolitas
1840 3705 1891 3768 vel
1922 3713 2102 3791 suspectas,
2127 3707 2183 3770 sed

367 3813 398 3876 in
422 3834 480 3876 sua
503 3813 607 3898 prima
631 3813 736 3897 ligura
759 3821 792 3876 et
816 3833 893 3876 vera
915 3812 1014 3876 Bulla
1036 3811 1175 3876 formam
1202 3811 1388 3895 hujusmodi
1411 3812 1629 3876 continentes:

459 3924 542 3996 ‹flj
557 3919 734 3984 Nicholaus
757 3919 944 4005 episcopus,
969 3941 1082 3983 servus
1105 3939 1272 3983 servorum
1294 3917 1373 4000 Dei,
1397 3919 1575 3983 venerabili
1599 3918 1692 3983 fratri
1716 3919 1917 3984 Thsderieho
1941 3920 2091 4006 episcopo
2114 3942 2182 3984 cer·
2277 3997 2283 4019 Ι

364 4027 465 4090 viensi
490 4027 627 4090 salutem
648 4033 680 4090 et
696 4027 907 4112 apostolicam
930 4026 1196 4090 benedictionem.
1212 4030 1265 4102 (Π
1277 4025 1362 4099 Quia
1385 4026 1542 4112 presentis
1566 4027 1631 4090 vite
1656 4026 1795 4090 conditio
1820 4035 1939 4090 statum
1963 4028 2061 4091 habet
2083 4028 2182 4091 insta·

365 4135 471 4216 bilem,
493 4141 525 4197 et
547 4155 587 4198 ea
612 4155 673 4219 que
697 4133 857 4198 visibilem
881 4133 1002 4196 habent
1025 4132 1192 4214 effectum,
1210 4133 1345 4197 tendunt
1368 4133 1538 4197 visibiliter
1561 4133 1603 4198 ad
1626 4155 1690 4197 non
1714 4155 1803 4216 esse3
1827 4142 1862 4198 tu
1886 4135 1946 4198 hac
1970 4135 2092 4199 salubri
2115 4156 2180 4198 me·

364 4241 519 4305 ditatione
550 4241 766 4326 premeditans
798 4240 884 4305 diem
914 4247 968 4304 tue
999 4241 1269 4326 peregrinationis
1297 4246 1478 4305 extremum
1501 4241 1709 4327 dispositione
1742 4243 1985 4306 testamentaria
2016 4241 2180 4306 desideras

362 4349 541 4435 prevenire.
557 4351 609 4423 (ῙῘ
621 4348 688 4413 Nos
712 4349 820 4434 itaque
845 4348 907 4411 tuis
939 4348 1228 4433 supplicationibus
1260 4348 1423 4431 inclinati,
1449 4355 1483 4411 ut
1513 4347 1552 4412 de
1584 4349 1676 4413 bonis
1701 4349 1763 4413 tuis
1787 4349 2010 4435 undecumque
2034 4371 2099 4414 non
2122 4371 2180 4436 per

362 4456 542 4520 Ecclesiam
573 4478 631 4520 sen
661 4455 823 4520 Ecclesiae
856 4456 942 4520 licite
974 4455 1158 4540 acquisitis,
1191 4477 1252 4541 que
1284 4455 1325 4518 ad
1355 4463 1386 4518 te
1418 4457 1579 4542 pertinere
1612 4456 1793 4520 omnimode
1824 4456 2051 4540 dinoscuntur,
2078 4457 2179 4522 libere

364 4565 474 4628 testari
497 4564 618 4646 valeas,
644 4585 681 4627 ae
705 4564 744 4627 de
768 4563 860 4627 bonis
884 4563 1056 4629 mobilibus
1080 4563 1315 4646 ecclesiasticis,
1339 4570 1405 4645 tue,
1426 4563 1502 4626 dum
1526 4565 1662 4645 viveres,
1686 4564 1918 4650 dispensationi
1941 4586 1997 4628 seu
2022 4564 2179 4628 admnini·

363 4671 510 4736 strationi
533 4671 687 4753 comissis,
705 4677 738 4734 et
761 4692 822 4756 que
847 4692 911 4734 non
934 4670 1055 4734 fuerint
1078 4671 1190 4733 altaris
1214 4671 1401 4751 ministerio,
1419 4691 1475 4734 ssu
1500 4670 1596 4734 alicui
1620 4671 1753 4756 speciali
1775 4670 1884 4735 divino
1909 4671 2010 4734 cultui
2031 4671 2083 4735 vel
2107 4671 2179 4735 usui

362 4778 527 4864 deputata,
543 4779 596 4842 vel
620 4799 682 4864 que
706 4777 836 4843 Ordinis
852 4777 1005 4842 Fratrum
1020 4777 1275 4859 Predicatorum,
1292 4799 1389 4863 quem
1413 4777 1502 4842 fuisti
1525 4778 1699 4864 professus,
1721 4800 1784 4843 non
1807 4779 1959 4860 existant,
1983 4799 2041 4864 pro
2064 4778 2179 4842 decen·

363 4887 448 4950 tibus
472 4893 504 4949 et
527 4885 670 4950 honestis
694 4885 844 4971 expensis
868 4885 915 4948 tui
938 4884 1060 4949 funeris
1084 4893 1115 4948 et
1139 4907 1197 4971 pro
1221 4886 1480 4950 remuneratione
1504 4884 1642 4967 illorum,
1659 4886 1714 4971 qui
1736 4885 1794 4949 tibi
1816 4885 2016 4968 serviverint,
2032 4886 2099 4950 sive
2115 4886 2180 4950 sint

362 4993 603 5078 consanguinei,
627 4994 695 5056 sive
720 4992 786 5076 alij,
801 4994 898 5076 juxta
921 4993 1044 5076 servitij
1069 4992 1229 5074 meritum,
1247 4993 1359 5056 testari
1382 5014 1421 5057 ae
1443 4992 1613 5077 disponere
1637 4993 1750 5078 possis,
1767 4999 1800 5056 et
1823 4993 1904 5056 alias
1927 4993 2016 5078 prius
2039 5000 2093 5057 tue
2116 4992 2178 5057 Ec·

363 5100 458 5163 clesie
482 5121 536 5164 ere
560 5099 666 5163 alieno
689 5099 837 5181 deducto,
863 5121 903 5162 ne
928 5099 997 5184 ipsa
1021 5098 1168 5163 Ecclesia
1190 5106 1357 5164 remaneat
1388 5099 1503 5164 debitis
1527 5099 1689 5185 obligata,
1714 5100 1753 5163 de
1778 5099 1854 5184 ipsis
1882 5100 2008 5186 inpios
2040 5121 2116 5164 usus
2140 5121 2178 5165 ae

362 5207 466 5271 licitos
486 5205 720 5289 convertendis,
737 5206 796 5270 tibi
817 5207 1008 5272 auctoritate
1024 5206 1221 5291 presentium
1237 5207 1367 5293 plenam
1384 5229 1422 5271 ac
1437 5207 1573 5271 liberam
1590 5207 1793 5272 concedimus
1809 5206 2007 5271 facultatem.
2020 5207 2178 5272 Volumus

362 5323 470 5378 tamen
493 5321 529 5378 ut
555 5314 589 5378 iu
618 5313 805 5378 eorumdem
835 5313 1124 5378 ecclesiastieorum
1156 5313 1363 5399 dispositione
1394 5315 1551 5378 bonorum
1579 5315 1675 5398 juxta
1706 5315 1919 5399 quantitatem
1949 5314 2067 5379 residui
2099 5335 2178 5400 erga

361 5420 541 5504 Ecclesiae,
566 5444 585 5485 a
609 5421 724 5506 quibus
749 5420 861 5484 eadem
884 5421 1074 5507 percepisti,
1099 5428 1130 5484 te
1154 5420 1321 5484 liberalem
1345 5421 1488 5504 exibeas,
1512 5429 1608 5507 prout
1635 5422 1831 5487 conscientia
1854 5421 1913 5486 tibi
1936 5421 2122 5505 dictaverit,
2147 5429 2179 5486 et

362 5529 456 5593 saluti
482 5530 587 5594 anime
618 5535 673 5594 tue
697 5527 815 5592 videris
839 5527 1003 5614 expedire.
1027 5526 1150 5591 Datum
1173 5527 1277 5592 Rome
1301 5528 1387 5613 apud
1411 5535 1559 5592 sanetum
1581 5528 1732 5610 Petrum,
1757 5535 1850 5593 sexto
1873 5529 1997 5593 decimo
2021 5529 2177 5593 kalendas

361 5636 470 5718 madii,
493 5637 698 5722 pontificatus
721 5635 823 5700 nostri
846 5655 931 5700 anno
955 5634 1097 5699 secundo
1123 5659 1152 5699 ›.

449 5744 598 5808 Prodicte
622 5745 731 5829 itaque
754 5743 945 5807 auctoritate
969 5742 1097 5807 licentis
1119 5742 1189 5806 sani
1205 5749 1322 5825 mente,
1340 5742 1486 5828 quamvis
1504 5763 1636 5829 corpore
1652 5742 1786 5824 debiles,
1802 5763 1934 5828 presens
1951 5750 2178 5808 testamentum

362 5851 615 5938 nuncupativum
639 5851 707 5915 sine
730 5850 858 5935 scriptis
880 5850 1081 5914 voluntatem
1106 5856 1248 5914 nostram
1272 5849 1419 5914 ultimam
1443 5849 1642 5934 disponimus
1665 5857 1698 5914 et
1721 5849 1856 5914 facimus
1880 5850 1913 5914 in
1936 5850 2021 5914 huno
2038 5850 2178 5914 modum.

450 5957 489 6022 ln
512 5959 624 6044 primis
647 5957 912 6023 recomandamus
938 5957 1078 6021 animam
1103 5965 1246 6022 nostram
1269 5957 1340 6021 Deo
1364 5963 1397 6020 et
1419 5957 1514 6020 beate
1531 5957 1634 6022 Maria
1650 5979 1776 6044 semper
1792 5956 1920 6042 Virgini
1936 5965 1968 6020 et
1985 5957 2087 6021 beatis
2103 5979 2178 6020 oon·

361 6065 536 6129 sessoribus
559 6065 756 6128 Paterniano
780 6070 916 6150 patrono
939 6063 1084 6129 Ecclesia
1107 6065 1291 6147 cerviensis,
1308 6071 1341 6128 et
1363 6063 1521 6128 Nicholao
1538 6084 1576 6128 ac
1592 6065 1761 6129 Dominico
1778 6065 1922 6150 patronis
1938 6063 2082 6128 Ecclesia
2098 6063 2177 6127 Fra÷

361 6184 447 6236 trum
469 6172 712 6236 Predieatcrum
736 6172 775 6234 de
799 6171 957 6236 Bononia.

450 6279 532 6344 Item
557 6279 756 6364 sepulturam
780 6284 924 6342 nostram
947 6277 1095 6364 eligimus
1120 6279 1152 6343 in
1176 6279 1313 6344 eeclesia
1336 6279 1423 6344 beati
1446 6277 1622 6362 Dominici,
1646 6279 1679 6344 in
1703 6279 1850 6366 sepulcro
1875 6279 1960 6364 quod
1990 6278 2023 6341 in
2054 6277 2176 6363 presbi-

361 6388 441 6452 terio
465 6409 548 6452 novo
573 6407 593 6450 a
616 6386 718 6450 latere
742 6385 871 6450 sinistro
895 6385 1029 6450 lecimus
1048 6385 1211 6452 fabricari.
1235 6386 1278 6450 Et
1300 6386 1328 6451 si
1344 6385 1511 6472 contingat
1530 6408 1588 6451 nos
1604 6394 1697 6451 extra
1712 6386 1894 6452 Bononiam
1910 6386 2001 6468 mori,
2017 6385 2175 6467 volumus,

360 6495 445 6582 quod
469 6515 585 6580 corpus
609 6499 754 6558 nostrum
777 6492 942 6557 deleratur
965 6493 1094 6556 ibidem.

441 6633 509 6670 rou.
528 6633 559 6668 rr.
2061 6617 2095 6667 80
