5484 7746
637 583 713 654 230·
1426 601 1665 652 uouuusurn

722 757 805 822 ltem
832 757 1046 844 relinquimus
1072 765 1104 822 et
1128 757 1347 823 condonamus
1370 756 1540 821 Fratribus
1563 757 1603 821 de
1626 757 1791 822 Barbiano
1814 757 1947 842 triginta
1971 757 2070 820 libras
2093 758 2335 822 bononenorum
2357 758 2395 820 de
2415 780 2452 822 co

633 866 718 951 quod
743 865 835 929 nobis
862 865 1028 928 annuatim
1054 863 1188 929 reddere
1212 869 1372 946 tenentur,
1389 865 1471 928 sicut
1492 871 1581 949 patet
1605 885 1663 950 per
1687 871 1809 928 cartam
1837 864 1989 950 scriptam
2014 886 2111 928 manu
2134 864 2328 950 Henregipti
2350 864 2452 928 Petri-

632 973 694 1036 zoli
719 971 758 1035 de
782 970 942 1035 Vandalis
967 971 1095 1052 notarii,
1121 971 1240 1034 iactam
1265 971 1325 1034 sub
1358 991 1443 1035 anno
1477 970 1608 1035 Domini
1640 971 1810 1035 millesimo
1842 971 2061 1035 ducentesimo
2090 971 2282 1056 nonageimo
2305 971 2452 1052 secundo,

633 1079 808 1143 indictione
833 1078 955 1163 quinta,
980 1078 1032 1142 die
1057 1085 1171 1142 octavo
1195 1079 1395 1163 septembris.

719 1185 804 1249 Item
829 1185 1041 1270 relinquimus
1065 1191 1098 1249 et
1121 1184 1340 1249 condonamus
1365 1184 1536 1249 Sororibus
1561 1185 1600 1249 de
1624 1185 1845 1250 Misericordia
1870 1185 1968 1250 libras
1993 1186 2127 1271 triginta
2151 1185 2392 1250 bononenorum
2415 1185 2453 1249 de

630 1315 669 1358 ea
694 1313 830 1374 summa,
849 1313 946 1378 quam
970 1290 1048 1360 dare
1073 1292 1165 1357 nobis
1189 1299 1339 1356 tenentur
1363 1293 1530 1356 annuatim
1555 1315 1613 1378 per
1630 1301 1753 1357 cartam
1771 1293 1923 1380 scriptam
1939 1315 2037 1358 manu
2053 1293 2212 1358 dohannis
2228 1293 2454 1358 Bonarentnre

631 1401 670 1464 de
694 1400 803 1464 Armis
829 1399 956 1482 notarii,
974 1399 1095 1464 laetam
1118 1400 1179 1463 sub
1203 1421 1287 1464 anno
1311 1398 1443 1464 Domini
1468 1400 1639 1465 millesimo
1665 1400 1883 1464 ducentesimo
1907 1403 2116 1486 nonagesimo
2140 1407 2266 1486 quarto,
2284 1399 2454 1464 indictione

631 1509 778 1594 septima,
803 1507 855 1571 die
879 1513 972 1570 sexto
998 1507 1116 1570 mensis
1140 1507 1332 1592 septembris
1357 1556 1600 1572 ........

720 1614 758 1678 In
783 1615 932 1678 omnibus
957 1621 1065 1678 autem
1089 1614 1161 1678 aliis
1186 1615 1279 1678 bonis
1303 1615 1420 1680 nostris
1444 1615 1619 1680 mobilibus
1644 1622 1675 1679 et
1692 1615 1919 1696 immobilibus,
1934 1615 2062 1700 juribus
2077 1622 2110 1678 et
2127 1615 2307 1679 actionibus
2323 1613 2454 1678 utilibus

631 1729 664 1786 et
687 1722 826 1804 directis,
844 1722 986 1785 realibus
1009 1728 1042 1785 et
1062 1722 1298 1807 personalibus,
1316 1730 1444 1786 nostros
1462 1722 1598 1787 heredes
1614 1723 1820 1805 instituimus,
1837 1727 1869 1786 et
1883 1723 1956 1806 jure
1973 1722 2181 1786 institutionis
2198 1720 2407 1807 relinquimus
2422 1727 2454 1784 et

631 1829 874 1894 essevolumus
899 1829 1069 1913 equalibus
1093 1828 1305 1914 portionibus,
1324 1836 1517 1894 conventum
1539 1829 1690 1894 Fratrum
1714 1829 1956 1894 Predicatornm
1981 1829 2021 1893 de
2044 1828 2191 1892 Bononia
2215 1835 2246 1892 et
2262 1835 2454 1893 conventum

632 1937 784 2001 Fratrum
807 1935 1053 2000 Predicatornm
1077 1936 1116 1999 de
1140 1935 1241 2017 Luca,
1262 1944 1294 2000 et
1319 1936 1498 2022 predictam
1522 1935 1703 2001 Ecclesiam
1727 1937 1940 2018 cerviensen13
1964 1936 2112 2000 volumus
2136 1943 2242 2000 autem
2266 1943 2299 2000 et
2322 1935 2454 2000 manda·

631 2065 702 2108 mus
735 2043 821 2128 quod
852 2051 1029 2108 convontus
1061 2043 1215 2106 Fratrum
1246 2043 1492 2108 Predicatornm
1524 2044 1564 2106 de
1598 2044 1746 2109 Bononia
1779 2043 1922 2108 edificari
1944 2044 2038 2108 fatiat
2061 2052 2093 2108 et
2117 2044 2270 2129 compleri
2293 2043 2454 2128 quamcito

631 2159 737 2238 potest
753 2150 886 2214 comode
902 2150 982 2232 lieri,
1001 2171 1082 2235 opus
1099 2157 1131 2213 et
1147 2149 1342 2214 testudinem
1359 2172 1417 2236 per
1444 2171 1502 2214 nos
1527 2151 1687 2236 inceptam
1711 2172 1808 2237 super
1830 2151 2056 2237 presbiterium
2077 2151 2209 2234 majoris
2225 2151 2336 2214 altaris
2353 2149 2454 2212 sancti

632 2257 793 2342 Nicholay
817 2277 874 2342 per
898 2277 1029 2320 manum
1054 2257 1162 2320 fratris
1186 2257 1387 2342 Marchysini
1410 2256 1450 2320 de
1474 2257 1679 2343 Principibus
1703 2265 1736 2322 et
1758 2258 1867 2322 fratris
1891 2257 2146 2322 Branchaleonis
2169 2257 2209 2322 de
2236 2256 2393 2321 Rodaldis
2416 2255 2455 2320 de

631 2364 780 2430 Bononia
804 2371 836 2427 et
859 2363 969 2427 fratris
996 2363 1154 2449 Stephani
1178 2364 1252 2448 sotij
1277 2364 1394 2446 nostri,
1420 2364 1537 2449 quibus
1560 2365 1620 2428 hoc
1644 2365 1826 2451 spetialiter
1849 2387 1929 2452 opus
1953 2363 2137 2429 faciendum
2165 2371 2197 2428 et
2226 2361 2456 2449 perficiendum

632 2473 836 2552 comittimus,
854 2479 886 2535 et
903 2471 943 2534 ad
962 2471 1188 2557 complendum
1212 2471 1332 2536 dictum
1358 2493 1437 2557 opus
1461 2472 1647 2558 expendant
1671 2473 1814 2537 redditus
1838 2472 1966 2559 poderis
1986 2471 2026 2536 de
2042 2471 2190 2553 Frusino,
2207 2470 2292 2556 quod
2308 2471 2456 2556 superius

632 2580 830 2644 restituimus
855 2578 1027 2643 Sororibus
1051 2585 1162 2642 sancte
1186 2578 1324 2663 Agnetis
1348 2601 1407 2664 pro
1431 2601 1466 2643 se
1491 2587 1523 2643 et
1546 2579 1714 2644 Fratribus
1731 2579 2003 2660 Predicatoribus,
2020 2587 2052 2643 et
2068 2579 2167 2643 nichil
2185 2579 2364 2665 precipiant
2380 2577 2456 2641 dicti

632 2693 810 2752 conventus
833 2685 985 2750 Fratrum
1009 2693 1041 2750 ct
1065 2686 1219 2750 Sororum
1236 2685 1275 2749 de
1294 2686 1475 2750 redditibus
1492 2687 1592 2774 ipsius
1608 2687 1736 2772 poderis
1753 2687 1792 2750 de
1809 2687 1962 2752 Frassino
1985 2687 2087 2751 donec
2111 2685 2231 2750 dictum
2254 2707 2336 2772 opus
2359 2684 2457 2748 fuerit

631 2793 821 2880 perlectum,
839 2794 895 2858 sed
919 2793 1088 2880 perveniat
1109 2793 1149 2858 ad
1167 2815 1281 2857 manus
1298 2794 1457 2858 dictorum
1482 2794 1617 2858 fratrum
1642 2794 1897 2860 Branchaleonis
1920 2802 1953 2859 et
1977 2793 2165 2860 Marchisini
2188 2801 2221 2857 et
2243 2792 2401 2880 Stephani
2424 2795 2456 2857 in

631 2901 717 2966 dicto
741 2921 838 2986 opere
862 2900 1067 2986 expendendi
1093 2949 1335 2965 ........

720 3006 842 3070 Datum
866 3013 899 3070 et
923 3015 1031 3070 actum
1055 3006 1201 3071 Bononia
1225 3009 1257 3071 in
1282 3007 1394 3092 Burgo
1418 3007 1521 3072 Richo
1547 3007 1579 3072 in
1608 3008 1702 3072 domo
1734 3015 1844 3073 nostra
1875 3009 1907 3072 in
1940 3029 2070 3072 camara
2100 3015 2229 3090 nostra,
2252 3006 2456 3094 presentibus

631 3113 767 3177 testibus
792 3113 915 3177 vocatis
940 3123 971 3177 et
996 3115 1119 3199 rogatis
1145 3115 1330 3179 venerabile
1354 3122 1446 3200 patre
1471 3114 1601 3180 domino
1625 3115 1725 3179 fratre
1749 3115 1922 3180 Francisco
1946 3115 2077 3180 Ordinis
2101 3114 2360 3195 Predicatornm,
2385 3134 2457 3199 per-

632 3221 783 3286 missione
816 3222 926 3286 dirina
950 3223 1177 3286 sslumbriensi
1200 3223 1362 3309 episcopo,
1388 3223 1488 3288 lratre
1514 3223 1688 3310 Symmone
1713 3223 1752 3288 de
1776 3223 1895 3288 Fracta
1921 3223 2111 3310 subpriore
2143 3223 2274 3288 Ordinis
2304 3222 2457 3287 Fratrum

630 3328 876 3393 Predicatornm
902 3329 941 3392 de
965 3327 1131 3411 Bononia,
1156 3329 1257 3394 fratre
1282 3330 1398 3416 Ugone
1422 3331 1530 3416 priore
1553 3331 1705 3395 Fratrum
1730 3337 1907 3396 conventus
1929 3332 2033 3394 sancti
2055 3330 2196 3396 Romani
2219 3329 2258 3394 de
2281 3329 2373 3393 Luca
2397 3327 2457 3394 Or·

635 3434 718 3499 dinis
748 3435 902 3500 Fratrum
932 3435 1195 3518 Predicatorum,
1220 3436 1350 3502 domino
1383 3437 1515 3524 dompre
1530 3438 1569 3502 (1)
1586 3439 1721 3504 Oambio
1753 3439 1932 3525 presbitero
1963 3445 1996 3502 et
2026 3443 2150 3502 rectore
2181 3437 2316 3501 ecclesie
2349 3443 2460 3500 sancte

633 3539 736 3606 Maris
760 3543 799 3608 de
825 3543 1026 3626 Muradellis,
1052 3543 1244 3630 cappellano
1268 3544 1403 3609 ecclesie
1426 3545 1503 3610 dieti
1528 3547 1702 3628 testatoris,
1726 3546 1781 3631 qui
1804 3545 1942 3609 asseruit
1965 3565 2159 3630 cognoscere
2183 3543 2304 3609 dictum
2327 3549 2460 3607 testato·

634 3669 712 3732 ram,
738 3649 839 3714 lratre
864 3649 1031 3736 Stephano
1055 3650 1095 3714 ds
1119 3651 1279 3734 Bononia,
1296 3651 1397 3716 fratre
1414 3651 1662 3717 Branchaleone
1678 3653 1717 3716 de
1734 3650 1901 3734 Rodsldis,
1919 3651 2018 3716 fratrs
2034 3651 2228 3736 Albergipto
2244 3649 2284 3714 de
2300 3650 2460 3730 Bononia,

633 3755 734 3822 tratre
759 3757 905 3822 Oerardo
929 3757 969 3822 de
995 3757 1125 3840 Tuscis,
1150 3758 1253 3822 fratre
1278 3759 1427 3824 Galvano
1450 3759 1490 3824 ds
1514 3759 1648 3842 Butrio,
1673 3759 1774 3824 tratre
1798 3759 1992 3824 Pinamonte
2016 3758 2136 3823 domini
2169 3757 2311 3822 Gandini
2338 3756 2461 3821 domini

633 3865 749 3932 Jacobi
774 3867 911 3931 Guarini
931 3866 1060 3950 judicis,
1079 3867 1226 3930 omnibus
1251 3866 1382 3931 Ordinis
1406 3867 1558 3930 Fratrum
1581 3866 1827 3931 Predicatornm
1851 3866 1890 3931 de
1914 3866 2073 3948 Bononia,
2090 3866 2191 3931 tratre
2215 3865 2397 3930 Thederico
2420 3864 2459 3928 de

633 3973 792 4056 Bononia,
813 3973 1010 4059 presbiteris,
1035 3973 1090 4059 qui
1114 3995 1225 4037 omnes
1250 3973 1402 4038 dixerunt
1424 3981 1457 4037 et
1480 3981 1689 4038 asseruerunt
1712 3995 1746 4037 se
1770 3994 1964 4058 cognoscere
1989 3973 2111 4038 dictum
2134 3980 2333 4054 testatorem,
2356 3973 2459 4036 fratre

633 4080 761 4145 Jacobo
780 4081 820 4144 dc
844 4081 934 4144 Luca
958 4081 1059 4145 tratre
1084 4087 1117 4145 et
1140 4101 1296 4145 converso
1319 4088 1496 4145 conventus
1521 4081 1624 4145 sancti
1647 4081 1787 4146 Romani
1810 4080 1850 4146 de
1873 4081 1963 4146 Luca
1983 4081 2114 4146 Ordinis
2137 4081 2288 4144 Fratrum
2305 4079 2459 4144 Predica-

634 4195 756 4270 torum,
781 4187 911 4252 domino
944 4189 1099 4272 magistro
1132 4187 1330 4252 Francischo
1359 4188 1521 4273 quondam
1546 4188 1667 4253 domiui
1690 4189 1838 4274 magistri
1861 4189 1986 4273 Ugonis
2010 4189 2049 4252 de
2073 4189 2181 4269 Luca,
2205 4188 2340 4269 medico,
2365 4186 2458 4250 Guil-

634 4295 754 4376 lielmo,
775 4295 830 4380 qui
854 4294 970 4358 dicitur
994 4294 1124 4376 Lamus,
1142 4293 1304 4380 quondam
1328 4294 1449 4358 domini
1474 4295 1631 4360 Sornachi
1655 4295 1694 4358 de
1718 4295 1808 4360 Arcu
1832 4295 1871 4359 de
1894 4296 1995 4377 Luca,
2021 4295 2151 4360 domino
2173 4295 2270 4359 Putio
2295 4294 2457 4379 quondam

633 4403 754 4467 domini
778 4402 912 4488 Ugolini
935 4403 1162 4488 Borgognonis
1186 4401 1226 4468 de
1250 4403 1357 4484 Luco,
1383 4403 1588 4467 Bartonzoue
1611 4404 1773 4488 quondam
1796 4403 1988 4488 Bonacursij
2012 4403 2052 4468 de
2081 4409 2193 4467 sancto
2221 4402 2377 4488 Lupidio,
2402 4401 2458 4466 do·

634 4511 720 4574 mino
743 4508 887 4574 Durazio
911 4509 1073 4595 quondam
1098 4509 1219 4575 domini
1243 4509 1379 4575 Henrici
1402 4509 1532 4594 Duratij
1557 4509 1597 4574 da
1621 4510 1722 4592 Luca,
1739 4509 1893 4593 Antonio,
1918 4508 2080 4595 quondam
2102 4509 2251 4596 magistri
2273 4508 2458 4590 Bolondini,

634 4617 784 4703 speciali,
809 4615 915 4681 Betho
949 4616 1107 4681 Sornachi
1131 4616 1171 4680 de
1195 4617 1302 4699 Luca,
1327 4617 1382 4703 qui
1407 4637 1518 4681 omnes
1542 4624 1750 4682 asseruerunt
1773 4639 1807 4682 se
1830 4638 2024 4703 cognoscere
2049 4617 2168 4681 dictum
2191 4616 2357 4682 dominum
2380 4615 2457 4701 Epi·

634 4745 766 4810 scopum
790 4729 988 4788 testatorem.

724 4830 781 4912 (L.
799 4830 822 4912 †
840 4829 887 4910 S.)
911 4829 984 4914 Ego
1010 4829 1031 4894 J
1034 4830 1177 4894 ohannes
1199 4829 1352 4894 Damiani
1370 4831 1498 4912 notarii,
1516 4831 1677 4917 imperiali
1693 4832 1884 4896 auctoritate
1900 4832 2055 4914 notarius,
2072 4831 2134 4894 hiis
2150 4830 2298 4895 omnibus
2314 4829 2456 4910 interlui,

633 4945 666 5000 et
690 4937 842 5000 mandato
868 4935 943 5001 dicti
969 4935 1091 5001 domini
1114 4935 1268 5024 Episcopi
1292 4937 1466 5001 cervicosis
1490 4938 1653 5002 testatoris
1677 4938 1791 5024 scripsi
1814 4945 1846 5002 st
1868 4939 2042 5024 publicavi,
2059 4945 2092 5002 et
2107 4959 2213 5002 meum
2234 4937 2362 5022 siguum
2382 4957 2456 5000 con-

634 5051 761 5107 suetum
778 5045 924 5129 apposui,
942 5043 1068 5130 scripsi,
1086 5043 1271 5131 subscripsi,
1288 5044 1435 5129 signavi3
1452 5051 1484 5109 et
1500 5045 1680 5131 predictum
1703 5045 1868 5110 dominum
1890 5045 2086 5132 Episcopum
2110 5051 2296 5110 testatorem
2319 5043 2455 5129 cognovi

633 5157 666 5215 et
690 5173 789 5237 supra
814 5151 845 5213 in
870 5149 994 5214 decima
1019 5151 1106 5216 linea
1130 5171 1227 5215 manu
1251 5154 1383 5238 propria
1411 5153 1564 5238 punctari
1593 5161 1773 5217 ‹nostro›
1802 5160 1834 5216 et
1866 5152 1897 5216 in
1928 5151 2118 5218 duodecima
2148 5152 2235 5216 linea
2247 5153 2286 5218 (2)
2302 5150 2456 5238 punctari

638 5284 654 5317 ‹
671 5259 834 5343 deferatur
848 5283 878 5339 ι,
892 5265 924 5322 et
940 5259 973 5321 in
989 5265 1082 5322 sexta
1099 5259 1224 5323 decima
1240 5259 1444 5324 interlineari
1466 5285 1480 5318 ‹
1498 5261 1671 5326 donationis
1688 5283 1718 5343 ι,
1735 5268 1768 5324 et
1783 5260 1816 5324 in
1832 5261 1989 5345 vigesima
2010 5261 2146 5346 septima
2163 5260 2452 5344 «europamque»

634 5375 666 5431 et
690 5368 722 5431 in
747 5366 913 5450 trigesima
941 5391 956 5422 ‹
982 5366 1167 5430 lucanorum
1191 5391 1205 5423 s
1235 5375 1268 5430 et
1292 5369 1324 5431 in
1348 5366 1599 5452 quadragesima
1622 5368 1734 5453 quinta
1756 5393 1769 5424 ι
1794 5389 1883 5432 nos»
1911 5375 1944 5432 et
1967 5368 1999 5432 iu
2023 5366 2291 5454 quinquagesima
2314 5365 2456 5430 secunda

638 5499 653 5530 ‹
676 5473 791 5556 fratria
814 5497 829 5528 ι
859 5479 891 5535 et
914 5472 945 5536 in
972 5473 1164 5557 ottogesima
1188 5493 1273 5537 nona
1300 5499 1316 5530 ‹
1341 5476 1407 5557 ejus
1430 5499 1459 5556 a,
1485 5475 1561 5559 quia
1584 5495 1643 5560 per
1665 5495 1807 5540 errorem
1830 5474 2010 5539 fefelleram
2033 5473 2212 5538 scribendo.

721 5579 847 5644 Eodem
870 5599 966 5662 anno,
983 5579 1168 5662 indictione,
1186 5580 1257 5645 loco
1280 5589 1312 5644 et
1334 5581 1471 5645 testibus
1495 5581 1615 5645 ibidem
1639 5589 1672 5646 et
1695 5582 1905 5647 incontinenti
1925 5581 2029 5647 dictus
2045 5581 2192 5646 dominus
2208 5579 2389 5666 Episcopus
2409 5579 2455 5641 in-

633 5687 744 5751 firmus
768 5685 844 5751 fecit
876 5694 909 5750 st
939 5687 1105 5752 constituit
1137 5694 1170 5751 et
1200 5688 1362 5752 ordinarit
1392 5687 1558 5752 dominum
1588 5687 1722 5763 fratrem
1752 5689 1980 5753 Pinamontem
2010 5688 2130 5754 domini
2161 5687 2306 5752 Gandini
2335 5684 2467 5756 domini¹

632 5794 748 5860 Jacobi
773 5793 909 5858 Ouarini
930 5794 1069 5878 judicis,
1094 5795 1227 5859 fratrem
1257 5794 1388 5860 Ordinis
1419 5794 1665 5860 Predicatornm
1687 5794 1726 5860 dc
1750 5795 1917 5878 Bononia,
1943 5803 2057 5860 testem
2080 5795 2312 5882 prescriptum,
2338 5792 2454 5858 ibidem

633 5909 817 5988 presentem
849 5908 882 5965 st
912 5901 1102 5966 mandatum
1133 5908 1247 5988 sponte
1278 5902 1503 5987 recipientem,
1528 5903 1583 5987 qui
1611 5904 1748 5966 asseruit
1779 5923 1973 5987 cognoscere
2001 5903 2105 5988 ipsum
2136 5909 2338 5983 testatorem,
2362 5921 2455 5964 suum

632 6016 860 6096 procuratore,
888 6017 1032 6074 actorem
1056 6017 1088 6073 et
1111 6010 1259 6073 nuntium
1283 6010 1457 6094 specialem
1480 6010 1522 6073 ad
1546 6009 1771 6095 deponendum
1796 6009 1900 6096 ipsum
1923 6012 2135 6096 prescriptum
2163 6017 2392 6074 testamentum
2423 6007 2457 6080 in¹

633 6117 780 6182 sacristia
812 6116 972 6181 dictorum
1005 6117 1156 6180 Fratrum
1178 6124 1215 6181 ut
1237 6118 1336 6181 moris
1361 6123 1426 6200 est,
1451 6125 1484 6181 et
1507 6117 1549 6181 ad
1572 6117 1679 6181 omnia
1703 6117 1768 6181 alia
1791 6123 1824 6180 et
1847 6118 1976 6202 singula
2006 6117 2149 6181 fatienda
2177 6117 2209 6182 in
2239 6116 2393 6204 predictis
2424 6123 2455 6178 et

791 6379 823 6416 sc.

712 6365 752 6522 ill
771 6363 843 6504 dm
862 6455 890 6504 ιἰι
911 6453 1068 6505 dctodecimo
1088 6453 1161 6504 liores
1180 6470 1195 6504 s
1216 6453 1265 6505 bis.
