5490 7750
802 685 1033 736 SPEGTANTIA
1061 685 1112 734 An
1140 683 1395 734 Psounssoaas
1426 685 1531 735 JURIS
1560 685 1693 735 clvnns
2079 665 2152 736 119

341 842 577 928 quamprimum
602 841 719 928 prefati
744 861 922 922 commune,
945 840 1138 903 universitas
1161 845 1194 902 ct
1216 838 1354 925 populus
1378 839 1593 904 bononienses
1617 838 1752 926 predicti
1775 859 1833 924 per
1856 839 1976 902 dictum
2000 838 2158 903 sindicum

340 956 372 1013 et
394 955 637 1034 procuratorem
661 969 773 1012 corum
795 948 964 1033 promissa,
989 947 1113 1028 oblata,
1139 946 1231 1028 data,
1257 947 1449 1028 constituta,
1474 947 1622 1011 restituta
1646 954 1678 1010 ct
1699 947 1827 1030 jurata,
1852 953 1883 1010 et
1907 947 1971 1010 alia
1995 947 2102 1010 omnia
2126 955 2158 1010 et

339 1058 467 1142 singula
491 1057 676 1142 supradicta
702 1063 773 1120 acta
797 1063 829 1119 et
853 1065 945 1140 gesta
969 1077 1026 1140 per
1049 1055 1168 1118 dictum
1193 1054 1350 1118 sindicum
1382 1055 1554 1118 sindicario
1579 1061 1610 1117 et
1633 1055 1854 1139 procuratorio
1882 1055 2011 1118 nomine
2040 1055 2157 1118 consti-

339 1165 497 1228 tuentium
521 1163 756 1250 predictorum,
782 1183 955 1247 omnesque
980 1167 1013 1225 et
1036 1161 1180 1246 singulos
1209 1161 1361 1224 articulos
1384 1162 1418 1224 in
1442 1161 1535 1225 dictis
1566 1163 1683 1226 nostris
1715 1161 1817 1224 literis
1841 1161 2099 1246 comprehensos,
2124 1162 2156 1224 in

338 1272 445 1358 pleno,
470 1272 606 1335 solemni
631 1280 662 1334 et
687 1270 831 1355 generali
855 1291 966 1334 eorum
991 1268 1143 1346 Consilio,
1165 1276 1260 1354 prout
1284 1269 1316 1331 in
1342 1269 1450 1332 arduis
1474 1268 1651 1352 majoribus
1675 1275 1707 1331 ct
1730 1268 1926 1340 solflibus
1950 1269 2089 1353 negotijs
2114 1269 2157 1331 ci-

338 1379 448 1442 vitatis
473 1378 617 1462 ejusdem
642 1379 748 1441 extitit
772 1377 928 1440 hactenus
953 1377 1169 1456 observatum,
1187 1375 1228 1439 ad
1251 1375 1312 1439 hoc
1336 1375 1519 1460 specialiter
1543 1341 1961 1460 convocandsttfaciendo
1979 1376 2156 1440 incivitate

340 1486 476 1573 prefata,
499 1493 714 1573 acceptarent,
741 1485 947 1566 ratificarcnt,
972 1485 1212 1568 emologarcnt,
1238 1463 1465 1548 confirmarent
1488 1491 1520 1546 ct
1540 1484 1689 1567 jurarent
1712 1483 1870 1568 specifice,
1895 1483 2103 1568 singulariter
2126 1493 2157 1547 et

338 1615 557 1679 cupresseae
581 1594 711 1657 realiter
735 1600 767 1656 et
791 1591 1001 1678 corporaliter
1026 1591 1226 1676 corporalem
1249 1592 1485 1676 possessionem
1508 1591 1639 1676 plenam
1662 1597 1694 1653 et
1717 1589 1886 1674 pacificam
1910 1610 1946 1654 ac
1972 1597 2156 1654 manentem

339 1707 371 1764 st
395 1701 592 1781 duraturam,
618 1707 649 1763 ct
674 1699 780 1785 qnasi,
805 1699 955 1780 civitatis,
980 1698 1150 1762 comitatus
1174 1703 1207 1760 et
1230 1697 1392 1760 districtus
1424 1696 1670 1760 bononiensium
1701 1695 1928 1781 predictorum,
1954 1717 1991 1760 ao
2021 1697 2101 1760 meri
2126 1704 2157 1761 ct

337 1807 431 1872 mixti
455 1808 581 1893 imperij
606 1813 637 1869 ct
662 1806 843 1870 omnimode
864 1804 1106 1890 jurisdictionis,
1124 1824 1182 1867 nee
1208 1825 1271 1868 non
1296 1811 1476 1867 ceterorum
1496 1804 1618 1886 jurium
1642 1803 1791 1886 civitatis,
1810 1803 1979 1867 comitatus
2002 1810 2034 1867 et
2050 1803 2157 1868 distri-

339 1923 409 1979 ctus
432 1915 575 2001 ipsorum
599 1915 632 1978 in
655 1913 776 1977 eisdem
800 1913 902 1977 literis
934 1911 1051 1976 nostris
1081 1912 1265 1998 specialiter
1296 1919 1328 1974 ct
1359 1912 1555 1996 generaliter
1588 1932 1815 1996 expressorum
1842 1911 1937 1996 plene
1969 1917 2001 1973 et
2030 1911 2156 1996 integre

338 2023 561 2104 restituerent,
586 2021 758 2084 redderent
781 2027 813 2084 et
838 2020 1056 2104 assignarent,
1081 2018 1173 2082 nobis
1197 2019 1249 2083 vel
1273 2019 1389 2082 nuncio
1414 2039 1471 2081 seu
1495 2018 1620 2082 nunciis
1653 2018 1788 2099 nostris,
1814 2038 1907 2102 quem
1932 2017 1987 2083 vel
2011 2038 2090 2102 quos
2115 2018 2155 2080 ad

339 2129 399 2194 hoc
423 2129 668 2214 deputaremus,
694 2127 921 2213 recipientibus
945 2134 1054 2190 nostro
1078 2133 1111 2190 et
1134 2126 1292 2190 dictorum
1315 2147 1536 2190 successorum
1559 2131 1592 2188 et
1615 2124 1761 2207 ejusdem
1784 2145 1916 2188 romane
1941 2123 2075 2188 ecclesie
2099 2145 2155 2189 no-

338 2237 434 2317 mine,
451 2236 634 2320 dictamque
659 2235 905 2320 possessionem,
923 2241 955 2297 et
975 2233 1077 2318 quasi,
1096 2233 1244 2315 civitatis,
1263 2233 1432 2296 comitatus
1457 2239 1488 2296 et
1512 2232 1741 2314 dist1·ictus,ac
1765 2231 1845 2294 meri
1868 2236 1900 2294 et
1922 2231 2014 2294 mixti
2029 2231 2156 2317 imperii

338 2350 370 2406 et
394 2343 536 2406 omnium
557 2342 678 2425 jurium
703 2341 919 2428 predictorum
947 2341 1077 2427 plenam
1104 2348 1136 2403 et
1167 2341 1334 2426 pacificam
1366 2340 1458 2404 nobis
1483 2346 1514 2403 et
1537 2339 1631 2403 dictis
1658 2339 1798 2422 nuntijs,
1823 2345 1994 2424 postquam
2016 2360 2075 2424 per
2097 2359 2156 2402 nos

337 2471 394 2514 seu
417 2450 490 2514 illos
514 2457 654 2535 recepta,
680 2449 893 2534 apprehensa,
918 2449 1048 2512 detenta
1072 2455 1104 2510 ct
1128 2447 1239 2510 habita
1263 2447 1356 2529 foret,
1381 2453 1417 2510 ut
1439 2446 1611 2533 prefertur,
1628 2446 1772 2532 pacifice,
1796 2446 1897 2509 libere
1921 2453 1953 2508 et
1978 2446 2084 2531 quiete
2108 2446 2156 2509 di·

336 2558 517 2638 mitterent3
535 2563 568 2620 et
591 2556 631 2619 de
656 2557 887 2644 acceptatione,
912 2555 1155 2640 approbatione,
1181 2554 1402 2636 ratificatione,
1421 2553 1669 2637 emologatione,
1687 2554 1928 2617 confirmatione
1946 2561 1978 2616 et
1991 2553 2156 2637 juratione

336 2665 498 2751 predictis,
516 2686 574 2728 nco
598 2685 662 2727 non
686 2664 899 2744 restitutione,
923 2662 1112 2745 redditione,
1131 2663 1349 2747 assignatione
1373 2668 1406 2724 et
1429 2661 1613 2724 dimissione
1637 2661 1858 2745 possessionis,
1876 2668 1908 2724 ct
1925 2661 2027 2746 quasi,
2045 2661 2156 2744 hujus·

336 2771 422 2835 modi
447 2771 538 2834 nobis
562 2791 621 2855 per
644 2769 808 2854 publicum
831 2777 864 2832 et
895 2768 1115 2832 authenticum
1145 2769 1393 2831 instrumentum
1424 2766 1626 2848 tabellionis,
1650 2767 1781 2852 publica
1811 2788 1909 2830 manu
1940 2768 2094 2852 scriptum
2124 2774 2156 2830 et

336 2878 442 2963 sigillo
467 2878 544 2941 dicti
568 2877 746 2940 communis
769 2873 947 2962 sigillatum
971 2877 1063 2940 nobis
1079 2875 1283 2956 manualiter,
1301 2882 1333 2938 et
1349 2874 1480 2938 realiter
1497 2874 1728 2958 assignandum
1746 2874 1830 2937 infra
1847 2874 1967 2938 dictum
1983 2874 2155 2938 terminum

337 2985 440 3049 medie
464 2984 711 3070 quadragesime
736 2983 819 3047 foret
841 2983 989 3069 plenaria
1013 2983 1099 3046 sacta
1123 2983 1202 3045 fides
1216 2964 1347 3046 'eisdem
1371 2981 1542 3062 communi,
1568 2981 1769 3044 universitati
1794 2987 1826 3044 et
1848 2981 1968 3067 populo
1993 2982 2101 3045 omnia
2124 2988 2156 3045 et

336 3092 465 3177 singula
488 3092 673 3176 supradicta
696 3091 860 3177 postulata
884 3097 915 3154 et
939 3091 1040 3176 petita
1062 3111 1120 3176 per
1143 3112 1198 3153 cos
1223 3111 1295 3152 cum
1320 3089 1467 3154 omnibus
1488 3088 1735 3171 conditionibus,
1752 3088 1928 3152 honoribus
1945 3096 1977 3152 ct
1993 3089 2154 3170 oneribus,

337 3199 438 3264 modis
463 3207 494 3262 et
518 3199 629 3263 formis
654 3199 687 3261 in
710 3198 803 3262 dictis
819 3199 921 3262 literis
938 3198 1095 3262 enarratis
1113 3197 1287 3261 concedere
1304 3197 1457 3281 gratiose,
1475 3217 1649 3280 omnesque
1666 3196 1841 3260 sententias
1866 3203 1962 3281 atque
1982 3217 2083 3282 penas
2098 3216 2157 3281 per

336 3307 438 3371 dictos
462 3328 632 3391 processus
656 3311 782 3370 nostros
806 3312 838 3369 et
861 3305 1007 3388 ejusdem
1029 3305 1148 3389 Legati
1171 3313 1203 3368 et
1227 3305 1487 3368 constitutionem
1511 3304 1673 3386 eamdem,
1698 3325 1735 3367 ac
1759 3303 1971 3388 provincialia
1994 3325 2052 3366 scu
2071 3303 2156 3367 sino·

336 3415 423 3478 dalia
448 3420 569 3477 statuta
595 3421 706 3477 contra
729 3413 889 3499 prefatam
915 3414 1094 3494 civitatem,
1119 3413 1379 3494 universitatem,
1405 3433 1573 3475 commune
1605 3419 1637 3475 ct
1667 3411 1821 3497 populum
1852 3410 2066 3475 bononienses
2089 3417 2156 3474 tam

336 3544 432 3608 super
455 3521 635 3606 privatione
661 3513 767 3605 Studij
792 3521 964 3604 generalis,
982 3521 1187 3604 omniumque
1211 3519 1465 3605 privilegiorum,
1483 3518 1757 3603 indulgentiarum
1780 3522 1813 3581 et
1829 3519 2007 3603 gratiarum
2027 3525 2155 3604 aposto·

336 3629 470 3693 lieorum
492 3635 524 3691 ct
548 3628 773 3713 imperialium,
791 3634 823 3691 et
847 3628 888 3692 ab
913 3628 985 3711 alijs
1010 3627 1264 3712 quibuscumque
1281 3647 1507 3690 concessorum
1523 3632 1555 3689 et
1571 3645 1795 3689 concessarum
1812 3624 1944 3708 eisdem,
1962 3645 2059 3709 quam
2075 3625 2156 3688 alias

336 3735 491 3800 adversus
515 3757 570 3798 eos
594 3734 834 3820 quomodolibet
862 3735 1030 3799 occasione
1063 3733 1280 3819 predictorum
1311 3755 1502 3797 excessuum
1534 3733 1757 3818 promulgatas
1788 3732 1918 3814 tollere,
1944 3733 2093 3796 relaxare
2124 3740 2156 3795 et

335 3844 478 3907 totaliter
502 3843 651 3925 abolere,
677 3842 834 3928 dictisque
858 3842 1037 3924 communi,
1062 3841 1266 3905 universitati
1290 3848 1322 3904 ct
1344 3841 1481 3926 populo,
1506 3861 1653 3904 necnon
1677 3839 1959 3922 universitatibus,
1985 3840 2155 3903 comitatus

336 3959 367 4014 et
390 3951 554 4014 districtus
580 3950 798 4036 predictorum
830 3970 867 4012 ac
899 3949 1118 4034 singularibus
1142 3948 1288 4033 personis
1316 3949 1459 4035 ipsorum
1482 3969 1540 4033 per
1562 3947 1791 4029 restitutionis,
1817 3946 2028 4009 absolutionis
2052 3953 2084 4010 ct
2107 3945 2154 4008 di-

335 4059 549 4144 spensationis
573 4058 780 4139 beneficium,
806 4078 862 4120 seu
886 4057 1061 4138 beneficia,
1086 4063 1182 4142 prout
1206 4077 1317 4120 eorum
1340 4056 1437 4138 fame,
1461 4055 1560 4120 statui
1583 4062 1615 4118 et
1644 4054 1741 4118 saluti
1763 4074 2029 4138 cognosceremus
2057 4074 2155 4138 expe·

335 4166 436 4247 diens,
461 4165 605 4250 plenarie
630 4173 661 4228 et
685 4164 860 4228 salubriter
883 4165 1064 4250 providere.

424 4273 466 4336 Et
490 4274 566 4357 quia
590 4279 721 4359 propter
745 4272 986 4356 ingratitudinis
1010 4273 1124 4335 vitium
1141 4291 1372 4357 nonnunquam
1388 4269 1546 4334 beneficia
1562 4275 1765 4350 revocantur,
1782 4268 1941 4350 volumus,
1960 4268 2042 4330 sicut
2058 4267 2157 4331 etiam

334 4380 419 4444 idem
443 4379 584 4444 sindicus
608 4387 641 4442 ct
663 4385 853 4465 procurator
877 4401 1030 4464 expresse
1055 4380 1157 4442 voluit
1180 4386 1212 4443 et
1236 4378 1397 4444 consensit
1421 4385 1453 4441 et
1473 4377 1596 4461 juravit
1619 4376 1792 4440 sindicario
1814 4382 1846 4438 et
1862 4373 2082 4460 procuratorio
2099 4395 2156 4438 no-

334 4487 419 4550 mine
443 4494 475 4550 et
499 4487 529 4550 in
556 4487 680 4550 animas
704 4486 967 4550 constituentium
991 4485 1223 4572 predictorum,
1249 4484 1348 4571 quod,
1373 4485 1400 4548 si
1423 4485 1499 4548 dicti
1531 4504 1717 4566 commune,
1743 4483 1882 4568 populus
1906 4488 1939 4545 et
1962 4481 2155 4545 universitas

334 4595 491 4680 premissa
514 4616 572 4679 per
595 4593 757 4679 prefatum
781 4593 939 4656 sindicum
963 4600 995 4656 et
1018 4601 1261 4679 procuratorem
1284 4613 1413 4674 corum,
1438 4592 1580 4677 ipsorum
1604 4591 1733 4654 nomine
1757 4598 1843 4672 acta,
1869 4597 1971 4673 gesta,
1994 4588 2154 4670 restituta,

334 4702 501 4787 promissa,
527 4701 620 4783 data,
645 4721 798 4765 concessa
822 4707 854 4764 ct
877 4701 1061 4782 constituta,
1084 4703 1208 4784 jurata,
1234 4707 1266 4763 ot
1290 4701 1354 4762 alia
1379 4700 1486 4763 omnia
1510 4706 1542 4763 et
1566 4699 1695 4783 singula
1720 4695 1905 4783 supradicta
1928 4695 2012 4759 infra
2036 4695 2156 4759 dictam

334 4808 540 4872 medietatem
563 4815 639 4872 tunc
662 4809 808 4894 proxime
833 4809 941 4872 future
968 4809 1214 4894 quadragesime
1238 4828 1303 4871 non
1327 4806 1555 4892 approbarent,
1577 4807 1775 4870 ratificarent
1798 4812 1831 4868 et
1850 4806 2009 4888 jurarent,
2025 4811 2061 4867 ut
2083 4823 2156 4888 pre·

335 4916 447 4998 fertur,
465 4922 497 4979 et
522 4938 555 4979 se
580 4915 636 4978 illa
659 4924 844 4980 servaturos
869 4917 1062 5002 obligarent,
1079 4923 1111 4979 et
1132 4915 1409 5001 approbationem,
1426 4914 1672 4978 ratificationem
1689 4920 1721 4976 ct
1734 4915 1954 4996 juramentum
1970 4909 2156 4993 hujusmodi

336 5023 420 5086 inira
444 5023 563 5087 dictam
587 5023 726 5086 mediam
751 5023 1033 5108 quadragesimam
1057 5023 1150 5086 nobis
1174 5043 1238 5086 non
1262 5023 1426 5085 mitterent
1448 5027 1480 5084 ct
1503 5021 1723 5105 assignarent,
1748 5027 1781 5083 et
1803 5019 1900 5082 fidem
1923 5039 1986 5082 non
2010 5018 2156 5081 facerent

335 5151 393 5216 per
416 5130 581 5216 publicum
604 5131 864 5213 instrumentum,
882 5131 1065 5194 tabellionis
1084 5129 1215 5216 publica
1238 5151 1337 5192 manu
1361 5128 1526 5213 scriptum,
1543 5127 1714 5212 sigilloque
1731 5126 1909 5191 communis
1933 5146 2045 5188 corum
2065 5123 2154 5208 sigil-

336 5237 448 5319 latum,
474 5236 565 5300 nobis
589 5237 784 5300 manualiter
807 5244 839 5300 et
863 5238 993 5301 realiter
1017 5237 1263 5321 assignandum,
1287 5236 1315 5300 si
1338 5244 1410 5322 post
1433 5234 1717 5320 approbationem,
1742 5232 1988 5296 ratificationem
2012 5238 2043 5294 et
2064 5232 2155 5314 jura-

335 5353 478 5408 mentum
502 5343 688 5428 hujusmodi
711 5344 856 5430 predicta
880 5366 944 5408 non
968 5351 1145 5427 servarent,
1163 5344 1215 5408 vel
1239 5343 1507 5425 contrafacerent,
1525 5340 1611 5427 quod
1635 5341 1806 5423 interdicti,
1824 5361 1882 5403 seu
1902 5338 2154 5422 interdictorum,

337 5457 368 5514 et
390 5452 581 5538 privationis
606 5451 711 5514 Studii
739 5459 770 5516 et
794 5452 931 5514 aliarum
954 5451 1171 5538 predictarum
1195 5473 1351 5536 penarum
1376 5450 1545 5532 relaxatio,
1570 5456 1603 5512 et
1627 5449 1658 5511 in
1682 5449 1858 5532 integrum,
1884 5453 1915 5510 et
1939 5445 2002 5509 alie
2026 5445 2154 5509 restitu-

336 5559 438 5623 tiones
470 5566 502 5623 et
535 5559 758 5624 concessiones
789 5566 821 5623 ct
851 5560 955 5644 gratie
986 5580 1083 5644 super
1110 5559 1274 5644 premissis
1304 5558 1526 5644 principaliter
1558 5563 1589 5619 ct
1616 5555 1804 5638 incidenter,
1830 5575 1867 5618 ac
1898 5553 2154 5638 dispensationes

335 5689 394 5752 per
417 5688 474 5730 nos
499 5688 556 5730 seu
580 5665 619 5730 de
644 5666 796 5730 mandato
820 5674 929 5730 nostro
953 5667 1048 5747 facte,
1066 5673 1174 5729 essent
1200 5687 1300 5748 casse,
1317 5687 1429 5748 vacue,
1446 5665 1534 5728 irrite
1559 5670 1592 5728 et
1615 5663 1738 5744 inanes,
1755 5669 1788 5725 et
1811 5661 2008 5725 haberentur
2027 5661 2155 5745 penitus

335 5795 393 5859 pro
418 5795 480 5838 non
506 5774 611 5854 factis,
635 5781 667 5864 ct
692 5774 777 5859 quod
801 5775 833 5837 in
858 5774 987 5837 casdem
1012 5795 1113 5859 penas
1137 5779 1169 5837 et
1192 5773 1382 5854 sententias,
1401 5773 1516 5857 quibus
1540 5778 1637 5835 antea
1659 5769 1864 5850 tenebantur,
1882 5767 2062 5831 reciderent
2085 5767 2154 5851 ipso

336 5881 432 5963 lactc,
456 5888 552 5966 prout
575 5882 608 5944 in
632 5882 753 5944 eisdem
776 5883 878 5945 literis
902 5881 1019 5945 nostris
1044 5902 1141 5966 super
1165 5881 1203 5943 iis
1228 5880 1375 5944 omnibus
1399 5887 1431 5943 et
1455 5879 1589 5964 singulis
1614 5878 1769 5942 confectis
1797 5876 1923 5962 plenius
1947 5882 1978 5938 et
2003 5874 2154 5937 scriosius

336 5988 527 6051 continetur.

425 6094 467 6158 Et
490 6103 526 6158 ut
549 6097 696 6160 executio
727 6095 955 6182 premissorum
984 6095 1125 6160 omnium
1150 6101 1182 6159 ct
1205 6095 1407 6178 singulorum
1432 6093 1540 6156 debita
1564 6099 1752 6177 sequeretur
1776 6090 1817 6154 ad
1840 6090 2057 6175 predictorum
2086 6109 2154 6151 am·

336 6202 542 6266 baxiatornm
559 6223 596 6266 ac
620 6203 734 6266 sindici
758 6209 789 6266 et
813 6203 1031 6288 procuratoris
1056 6202 1252 6284 instantiam,
1270 6203 1422 6265 dilectum
1439 6201 1539 6263 filium
1556 6200 1747 6284 magistrum
1765 6197 1948 6281 Guigonom
1973 6195 2012 6258 de
2036 6195 2155 6258 Sancto

337 6309 510 6392 Germano,
534 6312 733 6396 prepositum
757 6309 891 6374 ecclesie
915 6309 1097 6393 aniciensis,
1115 6311 1276 6374 notarium
1297 6315 1456 6390 nostrum,
1482 6307 1586 6370 virum
1608 6306 1719 6390 ntique
1744 6302 2038 6389 circumspectionis
2062 6300 2154 6364 indu·

336 6417 415 6480 stria
438 6439 475 6482 ac
500 6417 667 6481 literarum
690 6418 824 6482 scientia
847 6416 1008 6502 preditum
1030 6424 1062 6481 et
1085 6417 1118 6480 in
1142 6416 1269 6502 magnis
1293 6423 1325 6479 et
1348 6415 1457 6479 arduis
1482 6413 1615 6498 agendis
1640 6419 1820 6498 expertum,
1845 6411 1886 6474 ad
1911 6410 2085 6491 civitatem,
2103 6429 2154 6472 co-

336 6525 483 6588 mitatum
507 6531 539 6588 ot
572 6524 753 6588 districtum
784 6523 998 6588 bononienses
1031 6523 1192 6610 predictos
1224 6523 1407 6610 specialiter
1439 6522 1589 6585 duximus
1621 6519 1864 6602 destinandum,
1893 6518 1955 6581 sibi
1984 6538 2042 6602 per
2073 6515 2154 6579 alias
