5484 7746
764 669 994 720 senornurm
1022 647 1073 720 ao
1102 670 1357 720 rnouussonus
1384 670 1494 720 sums
1522 670 1714 720 uernans
2070 648 2145 718 209

335 825 443 888 faeere
468 832 499 888 et
523 847 674 889 exercere
709 845 770 909 que
802 824 834 886 in
867 824 960 887 dietis
992 825 1109 888 nostris
1139 824 1317 910 privilegiis
1349 824 1569 909 imperialibus
1601 825 1814 888 eontinentur.
1839 823 2085 888 Transferoutes
2116 823 2147 885 in

335 932 440 1018 ipsum
465 939 496 995 et
520 932 553 995 in
578 931 679 995 dietos
704 952 778 995 suos
802 930 884 994 filios
908 937 941 994 et
962 929 1097 994 heredes
1113 929 1297 1015 legiptimos
1314 951 1440 995 omnem
1456 929 1611 1014 vigorem,
1628 935 1819 1016 potestatem
1836 936 1869 994 et
1881 928 2147 1014 jurisdictionem,

334 1058 432 1121 quam
456 1037 622 1119 habemus,
641 1043 673 1100 et
689 1036 790 1101 nostri
813 1037 1055 1122 predecessores
1079 1036 1269 1118 habuerant,
1288 1057 1306 1098 a
1330 1035 1414 1099 dieto
1437 1042 1579 1121 tempore
1597 1036 1687 1116 eitra,
1704 1042 1737 1098 et
1753 1036 1849 1099 etiem
1864 1035 1898 1098 in
1915 1035 1995 1099 aiios
2011 1034 2051 1098 ad
2068 1028 2148 1120 quos

335 1152 443 1208 nostro
468 1143 631 1208 hereditas
654 1151 687 1207 et
710 1143 882 1229 privilegio
905 1142 943 1206 de
966 1144 1039 1227 jure
1063 1143 1311 1206 devolverentur
1333 1143 1463 1206 reeioue
1487 1141 1645 1206 dictorum
1670 1142 1912 1228 privilegiorum
1936 1150 1968 1205 et
1992 1149 2052 1205 eet.

423 1250 506 1314 Item
530 1251 678 1314 volumus
703 1250 787 1335 quod
811 1250 872 1314 hoe
896 1257 1040 1314 nostrum
1063 1250 1171 1313 valeat
1193 1251 1266 1333 jure
1290 1249 1494 1332 testamenti3
1519 1256 1551 1312 et
1585 1251 1630 1312 si'
1640 1249 1713 1333 jure
1745 1250 1928 1313 testamenti
1951 1249 2059 1312 valere
2084 1270 2148 1312 non

333 1364 447 1444 potest,
466 1357 572 1420 saltim
596 1358 707 1420 voleat
729 1358 802 1441 jure
826 1357 1050 1440 codicilorum3
1068 1364 1099 1420 et
1116 1357 1142 1419 si
1163 1358 1236 1440 jure
1261 1356 1466 1421 codicilorum
1491 1356 1598 1420 valere
1619 1377 1683 1420 non
1698 1363 1814 1441 potest,
1831 1357 1938 1420 saltim
1954 1357 2061 1420 valeat
2074 1358 2147 1441 jure

333 1465 506 1548 cujuslibet
530 1465 662 1528 alterius
686 1465 798 1528 ultime
822 1464 1008 1546 voluntatis,
1032 1471 1064 1527 et
1089 1465 1175 1547 omnj
1200 1463 1293 1526 modo
1318 1470 1349 1526 et
1370 1464 1443 1548 jure
1468 1485 1530 1548 quo
1554 1463 1668 1526 melius
1692 1463 1731 1526 de
1752 1464 1826 1549 jure
1849 1464 1958 1527 valere
1982 1471 2097 1550 potest.

422 1573 541 1635 Aetum
566 1571 675 1635 Cumis
699 1572 732 1635 in
756 1561 851 1635 eursu
874 1570 958 1656 Rips
982 1571 1014 1633 in
1039 1571 1133 1634 domo
1156 1571 1272 1635 Jaeobi
1289 1570 1328 1634 de
1344 1570 1462 1653 Prode,
1480 1571 1512 1633 in
1529 1591 1593 1656 qua
1608 1576 1752 1634 moratur
1769 1570 1902 1634 Gabriel
1918 1572 1972 1656 quj
1990 1571 2148 1656 presbiter

332 1679 371 1741 de
396 1677 554 1742 Cremona
578 1686 729 1760 vocatur,
753 1677 838 1742 filius
862 1677 997 1741 condam
1021 1677 1159 1741 Beriseli
1183 1678 1222 1741 de
1248 1677 1420 1759 Cremona,
1444 1677 1647 1763 presentibus
1670 1677 1821 1764 Philippo
1845 1678 1979 1742 condam
2004 1679 2084 1741 Zoni
2108 1677 2147 1742 de

333 1786 436 1868 Chivi,
455 1785 606 1849 Zuehone
629 1785 696 1848 filio
721 1785 856 1849 condam
880 1784 1001 1848 domini
1017 1784 1133 1849 daeobi
1155 1785 1194 1847 de
1220 1784 1366 1848 Gnidono
1390 1784 1429 1848 de
1447 1783 1620 1869 Orugnolo,
1637 1784 1837 1848 Beltramiuo
1853 1785 1919 1848 filio
1936 1785 2071 1849 condam
2092 1785 2147 1848 do-

332 1893 409 1956 mini
434 1893 579 1958 Somaxii
603 1893 642 1956 de
667 1892 850 1975 Castenate,
867 1892 1006 1956 Miehele
1023 1893 1159 1975 notario,
1177 1892 1243 1956 filio
1264 1892 1400 1956 condam
1424 1891 1614 1976 Gualdrueij
1638 1891 1782 1976 Ferrarij
1807 1892 1845 1956 de
1863 1892 2024 1978 Canzago,
2040 1893 2147 1978 Paga·

333 2001 408 2064 nolo
434 2000 499 2065 filio
524 2000 660 2064 condam
683 2000 841 2083 Beltremj
864 1999 997 2082 Paterii,
1019 1999 1134 2065 Finolo
1158 1999 1223 2063 filio
1249 2000 1385 2065 condem
1408 2000 1528 2064 domiui
1551 1999 1681 2064 Andree
1705 1988 1864 2084 Brugnoli
1886 2000 1925 2063 de
1950 2000 2087 2064 Torehio
2108 2000 2147 2063 de

333 2107 489 2189 Menesio,
508 2107 636 2171 domino
661 2107 800 2171 Ruzerio
824 2105 1045 2190 Vizedomiuo,
1062 2107 1127 2170 filio
1152 2107 1287 2171 condam
1311 2107 1432 2170 domiui
1455 2107 1599 2190 Romerij
1623 2106 1835 2190 Vizedomini,
1853 2107 2000 2171 omnibus
2024 2108 2148 2172 eivibus

333 2215 488 2296 cumanis,
513 2222 545 2278 et
570 2214 643 2278 aliis
667 2214 813 2300 pluribus
837 2214 972 2277 testibus
996 2214 1118 2277 voeatis
1143 2221 1174 2277 et
1196 2214 1329 2298 rogatis.

421 2320 493 2406 Ego
518 2320 654 2405 Egidius
679 2321 718 2384 de
742 2320 865 2384 Rubeis
890 2319 928 2384 de
946 2319 1057 2384 Cassio
1075 2321 1246 2406 permensi,
1264 2320 1407 2384 notarius
1428 2326 1460 2383 et
1475 2321 1578 2405 judex
1595 2321 1774 2384 ordinarius
1791 2321 1910 2384 domini
1927 2322 2051 2386 oomitis
2067 2323 2146 2386 Ber·

333 2428 446 2492 tholoti
471 2415 617 2514 predicti,
643 2428 834 2492 auctoritate
859 2427 1027 2514 imperiali,
1048 2427 1109 2490 hiis
1134 2428 1281 2492 omnibus
1305 2425 1446 2510 interfui,
1470 2434 1502 2492 et
1524 2427 1607 2491 hano
1630 2428 1776 2492 chartam
1800 2436 1915 2512 rogatu
1939 2429 2033 2493 etde
2058 2451 2147 2493 man·

332 2535 407 2597 detto
432 2534 509 2597 dieti
533 2534 654 2597 domini
678 2534 802 2598 eomitis
827 2535 940 2620 scripsi
964 2541 996 2597 et
1019 2534 1199 2620 publicavi,
1224 2541 1256 2598 et
1287 2535 1395 2620 plures
1427 2535 1537 2599 charte
1568 2535 1711 2617 ejusdem
1736 2537 1919 2600 testamenti
1942 2537 2011 2600 fieri
2034 2544 2147 2622 rogate

333 2648 407 2704 sunt
429 2663 488 2727 per
511 2663 561 2704 me
586 2642 746 2706 notarium
770 2648 802 2704 et
825 2662 883 2726 per
906 2641 1068 2705 dominum
1095 2641 1274 2705 Gerordum
1299 2641 1338 2705 de
1363 2649 1473 2706 saneto
1489 2641 1622 2705 Miniate
1639 2643 1810 2722 notarium,
1827 2643 1929 2706 filiurn
1945 2643 2080 2707 condam
2097 2666 2149 2708 ser

333 2747 432 2812 Junte
454 2747 572 2812 Medici
596 2748 628 2811 in
651 2769 715 2810 uno
739 2755 861 2812 tenore.
