5490 7750
609 657 682 729 162
1394 674 1632 725 nosnuuurs

606 839 672 913 tue,
697 831 867 917 presertim
892 851 964 893 cum
987 828 1178 893 beneficium
1203 827 1280 892 setis
1310 848 1448 914 parvum
1476 835 1508 892 et
1539 835 1635 892 tenue
1666 827 1788 892 habeas
1820 827 1943 892 scilicet
1966 829 2051 914 quod
2082 829 2216 894 honeste
2248 827 2427 893 substenta·

608 938 688 1001 tioni
713 945 766 1000 tue
791 957 856 1001 non
879 936 1005 1018 sufficit,
1022 943 1171 1022 prompto
1196 933 1301 998 studio
1325 934 1497 998 subvenire
1521 955 1681 999 curamus.
1701 934 1807 1017 Unde,
1825 955 1898 998 cum
1914 934 2135 1000 lincolniensis
2151 935 2288 1000 ecclesia
2304 935 2427 998 nullum

610 1045 652 1109 ad
675 1065 808 1131 presens
832 1044 1019 1131 episcopum
1042 1042 1172 1124 habeat,
1190 1062 1312 1126 nosque
1336 1063 1400 1105 non
1424 1045 1456 1105 in
1480 1049 1607 1128 partem
1623 1041 1858 1122 sollicitudinis,
1877 1041 1933 1106 sed
1949 1042 1982 1106 in
1998 1042 2233 1128 plenitudinem
2249 1043 2428 1128 potestatis,

607 1153 683 1216 licet
706 1151 875 1234 immeriti,
901 1172 919 1214 a
942 1150 1083 1215 Domino
1107 1171 1217 1214 suiuus
1242 1148 1366 1230 vocati,
1390 1156 1422 1212 te
1447 1149 1593 1234 ejusdem
1621 1149 1756 1214 ecclesie
1788 1149 1984 1213 authoritate
2016 1149 2106 1214 beati
2134 1150 2225 1214 Petri
2256 1157 2289 1215 et
2319 1156 2429 1214 nostra

607 1260 798 1324 canonicum
820 1259 1035 1342 instituimus,
1060 1264 1092 1321 et
1115 1257 1253 1343 primam
1276 1255 1475 1343 prebendam
1499 1277 1596 1342 quam
1620 1257 1653 1320 in
1680 1277 1719 1320 ea
1750 1277 1868 1321 vacare
1899 1256 2088 1342 contigerit,
2114 1279 2153 1321 ea
2177 1278 2241 1344 qua
2265 1257 2430 1342 fungimur

607 1372 778 1453 potestate,
803 1365 1024 1430 concedimus:
1050 1370 1228 1429 statuentes
1252 1370 1288 1426 ut
1311 1363 1338 1426 si
1362 1363 1532 1449 episcopus
1563 1363 1617 1427 vel
1647 1363 1730 1427 alius
1754 1362 1907 1449 quislibet
1931 1364 2127 1430 contrahes
2150 1365 2262 1430 venire
2285 1385 2428 1451 presum-

606 1474 717 1561 pserit,
743 1475 813 1558 ejus
837 1474 871 1537 in
893 1473 955 1537 hec
978 1479 1071 1559 parte
1095 1472 1218 1535 factum
1241 1470 1348 1534 nullas
1371 1471 1457 1534 sires
1481 1470 1636 1553 obtineat,
1660 1470 1717 1534 sed
1740 1491 1867 1534 cassum
1890 1477 1922 1535 et
1945 1491 2084 1535 vacnum
2107 1472 2236 1558 penitus
2260 1471 2428 1554 habeatur,

606 1602 665 1645 nec
690 1580 854 1646 concessio
878 1579 945 1644 sire
970 1579 1111 1661 donatio,
1137 1579 1213 1664 quia
1233 1579 1303 1662 jam
1327 1577 1369 1641 ab
1394 1577 1458 1642 alio
1483 1578 1587 1661 sacta,
1612 1577 1671 1642 tibi
1697 1578 1728 1641 in
1753 1578 1814 1642 hoe
1838 1577 1961 1664 aliquid
1983 1579 2086 1665 possit
2107 1585 2334 1644 nocumentum
2357 1599 2429 1665 pre·

608 1695 705 1753 stare.
731 1687 943 1753 Decernirnus
967 1707 1055 1772 ergo,
1079 1692 1115 1750 ut
1139 1685 1220 1749 nulli
1244 1685 1327 1749 hane
1352 1691 1461 1749 nostre
1486 1685 1712 1768 concessionis,
1737 1691 1798 1749 etc.
1812 1683 1851 1749 (1)

1481 1953 1540 2018 IV.

1409 2151 1503 2214 Αιιιιο
1530 2151 1625 2213 1162.

1156 2345 1208 2410 Ex
1233 2346 1345 2410 eodem
1370 2352 1467 2429 tomo,
1492 2346 1562 2409 doc.
1586 2345 1662 2427 lt,
1688 2367 1714 2410 c.
1739 2345 1833 2411 XIX.
1858 2367 1884 2410 r.

695 2543 885 2608 Alexander
909 2563 994 2629 papa
1018 2541 1081 2606 ΠΙ.
1099 2543 1138 2606 (2)
1163 2542 1296 2606 Decano
1321 2548 1352 2606 et
1377 2541 1527 2628 Capitale
1551 2541 1763 2606 lincolniensi.

697 2650 859 2725 Quoniam
883 2650 923 2713 ad
948 2656 1092 2713 nostrum
1118 2655 1242 2735 spectat
1267 2649 1407 2713 officium
1429 2649 1507 2712 viris
1536 2648 1679 2713 honestis
1703 2656 1735 2712 et
1758 2649 1895 2713 literatis
1919 2649 1952 2713 in
1976 2647 2113 2713 ecclesia
2137 2648 2200 2712 Dei
2223 2648 2330 2714 locum
2355 2671 2431 2714 con·

608 2779 726 2843 gruum
750 2757 917 2841 assignare
943 2763 974 2820 et
999 2777 1110 2820 corum
1134 2755 1311 2842 provisioni
1334 2755 1440 2818 animo
1462 2757 1574 2822 libenti
1600 2756 1776 2838 intendere,
1794 2755 1947 2822 dilectum
1962 2755 2064 2819 filium
2080 2762 2225 2819 nostrum
2242 2757 2433 2841 magistrum

607 2864 649 2929 D.
674 2864 780 2928 sirum
804 2862 933 2946 utilem,
958 2863 1140 2944 literatum,
1166 2863 1336 2948 providum
1367 2884 1404 2926 ae
1437 2863 1629 2944 discretum,
1655 2871 1687 2928 et
1711 2885 1773 2927 non
1798 2864 1901 2928 solum
1926 2862 2149 2945 canonicatui,
2173 2863 2231 2927 sed
2255 2864 2435 2950 episcopali

608 2972 724 3053 etiam,
749 2971 782 3034 in
806 2979 963 3056 quantum
987 2992 1045 3034 nos
1069 2970 1341 3056 comprehendere
1371 2972 1550 3056 potuimus,
1575 2971 1727 3035 idoneum
1751 2971 1916 3055 dignitati,
1941 2970 2085 3036 Ecclesia
2109 2976 2216 3035 vestre
2241 2971 2432 3035 canonicum

608 3079 823 3142 aucthoritate
847 3078 1025 3163 apostoliea
1050 3077 1286 3159 constituimus,
1305 3077 1414 3163 stipsi
1437 3079 1574 3164 primam
1597 3077 1806 3164 prebendam,
1824 3099 1922 3164 quam
1946 3079 1978 3141 in
2003 3077 2117 3142 eadem
2141 3077 2289 3142 Ecclesia
2312 3098 2429 3142 vacare

608 3186 783 3271 continget,
802 3206 840 3248 ea
865 3207 928 3270 qua
952 3184 1118 3269 fungimur
1141 3191 1301 3270 potestate
1327 3186 1552 3250 concessimus.
1570 3186 1665 3250 Unde
1690 3186 1842 3271 quoniam
1866 3185 1905 3249 de
1929 3185 2012 3249 tanti
2035 3185 2097 3249 riri
2121 3185 2281 3250 consortio
2307 3185 2431 3250 debetis

608 3315 673 3358 non
696 3294 856 3358 immerito
880 3293 1054 3379 plurimum
1078 3293 1245 3378 gratulari,
1263 3294 1432 3380 presertim
1457 3316 1529 3357 enm
1552 3316 1610 3380 per
1630 3316 1704 3357 euru
1720 3293 1864 3358 Ecclesia
1880 3302 1986 3358 vestre
2004 3294 2236 3378 magisterium,
2257 3315 2355 3379 quam
2370 3294 2432 3379 ipsi

607 3423 665 3488 per
685 3401 867 3465 Ecclesiam
882 3400 1031 3464 videatur
1055 3401 1207 3464 collatum
1232 3400 1341 3482 fuisse,
1359 3401 1572 3465 Universitati
1588 3409 1694 3465 vestre
1715 3422 1774 3487 per
1790 3401 1967 3487 apostolica
1984 3401 2104 3486 scripta
2121 3400 2326 3487 precipiendo
2343 3421 2432 3464 man·

609 3508 722 3572 damus
747 3515 779 3572 et
803 3509 836 3571 in
860 3508 978 3572 virtute
1004 3507 1184 3571 obedientie
1210 3508 1419 3592 injungimus,
1445 3515 1479 3571 ut
1503 3529 1576 3571 eum
1601 3529 1673 3572 cum
1697 3507 1818 3572 advos
1842 3509 1978 3591 venerit,
1999 3508 2031 3572 in
2056 3506 2190 3571 fratrem
2214 3513 2246 3571 et
2274 3528 2432 3572 concano-

612 3617 729 3699 nicum,
755 3615 842 3680 omni
867 3614 1129 3696 contradictione,
1155 3614 1309 3679 dilatione
1334 3621 1366 3678 et
1390 3614 1608 3701 appellatione
1630 3615 1819 3702 postposita,
1844 3615 2025 3701 recipiatis;
2050 3621 2082 3678 et
2106 3613 2153 3677 illi
2177 3620 2300 3679 certum
2323 3615 2429 3679 locum

610 3723 643 3787 in
668 3723 765 3788 choro
789 3729 822 3787 et
846 3723 987 3808 capitulo
1012 3722 1225 3806 assignantes,
1244 3721 1349 3808 ipsum
1373 3721 1412 3784 de
1437 3723 1542 3808 prima
1565 3723 1740 3808 prebenda,
1766 3744 1828 3808 quc
1852 3722 1885 3787 in
1907 3721 2055 3786 Ecclesia
2078 3729 2186 3786 vestra
2209 3742 2327 3786 vacare
2352 3743 2427 3786 con·

611 3833 717 3918 tinget
747 3832 943 3896 authoritate
975 3837 1085 3894 nostra
1113 3831 1310 3912 investiatis,
1335 3836 1368 3893 et
1392 3831 1473 3912 aliis,
1498 3831 1525 3894 si
1550 3852 1611 3916 que
1636 3831 1740 3895 solent
1764 3833 1795 3895 in
1819 3830 2057 3918 prebendarum
2081 3829 2281 3894 investituris
2305 3830 2344 3894 de
2367 3829 2429 3894 Ec-

608 3940 705 4004 clesie
730 3946 836 4003 restre
861 3937 1092 4002 consuetudine
1117 3937 1375 4001 solemnitatibus
1400 3937 1562 4020 adhibitis,
1580 3939 1820 4002 concessionem
1843 3944 1985 4002 nostram
2009 3937 2195 4024 precipiatis
2219 3937 2261 4001 ab
2285 3937 2433 4002 omnibus

609 4046 881 4132 irrefragabiliter
905 4045 1082 4109 observari.
1108 4045 1143 4108 Si
1167 4051 1276 4108 autem
1300 4044 1417 4131 aliquis
1449 4045 1618 4131 episcopus
1648 4045 1699 4108 rel
1724 4045 1806 4108 alius
1831 4044 1983 4130 quislibet
2006 4051 2119 4108 contra
2142 4044 2203 4108 hoc
2227 4044 2338 4109 venire
2362 4066 2436 4131 prc-

610 4155 794 4240 sumpserit,
814 4160 846 4216 et
863 4151 1070 4240 prebendam,
1088 4174 1160 4216 curn
1184 4152 1359 4234 vacaverit,
1377 4152 1433 4214 elii
1457 4152 1631 4216 concedere
1649 4152 1699 4215 rel
1724 4153 1890 4238 assignare
1913 4152 2097 4235 tentaverit,
2116 4152 2187 4236 ejus
2210 4151 2243 4215 in
2264 4151 2325 4215 hac
2341 4159 2433 4238 parte

610 4263 733 4326 factum
757 4262 863 4324 nullas
887 4261 972 4324 vires
996 4260 1141 4325 obtinere
1165 4261 1325 4342 velumus,
1345 4259 1401 4323 sed
1425 4259 1550 4323 irritum
1574 4267 1606 4323 et
1630 4281 1768 4324 vacuum
1792 4280 1923 4346 prorsus
1947 4259 2070 4342 haberi,
2092 4281 2197 4345 neque
2221 4258 2352 4324 donatio
2375 4280 2434 4322 seu

610 4368 788 4450 concessis,
806 4368 882 4454 quia
903 4368 972 4451 jam
997 4367 1038 4430 ab
1062 4367 1126 4431 alio
1151 4367 1248 4449 facta,
1266 4367 1297 4430 ei
1319 4367 1352 4430 in
1375 4366 1436 4430 hoc
1461 4366 1724 4452 impedimentum
1748 4365 1889 4452 aliquod,
1907 4367 1975 4431 sive
1997 4373 2224 4430 nocumentum
2239 4366 2341 4452 possit
2360 4388 2433 4452 pre-

610 4484 706 4540 stare.
731 4475 866 4540 Interim
890 4497 967 4539 vero
992 4497 1049 4538 vos
1073 4475 1223 4560 precibus
1248 4475 1365 4538 nostris
1389 4474 1538 4538 volumus
1562 4481 1712 4537 exoratos
1737 4473 1850 4538 haberi
1874 4481 1909 4537 ut
1927 4474 2154 4560 prenominato
2170 4473 2212 4539 D.
2230 4473 2362 4559 aliquod
2377 4473 2434 4538 be-

609 4583 759 4648 neficium
783 4604 926 4647 annuum
948 4604 1007 4668 pro
1030 4582 1119 4646 beati
1141 4582 1232 4646 Petri
1266 4588 1298 4645 et
1329 4589 1439 4646 nostra
1470 4581 1652 4644 reverentia
1684 4588 1715 4644 et
1747 4581 1880 4646 obtentu
1911 4581 2078 4645 literature
2110 4587 2142 4646 et
2173 4581 2345 4668 probitatis
2376 4603 2433 4644 suc

608 4690 788 4755 liberaliter
811 4689 1005 4772 concedatis,
1031 4695 1063 4752 ct
1087 4688 1188 4753 donec
1212 4688 1410 4776 prebendam
1434 4709 1551 4752 vacare
1576 4688 1767 4773 contigerit,
1789 4689 1971 4774 assignetis,
1995 4695 2032 4752 ut
2055 4709 2113 4753 nos
2141 4687 2304 4753 devotioni
2326 4694 2433 4753 vestre

541 4823 544 4830 ’
609 4800 803 4885 multiplices
828 4799 955 4862 interim
980 4798 1102 4882 gratias
1125 4805 1294 4862 teneamur
1317 4796 1496 4879 exsolvere,
1514 4803 1546 4860 et
1561 4817 1674 4883 preces
1691 4818 1728 4860 ac
1744 4795 1942 4883 pc[ti]tiones
1962 4803 2097 4880 vestras,
2115 4818 2188 4862 eum
2208 4797 2432 4884 opportunitas

609 4929 644 4971 se
669 4907 833 4990 obtulerit,
851 4906 1031 4992 promptius
1056 4914 1088 4969 et
1112 4905 1273 4969 efficacius
1297 4905 1463 4969 exaudire.
1480 4904 1519 4968 ln
1543 4904 1604 4968 hoc
1629 4903 1715 4967 enirn
1739 4903 1861 4989 aliquid
1885 4903 2067 4968 donationis
2090 4905 2123 4968 in
2147 4926 2221 4970 eum
2244 4904 2330 4969 facte
2346 4927 2432 4970 com·

608 5015 800 5101 probabitur
823 5013 976 5078 indicium
1001 5020 1033 5077 et
1057 5013 1240 5076 necessitati
1265 5033 1322 5076 sue
1347 5013 1581 5097 qualecumque
1605 5010 1784 5074 subsidium
1807 5011 1991 5076 conseretur
2015 5060 2323 5078 ..........

1501 5281 1541 5346 l'.

1416 5479 1510 5541 Asino
1535 5479 1630 5541 1162.

1180 5674 1232 5738 Ex
1257 5675 1370 5739 eodem
1393 5680 1490 5757 tomo,
1515 5673 1583 5738 doc.
1608 5674 1668 5757 V.,
1692 5672 1748 5738 fol.
1774 5675 1813 5738 21
1840 5695 1866 5738 r.

696 5873 999 5964 Alexanderpapa
1023 5872 1086 5936 Ill.
1104 5871 1143 5935 (3)
1166 5872 1299 5936 Decano
1324 5880 1355 5937 et
1380 5871 1530 5958 Capitulo
1554 5871 1656 5935 sancti
1678 5870 1775 5934 Pauli
1799 5869 2026 5934 londoniensis.

699 5981 901 6046 Constitutus
925 5981 959 6043 iu
983 5981 1147 6066 presentia
1170 5986 1281 6044 nostra
1306 5980 1441 6044 dilectus
1464 5979 1549 6043 filius
1565 5986 1676 6043 noster
1692 5978 1847 6063 magister
1867 5976 1924 6060 D.,
1943 5977 2116 6041 eanonicus
2132 5983 2250 6059 vester,
2267 5977 2317 6041 vir
2332 5977 2430 6057 utilis,

606 6091 771 6173 literatus,
789 6088 942 6177 providus
967 6094 999 6151 et
1024 6088 1180 6152 discretus
1205 6094 1237 6150 ct
1261 6089 1353 6152 nobis
1378 6088 1419 6152 ob
1442 6088 1645 6151 literaturam
1670 6093 1701 6151 et
1724 6087 1919 6173 probitatem
1944 6106 2036 6148 suam
2060 6106 2153 6149 carus
2176 6085 2300 6172 pariter
2323 6089 2355 6147 et
2377 6105 2430 6147 ac-

608 6204 730 6286 ceptus,
748 6197 880 6262 auribus
904 6196 1022 6261 nostris
1047 6195 1234 6280 diligentius
1258 6195 1419 6259 intimavit
1442 6194 1537 6281 quod,
1556 6216 1628 6258 euru
1650 6195 1682 6258 in
1706 6192 1853 6258 Ecclesia
1868 6198 1976 6256 restra
1992 6193 2191 6278 prehendam
2206 6192 2284 6257 satis
2300 6198 2430 6256 tenuem

688 6451 727 6515 (1)
747 6448 901 6500 Sanctiom's
920 6446 1038 6500 formula
1058 6447 1084 6499 in
1105 6448 1198 6499 codice
1218 6447 1396 6498 desideratur.
1415 6446 1467 6510 (rr.)
1630 6447 1669 6511 (3)
1689 6445 1730 6495 Ex
1750 6445 1808 6496 cod.
1828 6445 1909 6496 satie.
1929 6461 1955 6495 n.
1975 6445 2054 6508 6024,
2073 6441 2121 6495 fol.
2142 6445 2202 6494 152.

688 6541 727 6605 (2)
747 6538 789 6589 Ex
808 6539 867 6591 cod.
887 6539 1063 6590 valterum.
1084 6540 1162 6602 6024,
1182 6535 1229 6588 iol.
1251 6539 1310 6588 152.
