5490 7750
608 643 683 712 134
1393 654 1637 705 noncupans

597 817 786 903 frequenter
809 815 963 901 pacificus
988 819 1091 877 status
1115 813 1259 878 locorum
1284 833 1341 876 sue
1365 809 1516 896 regimini
1540 808 1782 873 commissorum
1806 808 1972 890 evertitur,
1989 814 2022 872 et
2040 808 2140 872 multe
2157 809 2304 874 oriuntur
2319 811 2425 895 noxie,

595 926 769 1006 novitates,
795 922 949 1009 expedire
973 921 1197 1007 cognoscimus
1221 927 1257 984 ut
1281 919 1314 982 iu
1336 917 1416 983 loeis
1441 917 1587 981 Ecclesia
1610 936 1743 981 remane
1774 915 1928 1000 subjectis
1952 916 2123 998 novitates,
2147 938 2189 980 ex
2213 918 2329 1003 quibus
2352 941 2427 1005 pes-

594 1039 670 1098 sunt
693 1031 770 1096 oriri
792 1029 952 1117 pericula,
970 1035 1127 1114 quantum
1152 1049 1223 1093 cum
1248 1026 1319 1092 Deo
1343 1047 1514 1112 pessumus
1537 1023 1711 1088 salubriter
1734 1023 1902 1088 evitemus.
1919 1023 1995 1108 Hijs
2017 1024 2116 1110 igitur
2139 1025 2225 1090 circa
2248 1028 2425 1092 ueritatem

588 1139 758 1205 vitandam
782 1139 814 1202 in
841 1137 999 1223 regimine
1033 1135 1174 1200 civitatis
1197 1141 1306 1200 nostre
1329 1132 1538 1198 bononiensis
1562 1133 1593 1196 iu
1618 1131 1809 1196 scrutinium
1839 1131 2105 1196 considerationis
2129 1141 2236 1198 nostre
2260 1133 2424 1220 deductis,

590 1247 787 1313 fraternitati
810 1253 875 1329 tue,
901 1245 941 1308 de
966 1265 1029 1330 qua
1051 1244 1183 1330 plenam
1207 1243 1240 1306 in
1264 1241 1405 1306 Domino
1429 1239 1579 1304 fiduciam
1604 1240 1757 1325 gerimus,
1781 1241 1979 1326 presentium
2002 1247 2114 1305 tenore
2138 1243 2366 1308 committimus
2389 1252 2423 1308 et

588 1355 791 1437 mandamus,
808 1361 971 1439 quatenus
998 1373 1071 1417 cum
1094 1351 1265 1438 possessio,
1283 1356 1315 1414 et
1331 1349 1435 1434 qnasi,
1453 1347 1593 1412 civitatis
1618 1348 1835 1430 bononiensis,
1860 1347 2030 1412 comitatus
2054 1355 2086 1413 et
2109 1349 2272 1414 districtus
2289 1360 2321 1415 et
2344 1351 2424 1416 alio·

591 1485 663 1528 rum
683 1462 807 1546 jurium
830 1462 925 1546 juxta
950 1468 1094 1525 tenerem
1118 1466 1150 1522 et
1175 1458 1312 1523 formam
1341 1458 1509 1520 literarum
1543 1463 1727 1520 nostrarum
1757 1477 1855 1542 super
1882 1455 2142 1522 reconciliatione
2173 1457 2422 1544 Universitatis,

590 1571 703 1658 pepuli
726 1576 758 1634 at
783 1567 970 1634 Communis
997 1567 1137 1632 civitatis
1161 1565 1307 1651 ejusdem
1329 1565 1485 1628 hactenus
1510 1563 1741 1645 confectarum,
1758 1562 1856 1627 fuerit
1878 1563 1970 1627 nobis
1994 1571 2027 1627 et
2042 1585 2174 1628 romane
2190 1563 2346 1648 Ecclesia,
2365 1589 2424 1632 seu

523 1710 526 1716 ·
589 1679 668 1760 tibi,
693 1698 788 1763 quem
813 1676 855 1739 ad
883 1675 914 1739 id
939 1696 998 1762 ρετ
1021 1674 1103 1738 alias
1126 1680 1253 1738 nostras
1276 1672 1388 1736 literas
1413 1671 1635 1756 deputandum
1658 1670 1877 1756 previdimus,
1902 1679 2012 1735 nestro
2042 1677 2074 1736 et
2105 1673 2251 1757 ejusdem
2278 1673 2423 1740 Ecclesia

590 1807 724 1850 romane
748 1791 781 1849 et
804 1804 1029 1848 successorum
1054 1788 1236 1846 nostrorum
1259 1779 1388 1844 nemina
1412 1778 1572 1860 restituta,
1597 1785 1630 1842 et
1652 1778 1822 1842 ratificatio
1846 1779 1989 1842 emnium
2012 1787 2045 1842 et
2066 1779 2267 1865 singulorum
2291 1789 2421 1846 conben-

592 1903 698 1958 torum
723 1893 755 1956 iu
780 1892 857 1978 ipsis
881 1891 996 1974 literis,
1022 1890 1120 1953 salsis
1145 1886 1338 1974 quibusdam
1361 1886 1645 1968 declarationibus,
1663 1885 1937 1950 moderationibus
1961 1893 1993 1951 et
2016 1888 2272 1973 suppletionibus
2296 1890 2423 1954 noviter

592 2023 652 2088 per
675 2022 733 2064 nos
758 2000 851 2064 lactis
875 2020 975 2084 super
999 1997 1094 2062 certis
1118 1995 1262 2060 articulis
1285 1996 1443 2059 contentis
1469 1993 1502 2057 iu
1526 1993 1627 2057 literis
1655 1995 1857 2076 memoratis,
1882 2001 1977 2080 prout
2000 1993 2033 2058 in
2057 1994 2158 2058 literis
2183 1997 2300 2060 nestris
2324 2019 2422 2083 super

591 2108 656 2193 hijs
680 2107 835 2172 conlectis
859 2106 988 2192 plenius
1012 2105 1203 2186 continetur,
1220 2102 1304 2166 infra
1329 2101 1486 2165 kalendas
1511 2101 1630 2164 mensis
1653 2102 1844 2187 septembris
1868 2103 2015 2187 proxime
2039 2102 2165 2166 futuras
2188 2103 2287 2167 fucrit
2309 2105 2422 2170 subse·

592 2223 677 2297 outa,
695 2214 828 2279 Thadce
845 2212 884 2278 de
908 2212 1054 2298 Populis,
1073 2212 1184 2296 legum
1207 2210 1340 2292 doctori,
1357 2210 1419 2273 civi
1444 2209 1645 2292 bononiensi,
1662 2210 1754 2293 cujus
1770 2209 1954 2294 provisione
1969 2216 2002 2273 et
2018 2209 2187 2294 diligentia
2202 2211 2278 2274 dicti
2295 2212 2421 2295 civitas,

592 2324 763 2388 comitatus
780 2329 812 2385 et
828 2321 1003 2402 districtus,
1022 2321 1104 2384 sicut
1119 2318 1335 2400 Universitas,
1352 2317 1492 2403 populus
1509 2324 1541 2380 et
1558 2316 1734 2380 Commune
1751 2317 1965 2381 bononienses
1981 2317 2073 2382 nobis
2090 2339 2148 2403 ρετ
2164 2339 2274 2382 eorum
2299 2320 2421 2402 literas,

593 2453 652 2496 nac
677 2453 740 2494 non
765 2452 823 2510 per
847 2429 1020 2514 magistros
1045 2428 1180 2491 Petrum
1204 2427 1242 2490 da
1266 2425 1450 2511 Bonpctris,
1475 2425 1584 2509 legum
1608 2424 1782 2506 doctorem,
1807 2445 1845 2488 ac
1868 2424 2132 2488 Beneventuram
2156 2426 2317 2508 Jacobini,
2334 2427 2422 2492 cives

592 2539 818 2620 bononienses,
843 2537 984 2602 sindicos
1009 2543 1041 2600 et
1064 2541 1289 2622 procuratores
1313 2555 1435 2615 cerum,
1461 2533 1502 2596 ad
1527 2554 1584 2596 nos
1609 2539 1640 2596 et
1666 2532 1782 2596 Sodem
1806 2532 2018 2618 apostolicam
2041 2533 2230 2616 destinatos,
2246 2535 2421 2600 sindicarie

594 2653 627 2712 et
650 2646 873 2733 procuratorio
897 2645 1027 2710 nenrine
1051 2645 1208 2710 dictorum
1234 2642 1497 2706 constituentium
1525 2641 1732 2722 intimarunt,
1756 2640 1887 2704 fuerunt
1918 2640 2075 2704 hactenus
2107 2641 2138 2704 in
2170 2649 2255 2706 statu
2287 2642 2422 2728 pacifice

594 2756 786 2837 conservati,
803 2762 835 2818 et
859 2761 993 2840 sperant
1018 2751 1234 2816 verisimiliter
1258 2771 1292 2814 sa
1316 2751 1525 2836 imposterum
1550 2747 1797 2829 conservandos,
1815 2755 1847 2812 et
1871 2748 1911 2812 ob
1934 2749 1994 2813 hoc
2018 2748 2116 2832 ijdem
2133 2749 2347 2833 Universitas,
2364 2772 2422 2837 pe·

590 2864 687 2949 pulns
710 2871 743 2927 et
767 2862 954 2944 Commune,
972 2861 1011 2924 de
1039 2861 1138 2946 ipsius
1156 2857 1281 2922 Thadei
1301 2856 1456 2942 regimine
1474 2861 1717 2938 coutententur;
1735 2856 1879 2920 volantes
1896 2856 2113 2937 nihilominus,
2131 2863 2164 2920 et
2183 2859 2421 2923 consentientes

591 2991 744 3057 expresse
766 2991 826 3056 ρετ
849 2969 980 3032 eosdem
1004 2968 1146 3031 sindicos
1170 2973 1202 3030 et
1226 2972 1450 3051 procuratores
1473 2964 1630 3028 habentes
1655 2962 1696 3026 ad
1720 2963 1780 3027 hoc
1804 2963 1944 3048 speciale
1968 2963 2166 3046 mandatum,
2183 2971 2218 3028 ut
2239 2987 2280 3029 ex
2303 2988 2420 3052 procu·

590 3078 712 3142 raterio
735 3075 921 3142 corumdem
945 3075 1113 3139 evidenter
1138 3080 1282 3159 apparet,
1301 3071 1386 3157 quod
1410 3072 1442 3134 in
1466 3071 1610 3135 archivio
1635 3092 1768 3134 remane
1792 3070 1937 3134 Ecclesia
1961 3070 2097 3134 facimus
2121 3075 2315 3157 conservari,
2334 3075 2419 3159 quod

591 3185 690 3269 ijdem
714 3183 853 3269 populus
876 3190 909 3245 et
932 3181 1110 3246 Commune
1136 3179 1177 3243 ad
1201 3179 1393 3243 solutionem
1417 3199 1531 3242 census
1556 3177 1648 3241 nobis
1665 3184 1697 3239 ct
1714 3177 1951 3241 successoribus
1976 3177 2102 3260 nostris,
2120 3199 2158 3242 ac
2176 3179 2321 3263 Collegio
2337 3179 2418 3244 Fra·

591 3300 677 3358 trum
701 3298 885 3356 nostrorum
909 3295 1019 3353 sancte
1044 3310 1177 3354 romane
1201 3286 1344 3351 Ecclesia
1370 3286 1590 3351 Cardinalinm
1614 3285 1715 3348 debiti
1743 3285 1925 3349 faciendam
1950 3285 2048 3348 etiam
2072 3285 2258 3369 hujusmodi
2276 3290 2418 3372 presenti

591 3401 798 3467 concessione
822 3398 959 3463 durante
984 3403 1174 3460 remaneant
1201 3395 1345 3479 obligati,
1363 3401 1397 3457 tu
1422 3393 1544 3478 absque
1568 3393 1634 3456 alia
1658 3393 1876 3458 nominatione
1900 3392 1939 3456 de
1963 3392 2033 3478 ipae
2055 3414 2114 3479 ρετ
2133 3392 2235 3458 dictos
2251 3394 2419 3459 Universi·

591 3516 711 3590 tatem,
736 3507 892 3594 populum
915 3511 947 3569 et
972 3504 1149 3569 Commune
1173 3502 1339 3584 facienda,
1364 3501 1453 3587 prius
1477 3508 1586 3564 tamen
1611 3501 1724 3565 eedem
1748 3500 1881 3564 Thadee
1906 3521 1925 3562 a
1957 3500 2129 3582 cujuslibet
2160 3504 2419 3566 excommunica·

591 3617 688 3681 tionis
716 3615 876 3678 sententia
905 3613 957 3677 vel
991 3612 1178 3695 sententijs,
1203 3610 1319 3696 quibus
1343 3615 1474 3696 propter
1497 3615 1650 3672 contenta
1682 3609 1715 3672 in
1746 3606 1847 3672 literis
1880 3607 2150 3671 reconciliationis
2181 3609 2343 3694 predicta,
2366 3610 2418 3674 sel

592 3723 784 3788 auctoritate
808 3727 991 3786 nostrerum
1015 3740 1224 3805 processuum
1249 3717 1453 3804 postmodum
1484 3722 1679 3797 secutorum,
1707 3715 1776 3780 sore
1808 3715 1950 3780 nescitur
1980 3713 2153 3779 innodatus
2177 3723 2250 3801 post
2272 3717 2418 3802 predicta

590 3853 650 3918 per
672 3836 704 3893 te
728 3829 873 3916 plenarie
897 3826 1080 3892 executioni
1105 3824 1275 3906 mandata,
1299 3824 1397 3886 saluis
1422 3823 1708 3904 declarationibus,
1732 3821 2006 3885 moderationibus
2030 3827 2061 3885 et
2084 3823 2342 3908 suppletionibus
2365 3847 2419 3888 su·

591 3937 754 4025 predictis,
772 3936 963 4001 auctoritate
986 3941 1098 3998 nostra
1119 3934 1215 4017 juxta
1239 3932 1377 3995 formam
1399 3930 1545 3994 Ecclesia
1570 3929 1729 4012 absolute,
1747 3937 1779 3994 ot
1795 3930 1948 4013 injunctis
1968 3929 2030 3992 sibi
2046 3951 2142 4015 snper
2159 3931 2222 4015 hijs
2238 3933 2418 4017 penitentia

593 4045 729 4110 salutari
752 4050 784 4108 et
808 4044 882 4127 alijs
907 4064 969 4128 que
994 4041 1033 4105 de
1054 4042 1128 4125 jure
1153 4040 1273 4103 fuerint
1297 4039 1505 4124 iniungenda,
1527 4036 1837 4101 admidistrationem
1861 4037 2040 4122 plenariam
2059 4038 2181 4121 jurium
2206 4047 2238 4102 et
2260 4039 2418 4104 bonorum

592 4153 633 4218 ad
658 4152 805 4216 eamdem
827 4150 1007 4215 Ecclesiam
1032 4149 1063 4212 in
1089 4149 1229 4228 civitate,
1255 4147 1408 4210 comitatu
1433 4153 1466 4209 et
1489 4145 1635 4209 districtu
1659 4145 1810 4231 predictis
1834 4145 2064 4230 pertinentium
2084 4145 2260 4231 gerendam
2277 4155 2308 4210 et
2325 4169 2418 4212 exer-

593 4261 729 4326 cendam
750 4281 811 4344 per
834 4258 972 4322 eundem
997 4255 1177 4336 Thadenm,
1195 4254 1323 4318 nornine
1348 4262 1380 4317 et
1403 4255 1472 4317 vice
1497 4253 1615 4317 nostris
1639 4259 1671 4316 et
1692 4252 1836 4316 Ecclesia
1854 4259 2158 4338 memoratamque
2180 4254 2221 4317 ad
2244 4254 2419 4320 triennium

593 4367 771 4455 apostolica
795 4365 987 4430 auctoritate
1011 4363 1187 4444 concedas,
1212 4362 1355 4447 exceptis
1380 4368 1582 4424 sacramento
1606 4359 1769 4424 fidelitatis
1794 4382 1813 4424 a
1837 4359 2002 4424 Potestate
2027 4367 2059 4424 at
2082 4359 2271 4446 Capitanee,
2289 4363 2419 4446 quande

595 4475 681 4539 cives
706 4473 919 4538 bononienses
940 4493 998 4557 per
1015 4470 1228 4556 Capitaneum
1245 4469 1314 4554 regi
1332 4468 1503 4550 voluerint,
1520 4467 1699 4552 ceterisque
1717 4467 1906 4531 officialibus
1922 4474 1955 4531 et
1971 4467 2095 4534 civibus
2112 4469 2251 4534 civitatis
2276 4469 2422 4553 ejusdem

593 4584 797 4670 recipiendo,
822 4603 881 4645 nee
904 4601 969 4644 nou
992 4579 1134 4643 dominio
1158 4599 1195 4642 ac
1220 4599 1308 4640 maro
1333 4584 1365 4640 et
1388 4577 1489 4639 mixto
1513 4575 1663 4662 imperia,
1684 4575 1908 4659 jurisdictione
1932 4582 1965 4638 et
1988 4577 2224 4662 superioritate,
2249 4585 2281 4642 et
2305 4579 2421 4642 horum

593 4691 815 4777 recognitione
840 4688 1002 4769 civitatis,
1028 4686 1198 4751 comitatus
1223 4691 1255 4749 et
1278 4685 1441 4748 districtus
1465 4684 1700 4770 predictorum,
1725 4683 1766 4746 ad
1790 4704 1847 4746 nes
1871 4689 1903 4745 et
1926 4683 2045 4747 dictam
2068 4683 2248 4748 Ecclesiam
2271 4693 2420 4771 spectan-

591 4801 688 4883 tibus,
706 4819 821 4863 census
846 4817 974 4882 quoque
999 4795 1099 4859 annui
1122 4793 1215 4857 nobis
1241 4800 1272 4856 et
1296 4792 1534 4856 successoribus
1559 4791 1677 4855 nostris
1698 4811 1736 4854 ac
1760 4789 1904 4876 Collegie
1928 4789 2079 4854 Fratrum
2104 4799 2287 4856 nostrorum
2309 4801 2421 4858 sancte

593 4927 725 4973 romane
749 4905 894 4969 Ecclesia
920 4901 1143 4967 Cardinalium
1175 4901 1216 4964 ab
1249 4900 1371 4964 eisdem
1403 4899 1526 4964 civibus
1557 4897 1741 4984 prestandi,
1768 4918 1805 4960 ac
1829 4898 1927 4962 etiam
1959 4898 2187 4962 mittendorum
2211 4899 2356 4985 equitum
2379 4901 2422 4965 ad

594 5015 762 5080 servitium
784 5011 930 5096 ejusdem
953 5029 1086 5073 romane
1110 5007 1270 5090 Eeclesie,
1295 5006 1479 5093 receptione
1511 5005 1696 5070 officialium
1725 5026 1852 5090 quoque
1885 5005 1926 5068 ad
1946 5005 2204 5089 jurisdictionem
2235 5007 2422 5090 hujusmodi

592 5125 662 5189 vice
688 5129 722 5186 et
745 5121 873 5185 nomine
897 5138 1030 5182 romane
1054 5115 1198 5180 Ecclesia
1223 5115 1449 5196 exercendam,
1474 5120 1506 5177 et
1530 5113 1799 5176 administratoris
1820 5112 1941 5196 jurium
1966 5119 1998 5176 et
2019 5113 2176 5177 bonerum
2192 5114 2423 5179 Universitatis

592 5231 739 5315 ejusdam
762 5249 820 5315 par
846 5226 1024 5291 Commune
1048 5231 1081 5288 at
1103 5223 1259 5310 populum
1282 5222 1497 5286 bononienses
1520 5219 1799 5302 nominandorum,
1817 5227 1849 5282 et
1865 5241 1922 5305 per
1938 5219 2041 5306 ipsam
2059 5241 2225 5284 romanam
2240 5219 2420 5284 Ecclesiam

593 5338 827 5423 eligendorum,
852 5333 1085 5420 ponendorum,
1112 5330 1408 5395 constituendorum
1433 5349 1489 5392 seu
1514 5327 1787 5413 deputandorum,
1812 5327 1979 5408 electione,
1999 5327 2168 5413 positione,
2194 5328 2422 5392 constitutione

595 5453 627 5510 et
651 5443 860 5531 deputatione
884 5440 1051 5523 faciendis,
1076 5446 1109 5503 et
1133 5439 1206 5522 alijs
1228 5437 1355 5522 juribus
1378 5436 1537 5500 universis
1562 5436 1817 5521 competentibus
1841 5435 1873 5498 in
1898 5434 2039 5516 civitate,
2056 5434 2210 5498 comitatu
2226 5441 2259 5498 et
2275 5435 2422 5499 districtu

591 5551 845 5617 bononiensibus
868 5549 973 5613 eidem
996 5568 1130 5611 romane
1155 5545 1310 5627 Ecclesia,
1329 5544 1505 5608 secuudum
1522 5542 1607 5628 quod
1631 5544 1662 5606 in
1688 5541 1781 5606 dictis
1804 5541 1906 5605 literis
1930 5562 2027 5627 super
2050 5541 2136 5605 dieta
2159 5542 2422 5606 reconciliatione

593 5659 758 5740 conlectis,
783 5658 940 5744 premissa
963 5656 1091 5742 plenius
1118 5653 1353 5738 exprimuntur,
1371 5673 1432 5737 que
1458 5651 1565 5715 emnia
1588 5650 1680 5714 nobis
1705 5650 1861 5735 dictisque
1887 5649 2124 5713 suecessoribus
2148 5655 2181 5712 at
2204 5670 2336 5713 remane
2359 5649 2422 5714 Ec·

595 5768 693 5834 clesic
718 5765 921 5851 integraliter
945 5783 1157 5842 reservamus,
1182 5782 1308 5846 queque
1332 5767 1427 5846 prout
1451 5759 1510 5822 hec
1534 5759 1565 5821 in
1591 5758 1683 5820 dictis
1706 5757 1807 5820 literis
1832 5779 1928 5842 super
1951 5756 2037 5820 dieta
2060 5756 2320 5820 reconciliatione
2345 5778 2419 5820 cen-

595 5877 688 5940 lectis
712 5874 838 5960 plenius
863 5871 1077 5952 eontinentur,
1095 5891 1153 5954 per
1177 5891 1234 5932 nos
1260 5876 1291 5931 et
1315 5867 1416 5931 dictos
1441 5887 1642 5930 successores
1666 5887 1703 5929 ac
1727 5865 1874 5928 eamdem
1898 5884 2065 5927 romanam
2088 5863 2278 5945 Ecclesiam,
2300 5885 2355 5928 seu
2381 5863 2422 5928 de

593 5983 747 6048 mandato
772 5987 881 6044 nostro
906 5985 938 6042 et
962 5978 1122 6041 dictorum
1146 5996 1367 6040 suceessorum
1395 5981 1427 6038 et
1450 5974 1595 6057 ejusdem
1619 5972 1775 6054 Eeclesie,
1792 5992 1856 6035 nen
1880 5978 1989 6034 tamen
2013 5992 2071 6056 per
2087 5970 2235 6034 eumdem
2253 5970 2423 6034 Tbadcum

594 6091 666 6156 fieri
689 6090 839 6155 volumus
863 6093 895 6151 ct
918 6087 1016 6151 etiam
1040 6083 1204 6165 exerceri,
1229 6082 1327 6146 salvis
1352 6081 1641 6162 declarationibus,
1667 6078 1940 6143 moderationibus
1968 6085 2000 6141 et
2023 6078 2280 6163 suppletionibus
2309 6099 2422 6163 supra·

596 6199 691 6264 dictis
716 6218 795 6284 quas
819 6195 968 6259 velumus
993 6191 1167 6258 observari.
1192 6191 1394 6276 Recepturus
1418 6189 1459 6252 ab
1483 6189 1597 6252 eodem
1621 6187 1764 6269 Thadeo,
1793 6193 1902 6251 nestro
1930 6195 1962 6249 et
1985 6207 2205 6248 successorum
2238 6191 2421 6249 nestrorum

596 6329 634 6372 ae
658 6305 805 6390 ejusdem
829 6303 975 6368 Ecclesia
999 6321 1132 6365 romane
1157 6299 1295 6381 nomine,
1309 6299 1529 6383 juramentum
1550 6296 1714 6359 fidelitatis
1731 6294 1838 6358 debite
1855 6294 1915 6357 sub
1931 6294 1992 6357 hac
2008 6292 2131 6357 forma:
2154 6292 2253 6378 «Ego
2273 6291 2424 6356 Tradere

596 6415 634 6480 dc
657 6414 783 6498 Papulis
799 6414 888 6497 jare,
910 6411 991 6496 quod
1012 6408 1050 6474 ab
1072 6408 1129 6472 bec
1151 6406 1228 6470 liora
1250 6408 1284 6468 in
1307 6413 1397 6469 ealce
1417 6404 1517 6488 fidelis
1539 6412 1566 6468 et
1588 6402 1726 6466 obediens
1749 6424 1799 6466 cro
1822 6401 1905 6466 beato
1929 6400 2021 6464 Petro
2036 6401 2176 6484 principi
2194 6399 2422 6484 Aproslolorum,

596 6522 833 6588 daonctiass'mo
853 6520 938 6604 yntri
960 6519 1082 6581 donnino
1112 6536 1176 6579 areo
1204 6513 1325 6576 domino
1357 6512 1520 6576 Benedicta
1544 6532 1627 6596 pepe
1658 6511 1851 6592 darodecimo,
1875 6510 1998 6593 eiusque
2028 6506 2246 6571 antecessoribus
2281 6509 2423 6571 corscnice
