5492 7750
778 609 1010 660 srncrnnrm
1037 610 1088 660 an
1118 611 1376 662 raosnssonns
1404 612 1509 664 rums
1538 613 1672 664 crv1n1s
2082 597 2130 667 59

314 764 446 850 pluries,
464 765 672 830 nihilominus
695 765 774 830 ratis
798 765 1002 830 manentibus
1025 766 1161 852 singulis
1184 768 1400 853 predictorum
1425 769 1528 834 cocles
1552 768 1650 833 luerit
1670 771 1922 855 contrafactum
1941 795 1999 858 pro
2016 774 2132 859 quihus

314 871 462 936 omnibus
485 879 517 936 et
541 872 678 958 singulis
702 873 911 936 observandis
935 879 967 937 ct
990 874 1081 959 penis
1112 873 1274 939 solvendis
1306 875 1463 960 obligavit
1490 875 1594 940 eidem
1617 876 1790 961 Brunellc,
1815 879 1984 966 recipienti
2006 882 2077 946 vica
2101 889 2133 946 et

313 980 442 1045 nomine
466 979 543 1044 dicti
566 980 688 1045 domini
710 979 918 1064 Marchionis,
935 981 1043 1045 omnia
1059 1002 1118 1045 sua
1133 982 1219 1046 bona
1235 988 1267 1046 et
1282 981 1589 1069 Archiepiseopatus
1605 984 1739 1049 Ravene
1755 988 1924 1072 presencia
1939 994 1972 1052 et
1987 987 2131 1074 luctura3

313 1108 376 1173 que
399 1088 530 1170 comica,
555 1087 662 1152 soluta
684 1088 736 1152 vel
761 1109 835 1170 non,
857 1089 921 1172 jste
945 1095 1128 1153 contractus
1152 1089 1184 1152 in
1210 1090 1354 1175 quolibet
1377 1089 1518 1176 capitulo
1542 1112 1634 1155 suam
1658 1092 1802 1157 obtineat
1825 1094 2020 1160 firmitatem.

401 1195 445 1259 Et
467 1195 600 1281 insuper
621 1196 784 1281 prediatus
807 1195 982 1259 Bruncllus
1005 1196 1152 1281 promisit
1175 1218 1233 1282 per
1255 1197 1497 1283 stipulationem
1520 1198 1719 1285 solempnem
1735 1200 1820 1265 dicto
1836 1203 2028 1268 venerabilli
2047 1205 2133 1290 patri

313 1302 441 1368 dominc
457 1303 620 1390 Phylippo
637 1304 879 1390 archiepiscopo
895 1303 1067 1387 Ravenati,
1080 1326 1114 1368 se
1131 1303 1293 1369 facturum
1310 1311 1342 1369 et
1358 1307 1584 1372 curatoremll)
1598 1308 1683 1393 quod
1699 1308 1803 1374 dictus
1819 1309 1967 1374 dominus
1984 1311 2130 1378 Marchio

313 1410 454 1474 acetabit
477 1410 598 1474 dictum
621 1416 820 1474 contractum
845 1410 1075 1494 conductionis,
1093 1411 1307 1476 concessionis
1324 1419 1356 1476 et
1372 1411 1510 1476 dationis
1534 1413 1618 1478 lacte
1643 1415 1676 1477 in
1696 1415 1816 1479 dictum
1831 1415 2032 1501 Brunellum,
2049 1420 2130 1484 reci·

312 1517 455 1603 piantem
477 1519 606 1583 nomine
631 1517 707 1582 dicti
731 1518 852 1582 domini
876 1518 1071 1582 Marchionis
1095 1525 1127 1583 61
1151 1519 1321 1605 aprobabit
1345 1525 1376 1584 ct
1400 1520 1572 1585 ratificabit
1596 1523 1703 1586 omnia
1726 1528 1758 1587 et
1782 1524 1911 1611 singula
1933 1547 1995 1612 que
2011 1527 2045 1590 iu
2061 1527 2131 1614 ipso

313 1633 479 1691 contractu
503 1627 722 1708 continentum
739 1632 773 1689 61
789 1625 991 1690 confitebitur
1014 1627 1099 1711 quod
1124 1627 1227 1691 dictus
1251 1627 1426 1692 Brunellus
1450 1627 1489 1692 de
1513 1629 1581 1693 eius
1605 1630 1757 1695 mandato
1781 1638 1813 1696 et
1829 1633 1994 1698 voluntate
2011 1634 2132 1699 dictum

194 1820 200 1829 Ι
312 1739 512 1798 contractum
536 1733 743 1798 conducionis
768 1739 800 1797 61
823 1734 1037 1798 concessionis
1062 1741 1094 1798 et
1118 1735 1224 1798 omnia
1247 1743 1280 1800 et
1299 1734 1428 1820 singula
1445 1757 1506 1820 que
1526 1737 1730 1801 continentur
1747 1739 1780 1802 in
1796 1759 1834 1802 66
1851 1741 2037 1825 celebravit,
2053 1742 2131 1808 fecit

312 1847 344 1904 ot
368 1842 436 1927 egit
459 1847 491 1906 et
515 1841 601 1926 quod
623 1841 757 1927 perinde
781 1863 824 1904 ex
847 1862 885 1906 6ο
909 1846 1075 1906 contractu
1099 1842 1169 1906 vult
1192 1843 1295 1906 teneri
1318 1863 1356 1908 ac
1380 1843 1407 1907 si
1426 1864 1484 1929 per
1500 1866 1534 1908 se
1551 1845 1656 1931 ipsum
1673 1853 1872 1910 contractum
1888 1848 2083 1914 celebrasset
2099 1856 2132 1914 61

313 1949 399 2034 quod
422 1971 519 2035 super
541 1949 604 2013 hiis
628 1948 810 2033 solempnes
834 1949 1053 2035 obligaciones
1077 1957 1109 2014 et
1132 1951 1343 2036 promisiones
1366 1952 1571 2037 personales,
1594 1953 1700 2016 reales
1724 1959 1756 2018 61
1778 1955 1910 2039 penales
1940 1955 1981 2019 ad
2010 1977 2130 2041 penam

312 2057 401 2122 mille
424 2058 581 2122 librarum
603 2057 848 2122 bononenorum
870 2079 928 2143 pro
953 2057 1098 2143 quolibet
1120 2058 1261 2144 capitulo
1285 2058 1383 2123 faciet
1406 2066 1438 2123 et
1461 2059 1604 2146 imponet
1627 2060 1731 2125 dictus
1748 2061 1896 2126 dominus
1923 2062 2080 2146 Marchi0,
2099 2072 2131 2128 61

313 2166 420 2230 omnia
444 2171 476 2230 61
499 2165 629 2250 singula
652 2165 872 2251 suprascripta
896 2164 980 2229 infra
1004 2187 1102 2230 uuum
1126 2187 1269 2230 mensem
1293 2188 1365 2231 cum
1388 2167 1669 2253 solempnitatibus
1694 2191 1756 2255 que
1780 2170 1988 2255 requiruntur
2012 2173 2129 2256 ajuro.

313 2273 384 2348 Qus
407 2274 515 2338 omnia
538 2280 570 2338 et
593 2274 722 2358 singula
746 2274 966 2360 suprascripta
988 2274 1151 2360 predictus
1174 2274 1348 2340 Brunellus
1372 2277 1519 2361 promisit
1542 2276 1695 2342 atendere
1719 2285 1751 2340 et
1774 2278 1946 2342 ohservare
1970 2286 2002 2343 et
2022 2279 2129 2344 lacere

313 2402 441 2463 curare,
465 2387 497 2446 61
520 2381 696 2467 adimplere
720 2381 779 2445 sub
803 2402 888 2467 pena
911 2382 999 2445 mille
1022 2382 1178 2446 librarum
1201 2383 1444 2447 bononenorum
1468 2390 1500 2446 et
1530 2384 1732 2468 obligaciona
1763 2385 1920 2449 bonorum
1943 2407 2074 2450 suorum
2098 2393 2131 2450 et

312 2489 473 2553 relacione
497 2488 710 2575 dampnorum
732 2496 764 2553 et
788 2511 1021 2575 expensarum3
1046 2497 1078 2553 ct
1101 2511 1185 2576 pena
1208 2491 1323 2572 soluta,
1340 2491 1392 2554 vel
1416 2511 1490 2574 non,
1507 2492 1653 2576 predicta
1676 2491 1783 2555 omnia
1806 2500 1838 2556 et
1862 2493 1991 2579 singula
2015 2494 2047 2556 in
2069 2513 2128 2557 sna

312 2602 501 2661 remaneant
524 2597 685 2661 firmitate.

399 2703 519 2768 Actum
540 2703 687 2768 Bononia
711 2705 743 2768 in
768 2704 909 2790 quadam
936 2725 1064 2769 camera
1087 2705 1216 2770 eellesie
1240 2705 1343 2770 sancti
1366 2705 1465 2770 Ysaie
1489 2707 1522 2769 in
1545 2727 1609 2791 qua
1632 2707 1826 2792 persistebat
1849 2707 1952 2772 dictus
1976 2708 2124 2772 dominus

308 2811 590 2897 Archiepiscopus,
611 2813 814 2898 presentibus
839 2812 975 2876 dominia
992 2812 1146 2877 Drudoue
1170 2813 1332 2900 preposito
1355 2812 1513 2878 Ecolleaie
1537 2814 1725 2897 Ravenatis,
1743 2815 1880 2880 Azolino
1904 2823 2035 2880 cantore
2059 2817 2126 2880 eiu·

308 2919 398 2984 edem
420 2919 590 3002 Ecollesie,
606 2920 757 2985 Johannc
782 2920 899 2984 abbate
923 2920 1109 2984 monasterii
1133 2921 1236 2984 sancti
1261 2920 1417 3006 Stephani
1441 2922 1480 2985 de
1500 2921 1659 3004 Bononia,
1676 2922 1776 2986 fratre
1793 2922 1967 2986 Guilielmo
1983 2923 2023 2987 de
2039 2923 2124 2988 Cozo

308 3027 347 3090 de
371 3026 483 3091 ordine
506 3027 679 3110 Minorem,
697 3027 846 3092 Galvano
869 3027 908 3092 de
931 3027 1143 3112 Alegralcore
1166 3028 1276 3114 legum
1299 3028 1440 3111 doctore,
1457 3028 1654 3114 Negrobono
1674 3029 1783 3113 judico
1800 3029 1839 3093 de
1856 3030 2017 3113 Ferraria,
2035 3030 2125 3116 Ugc·

307 3135 374 3198 lino
398 3134 437 3198 da
461 3134 595 3198 Medicis
617 3135 727 3220 judice
750 3135 789 3198 de
813 3133 975 3218 Ferraria,
993 3135 1162 3200 Octoncllo
1187 3137 1312 3200 notario
1337 3137 1413 3200 dicti
1438 3137 1558 3200 domini
1580 3136 1967 3220 Ma1·chionia,Petricin0
1991 3137 2030 3202 (16
2052 3137 2128 3202 (lesi

309 3247 341 3306 61
364 3241 594 3306 Bartholomeo
619 3241 745 3326 Cambij
770 3243 913 3326 notario,
938 3243 1074 3306 testibus
1098 3243 1140 3307 ad
1162 3244 1222 3308 hec
1246 3245 1368 3330 rogatis
1392 3250 1424 3308 61
1447 3245 1588 3328 vocatis;
1613 3244 1668 3330 qni
1696 3245 1843 3308 dominus
1866 3244 2022 3309 Aaclinus
2046 3245 2128 3309 dixit

309 3371 343 3413 se
367 3369 562 3434 cognoscere
587 3349 824 3414 contrahentes.

396 3457 440 3521 Et
462 3457 502 3522 de
525 3457 588 3520 hiis
611 3457 758 3521 omnibus
782 3478 843 3541 ego
868 3457 984 3522 Petrus
1007 3458 1218 3522 Bonincontri
1242 3458 1416 3543 Cazalunc,
1433 3460 1588 3543 notarius,
1605 3460 1733 3524 condidi
1749 3459 1914 3545 publicum
1929 3461 2122 3524 instrumen-

308 3571 387 3646 tum,
405 3573 436 3628 et
455 3564 573 3629 Petrus
596 3565 740 3628 notarius
764 3565 803 3628 de
827 3564 943 3629 Manno
967 3566 1007 3629 de
1031 3565 1183 3630 Ferraria
1205 3567 1282 3631 lecit
1305 3566 1408 3631 simile
1432 3568 1666 3651 istrumentum,
1684 3574 1716 3631 et
1739 3567 1813 3652 Ugo
1838 3567 1982 3631 notarius
2003 3567 2125 3652 dominj

307 3671 553 3759 Archiepiscopi
577 3679 709 3756 rogatus
733 3671 795 3735 1611
817 3672 924 3736 facere
950 3673 1037 3736 aliud
1061 3673 1309 3737 instrumentum
1332 3674 1475 3739 eiusdem
1499 3675 1630 3739 tenoris.

394 3779 514 3844 Actum
536 3779 683 3844 Bononia
706 3780 739 3843 in
764 3779 904 3865 quadam
927 3780 1065 3845 Camere
1088 3781 1222 3845 ecclesie
1247 3789 1357 3846 sancte
1381 3782 1487 3868 Isaye,
1505 3783 1538 3845 in
1555 3803 1619 3868 qna
1642 3782 1835 3868 persistebat
1856 3782 1960 3846 dictus
1977 3781 2124 3846 dominus

305 3887 593 3974 Archiepiscopns,
617 3887 821 3972 presentibus
845 3886 973 3951 domino
998 3887 1152 3952 Drudoue
1176 3889 1339 3975 preposito
1362 3888 1508 3954 Ecclesia
1531 3890 1798 3972 ravennatensis,
1822 3889 1960 3953 Azalino
1992 3895 2123 3952 cantore

307 3994 454 4080 ejusdcm
481 3994 644 4076 Ecclesia,
668 3994 795 4059 Joanne
819 3994 937 4059 abbate
968 3995 1144 4060 monasteri
1174 3997 1276 4060 sancti
1303 3995 1460 4082 Stephani
1489 3997 1528 4061 de
1551 3996 1719 4078 Bononia,
1745 3995 1844 4060 fratre
1873 3995 2066 4081 Guglielmo
2082 3995 2122 4060 de

307 4103 392 4168 Oozo
416 4102 455 4166 de
479 4101 600 4167 Ordine
625 4102 797 4186 Minorum,
822 4102 970 4167 Galvano
987 4103 1026 4168 de
1042 4103 1254 4189 Alegralcore
1277 4104 1387 4189 legum
1408 4105 1549 4188 doctore,
1565 4104 1761 4189 Negrobono
1776 4103 1886 4188 judice
1906 4104 1946 4168 de
1961 4103 2124 4186 Ferraria,

306 4210 449 4296 Ugolino
472 4209 512 4274 de
536 4209 670 4273 Medicis
702 4208 812 4293 judice
839 4209 1007 4293 Ferraria,
1033 4210 1202 4276 Octonello
1227 4212 1352 4276 notario
1377 4212 1454 4276 dicti
1477 4212 1688 4295 marchionis,
1712 4212 1876 4277 Petricino
1913 4211 1953 4275 de
1990 4210 2062 4276 cati
2093 4218 2125 4275 et

306 4318 513 4382 Bartclomeo
538 4316 664 4382 Cambii
686 4318 823 4400 notario,
848 4318 984 4382 testibus
1008 4318 1050 4382 ad
1073 4319 1133 4384 hec
1163 4321 1286 4405 rogatis
1309 4328 1342 4384 et
1372 4322 1513 4404 vocatis;
1538 4322 1592 4406 qui
1623 4321 1772 4384 dominns
1791 4320 1947 4384 Aaolinus
1976 4319 2058 4383 dixit
2089 4339 2124 4383 se

307 4446 500 4510 cognoscere
524 4425 768 4508 contrahentes,
792 4431 824 4488 et
847 4425 887 4489 de
910 4426 961 4490 his
985 4425 1133 4491 omnibus
1157 4448 1218 4512 ego
1241 4427 1358 4491 Petrus
1381 4428 1593 4492 Bonincontri
1618 4427 1779 4492 Oanalnne
1803 4428 1970 4510 notarius,
1995 4426 2125 4491 condidi

304 4529 470 4619 publicum
493 4532 751 4614 instrumentum,
768 4538 801 4596 et
820 4531 937 4596 Petrus
961 4533 1106 4598 notarius
1130 4533 1169 4598 de
1194 4533 1310 4599 Manno
1334 4535 1373 4598 de
1396 4534 1558 4618 Ferraria,
1576 4534 1679 4599 simile
1699 4535 1958 4599 instrumentum.
1974 4533 2017 4598 Et
2033 4533 2119 4618 Ugo,

307 4640 450 4705 notarius
475 4639 596 4704 domini
619 4638 883 4725 Archiepiscopi,
900 4647 1034 4726 rogatus
1057 4641 1104 4705 fui
1127 4641 1234 4705 facere
1258 4642 1346 4706 aliud
1370 4643 1618 4706 instrumentum
1641 4641 1787 4728 ejusdem
1811 4641 1941 4705 tenoris.

1136 4926 1295 4991 XXXVI.

1068 5106 1171 5188 1274,
1195 5106 1216 5168 4
1239 5108 1373 5191 6666611.

700 5300 753 5363 Ex
776 5300 919 5366 Archivo
944 5301 1073 5387 publico
1097 5301 1275 5367 Bononiae.
1299 5303 1338 5366 In
1362 5303 1550 5366 membrana
1573 5301 1738 5366 veteril2).

397 5498 436 5562 In
459 5498 588 5562 nomine
611 5497 744 5562 Domini
766 5497 869 5561 nostri
890 5497 971 5562 Jesu
995 5497 1125 5563 Christi.
1151 5499 1246 5564 Anno
1278 5520 1296 5562 a
1327 5499 1495 5563 nativitate
1527 5497 1672 5584 ejusdem
1702 5497 1872 5562 millesimo
1903 5497 2121 5563 ducentesimo

308 5606 527 5692 nonagesimo,
545 5604 597 5670 die
621 5604 748 5669 sabbati
772 5611 886 5669 octavo
911 5606 1029 5670 mensis
1054 5605 1206 5690 octubris,
1223 5606 1396 5671 indictione
1413 5613 1538 5692 quarta.
1556 5606 1595 5670 In
1612 5605 1733 5692 palatio
1750 5627 1833 5670 novo
1851 5604 2036 5669 Communis
2053 5605 2123 5669 Me·

388 5838 427 5903 (1)
447 5837 499 5889 Sic.
1242 5837 1374 5890 accidisse
1387 5839 1498 5890 saeculo
1511 5839 1619 5907 elaps03
1631 5855 1695 5890 nam
1708 5836 1872 5905 Sarioli,qui
1886 5837 2050 5889 documenta
2059 5853 2124 5906 sup·

387 5929 426 5993 12)
443 5927 486 5978 Ad
501 5929 570 5980 1290
583 5927 776 5979 documentum
789 5927 840 5979 hoc
854 5928 1022 5996 transposuit
1035 5927 1120 5993 Sarti3
1134 5944 1187 5996 quo
1244 5928 1321 5995 paria
1341 5927 1373 5980 de
1393 5927 1445 5980 hac
1464 5928 1560 5980 eadem
1579 5945 1607 5980 re
1626 5929 1690 5980 huic
1710 5926 1862 5978 sententiae
1882 5926 2002 5978 adnectit
2022 5941 2056 5980 ax
2075 5943 2123 5978 au·

308 6033 379 6068 anno
399 6018 556 6085 exemplum
573 6018 725 6069 sententiae
745 6016 902 6069 consectum
921 6017 982 6068 fnit.
1002 6017 1089 6070 Notae
1110 6018 1188 6070 chro-
1244 6017 1373 6069 theuticis
1386 6017 1491 6070 archivi
1503 6017 1677 6082 membranis,
1690 6017 1742 6068 hoc
1756 6017 1865 6068 maioris
1878 6015 2009 6068 momenti
2022 6032 2057 6067 cx
2070 6015 2122 6068 fide

297 6107 448 6175 'nologicae
468 6105 530 6158 huic
550 6106 753 6174 transcriptioni
773 6105 870 6158 affixae
885 6107 957 6158 inter
968 6123 997 6159 66
1011 6123 1132 6176 pugnare
1147 6108 1187 6158 vi·
1242 6106 1313 6159 Serti
1333 6109 1439 6159 tantum
1465 6107 1591 6158 retulisse
1617 6107 1748 6158 declarat.
1768 6104 1820 6157 Sed
1847 6121 1901 6156 non
1924 6121 2014 6172 pauca
2037 6121 2071 6156 ex
2091 6106 2124 6156 iis

307 6197 413 6250 dentur.
433 6195 542 6262 Sarioli,
562 6196 673 6248 exordio
692 6198 790 6249 omisso
804 6196 863 6263 (IL,
876 6196 923 6262 11,
937 6199 1008 6263 478),
1022 6199 1187 6250 sententiam
1242 6213 1312 6265 quaa
1332 6195 1403 6248 Serti
1423 6196 1552 6248 mendoso
1578 6195 1674 6262 edidit,
1695 6195 1791 6264 corrigi
1819 6209 1891 6246 nuno
1917 6197 2064 6262 potuerunt
2089 6210 2124 6246 ex

307 6287 395 6356 ipsam
408 6286 458 6338 snb
469 6303 512 6338 an.
525 6289 592 6338 1274
607 6287 634 6337 in
645 6287 796 6355 appendice
807 6287 957 6338 Annalium
971 6287 1123 6339 collocavit.
1134 6286 1190 6339 Do·
1245 6301 1326 6355 opera
1347 6285 1458 6354 Georgii
1477 6284 1581 6336 Ginlini
1596 6283 1741 6351 (Memoria
1754 6300 1802 6335 ecc.
1815 6284 1846 6335 (11
1858 6283 1972 6347 Milone,
1985 6282 2015 6333 P.
2029 6281 2124 6350 VEL,

307 6377 419 6429 lendum
433 6392 498 6428 6666
511 6379 632 6428 veterem
652 6376 848 6442 membranam,
868 6376 922 6428 iam
942 6377 969 6427 16
983 6376 1093 6428 archivo
1106 6376 1190 6428 hono·
1246 6377 1394 6441 211·281);
1408 6375 1467 6443 1666
1487 6375 1559 6427 enim
1579 6374 1612 6426 de
1631 6373 1683 6426 hac
1702 6373 1762 6441 ipsa
1781 6372 1917 6425 sententia
1930 6372 2124 6425 documentum

307 6465 396 6518 616661
409 6470 589 6532 asservatam,
603 6465 773 6534 deperditam
786 6464 879 6532 fuisse,
893 6467 964 6535 quod
978 6465 1112 6519 coniicera
1125 6466 1191 6518 licat
1244 6466 1368 6535 quamvis
1386 6465 1514 6518 mutilum
1534 6464 1713 6517 eruditissime
1733 6463 1853 6531 exponit.
