5544 7750
1060 629 1250 680 APPuunlx
1278 629 1429 680 ALTERA

391 791 502 858 XVII.
526 792 684 857 kalendas
713 796 907 862 novembris.
933 802 1022 872 Obiit
1053 815 1196 900 dompnu

329 900 469 966 Michael
494 905 656 988 quondam
679 910 768 994 prior
791 921 909 980 noster.
934 918 1080 985 IIOOLI.

391 1010 489 1076 XIII.
514 1014 604 1080 Obiit
623 1018 778 1103 magister
794 1019 965 1110 Philippus
982 1030 1131 1112 ostensis,
1148 1029 1212 1093 Ira-

329 1129 378 1185 ter
404 1128 522 1187 noster.

392 1231 453 1296 IX.
467 1232 556 1297 Obiit
572 1231 729 1319 dompnus
743 1235 886 1302 loannes
903 1239 943 1304 de
957 1241 1110 1306 Tebaldis
1125 1245 1214 1330 prior

329 1348 448 1404 noster.
472 1338 683 1405 hIOOLXIV.

390 1447 449 1512 VI.
475 1447 564 1512 Obiit
588 1448 689 1514 frater
708 1450 884 1536 Marianus,
902 1476 1076 1521 conversus
1093 1465 1212 1541 noster,

327 1556 366 1620 de
391 1565 491 1642 peste.
517 1555 735 1622 MODXLIX.

664 1665 871 1732 Novsuess.

390 1769 486 1834 VIII.
500 1770 581 1834 idus.
599 1770 687 1836 Obiit
701 1771 915 1857 Ohanacinus‚
933 1778 1076 1842 notarius
1093 1786 1211 1862 noster,

327 1879 359 1941 in
383 1879 485 1964 prelio
509 1878 682 1963 Zapullini.
707 1870 952 1947 IIIOOOXXV.¹

387 1985 464 2049 VII.
489 1985 577 2049 Obiit
598 1985 746 2050 domiuus
764 1986 929 2054 Ocrardus
946 1990 1041 2055 beate
1058 1993 1212 2058 memorie

327 2092 534 2156 bononiensis
543 2092 732 2180 Episcopus.
741 2095 838 2160 Anno
849 2097 981 2161 Domini
992 2097 1211 2164 MOXOVIII.

389 2202 429 2266 V.
456 2203 544 2267 Obiit
569 2203 723 2288 magister
748 2203 912 2289 SpineIlus
934 2206 1077 2271 medicus
1094 2207 1126 2270 in
1143 2214 1213 2271 arte

328 2310 495 2392 medicine,
507 2311 637 2374 intimus
648 2317 679 2374 et
690 2312 810 2375 amicus
820 2319 938 2395 noster,
950 2315 1005 2400 qui
1013 2315 1144 2399 reliquit
1156 2336 1213 2378 no·

331 2417 379 2481 bis
397 2439 494 2480 unam
511 2417 673 2504 planetam
688 2417 727 2482 de
745 2419 860 2484 samito
875 2421 984 2485 rubeo.
997 2421 1212 2487 MOOXOIII.

391 2524 451 2588 IV.
465 2524 554 2589 Obiit
571 2524 700 2589 domina
713 2525 734 2590 J
735 2525 846 2589 uliana
863 2548 946 2591 uxor
962 2527 1038 2592 olim
1050 2528 1213 2593 Alderotti

329 2631 368 2695 dc
393 2631 569 2714 Florentia,
588 2653 649 2717 que
673 2633 804 2717 reliquit
822 2634 915 2697 nobis
930 2656 989 2719 pro
1006 2635 1212 2720 reparatione

330 2738 527 2820 monasterii,
545 2745 577 2802 ct
593 2738 727 2802 ecclesie
745 2741 848 2804 sancti
861 2741 1001 2805 Victoris
1018 2749 1146 2805 centum
1163 2764 1212 2805 se-

329 2846 465 2931 xaginta
481 2846 581 2908 libras
597 2845 805 2910 bononiensis
822 2855 949 2912 monete
966 2847 1171 2912 MODXVII.

389 2953 449 3016 IX.
467 2953 625 3016 kalendas
643 2953 830 3018 decembris.
850 2954 938 3020 Obiit
959 2955 1116 3042 dompnus
1141 2955 1212 3020 Ste-

240 3065 246 3080 '
329 3061 455 3148 phenus
474 3061 655 3125 Cardinelis
671 3062 803 3126 basilice
815 3063 894 3127 XII.
909 3065 1149 3149 Apostolorum,
1158 3087 1212 3130 re·

327 3169 480 3232 nerabilis
505 3175 748 3254 paternoster,
774 3171 827 3255 qui
856 3171 944 3234 dedit
967 3172 1059 3235 nobis
1084 3194 1211 3236 crucem

326 3283 525 3361 argenteam.
551 3276 785 3342 MOOXXVII.

390 3384 479 3448 Obiit
503 3383 651 3446 dominus
674 3383 842 3448 Rolandus
867 3385 906 3448 de
929 3385 1106 3470 seravalle,
1123 3388 1211 3472 prior

326 3498 445 3556 noster.
471 3490 748 3555 MOOLXXXVI.

390 3599 486 3663 VIII.
501 3598 591 3663 Obiit
603 3598 750 3662 dominus
764 3598 906 3663 Romeus
922 3601 1085 3686 qnondam
1097 3599 1211 3664 Lencii

325 3707 365 3770 de
390 3707 513 3792 Oospis,
530 3707 758 3792 procuratoris,
780 3708 872 3791 eujus
896 3709 1006 3770 anima
1028 3709 1211 3793 requiescat

325 3815 356 3878 in
380 3835 471 3900 pace.
497 3813 586 3878 Obiit
610 3835 694 3877 anno
717 3813 1007 3880 MOOOLXXVII.

386 3921 463 3984 VII.
489 3921 579 3985 Obiit
602 3920 805 4005 (langarInus
830 3922 1004 3986 Thomaxii
1027 3923 1066 3987 de
1086 3923 1208 3988 Becca-

325 4028 428 4110 dellis,
447 4029 503 4112 qni
527 4028 603 4092 fecit
627 4027 719 4092 nobis
736 4029 838 4092 multa
854 4029 940 4093 bone
956 4037 988 4094 et
1004 4030 1135 4115 reliquit
1152 4053 1208 4095 no-

327 4136 376 4200 bis
401 4137 435 4201 Ο.
461 4137 570 4219 libras,
587 4137 627 4200 de
652 4137 767 4222 quibus
791 4137 912 4201 iactum
937 4145 985 4202 est
1009 4139 1111 4203 altare
1134 4161 1209 4203 san·

328 4252 378 4308 cte
403 4244 514 4308 Maris.
540 4245 636 4308 Anno
660 4244 791 4307 Domini
813 4245 1041 4310 MOOOXVII.

667 4351 870 4416 Dscnneua.

388 4459 447 4523 IV.
472 4480 584 4523 nonas.
614 4457 703 4524 Obiit
734 4457 834 4522 irater
858 4459 1015 4543 Jacobus,
1040 4461 1209 4548 episcopus

327 4567 543 4648 bononiensis,
567 4565 729 4631 MOOLX.

391 4817 430 4882 (1)
449 4815 607 4867 Recentiori
626 4833 718 4867 manu.

388 4907 426 4970 (2)
447 4905 588 4956 lohannes
611 4905 698 4957 Maria
719 4905 948 4972 Mazzuehellius,
968 4908 1009 4959 vir
1028 4909 1210 4976 clarissimus,

326 4996 360 5046 ad
386 4994 578 5046 illustrandum
600 4994 742 5046 historiam
767 4996 917 5048 literariam
942 4997 1040 5049 Italiac
1065 5001 1159 5064 natus,
1177 4999 1210 5050 li-

326 5085 430 5136 bellum
450 5084 534 5135 edidit
552 5082 592 5134 Dc
615 5084 684 5134 ciris
701 5084 855 5136 illustribus
876 5085 1028 5151 florentinis
1046 5103 1063 5138 a
1082 5087 1210 5156 Philippo

326 5174 447 5226 Villanic
467 5175 608 5242 scripturn,
622 5173 669 5225 sed
682 5191 810 5226 mancum
830 5176 949 5242 omnino,
963 5193 1014 5228 ncc
1033 5177 1117 5229 talem
1133 5182 1163 5229 ut
1176 5177 1211 5230 ab

327 5263 445 5315 auctoris
465 5263 506 5314 sui
525 5262 651 5314 manibus
672 5263 785 5314 exierat.
805 5263 838 5314 In
864 5265 959 5332 primis
986 5269 1078 5316 autern
1102 5265 1211 5318 Masau-

327 5352 420 5404 chellii
438 5352 549 5404 libellus
567 5352 661 5404 italice
675 5353 792 5420 scriptus
807 5356 856 5418 est,
870 5370 932 5404 cum
946 5354 1083 5406 Villanius
1093 5355 1210 5407 latinum

327 5443 450 5493 ediderit.
470 5441 611 5510 integrum
632 5439 745 5492 Villanii
765 5457 832 5510 opus
853 5447 929 5494 extat
948 5443 1019 5495 inter
1033 5444 1140 5496 codices
1153 5461 1211 5496 ma·

327 5531 480 5598 nuscriptos
499 5530 687 5582 Bibliothecae
707 5530 869 5583 barberinae
889 5533 981 5584 codice
997 5551 1022 5584 n.
1037 5537 1097 5585 898,
1112 5533 1211 5586 Totum

326 5621 355 5670 in
374 5620 440 5671 duas
460 5624 552 5688 partes
571 5620 628 5671 slve
647 5620 730 5671 libros
750 5621 883 5673 tributum
902 5626 952 5674 est.
971 5621 1004 5673 In
1030 5623 1118 5690 primo
1139 5623 1211 5675 libro

326 5711 524 5778 investigantur
534 5711 651 5778 origines
665 5713 693 5762 et
707 5711 884 5780 antiquitates
903 5711 1063 5764 florentinae
1084 5713 1211 5780 civitatis,

327 5800 375 5852 sed
394 5801 485 5850 omnia
505 5800 541 5851 ibi
561 5801 605 5851 vel
631 5799 741 5851 omnino
767 5799 894 5852 fabulosa
912 5802 955 5853 vel
978 5801 1043 5853 trita
1065 5803 1211 5854 admodum

327 5893 354 5941 et
373 5889 474 5940 fabulis
489 5890 619 5940 admixta.
635 5888 775 5941 Secundus
789 5890 858 5941 liber
871 5892 957 5942 multo
971 5895 1012 5942 est
1025 5893 1126 5943 utilior.
1140 5891 1210 5944 Cou-

326 5980 396 6031 tinet
415 5980 561 6031 illustrium
581 5979 787 6032 florentinorum
807 5982 877 6033 vitas
897 5981 966 6033 bene
983 5984 1092 6048 multas,
1106 5999 1157 6034 nec
1170 5983 1211 6033 in·

327 6069 471 6137 diligenter
490 6070 623 6136 scriptas;
643 6086 732 6138 neque
746 6071 819 6121 enim
832 6072 955 6140 plerique
970 6073 1020 6122 riri
1033 6072 1162 6137 illustres,
1177 6073 1210 6124 de

327 6158 424 6228 quibus
446 6159 519 6227 agit,
539 6159 607 6210 adeo
627 6160 733 6229 antiqui
752 6165 815 6211 sunt
834 6164 864 6211 ut
884 6177 978 6213 eorum
997 6160 1099 6213 lamam
1119 6166 1210 6214 aetate

326 6265 375 6299 sua
394 6249 545 6316 rigentem,
565 6249 691 6317 persequi
716 6265 770 6300 non
793 6250 922 6317 potuerit.
942 6249 1047 6301 FloruIt
1067 6250 1210 6319 Phliippus

327 6337 465 6388 Villanius
485 6337 596 6388 saeculo
615 6336 704 6402 XIV.,
725 6341 753 6389 et
770 6338 879 6390 inItium
899 6339 989 6408 attigit
1008 6340 1112 6391 saeculi
1134 6339 1209 6405 XV,

327 6444 398 6478 anno
418 6427 491 6478 enirn
509 6425 610 6477 MODI.
625 6429 652 6478 et
671 6425 798 6478 MODIV.
817 6427 905 6479 adhue
923 6429 1033 6479 virebat
1047 6433 1086 6494 et,
1100 6429 1210 6497 publico

327 6517 462 6585 stipendio
481 6519 641 6582 conductus,
656 6516 773 6570 Dantem
793 6517 949 6570 Florentiae
970 6519 1210 6587 interpretabatur.

2082 605 2154 675 291

1338 782 1413 847 XV.
1430 782 1588 846 kalendas
1609 767 1761 866 januarii.
1787 781 1876 846 Obiit
1891 781 2087 846 reverendus
2103 803 2160 868 pa-

1277 897 1326 954 ter
1350 890 1509 975 dompnus
1531 889 1686 954 Nicolaus
1710 889 1926 972 bononiensis,
1945 890 1999 974 qui
2016 896 2086 953 erat
2101 912 2160 976 pro

1277 1004 1421 1084 tempore
1444 997 1532 1084 prior
1555 998 1589 1060 in
1613 1003 1723 1061 sancto
1753 996 1902 1060 Johanne
1934 997 1966 1060 in
1996 997 2160 1061 Laterano

1276 1103 1398 1186 Rome,
1424 1112 1456 1168 et
1479 1103 1605 1167 interim
1631 1124 1716 1168 auno
1739 1103 1871 1167 Domini
1894 1103 2117 1169 MODXLIII.
2141 1125 2161 1168 a

1276 1212 1396 1298 populo
1421 1211 1611 1276 bononiensi
1635 1212 1815 1297 postulatus
1836 1212 2009 1276 etelectus
2033 1212 2067 1276 in
2082 1211 2160 1298 Epi-

1277 1340 1410 1406 scopum
1433 1319 1662 1383 bononiensem
1682 1319 1860 1383 infirmatus
1876 1318 1980 1384 Rome
1995 1321 2161 1384 transtulit

1277 1426 1318 1490 ad
1335 1434 1443 1512 partes
1468 1427 1583 1491 Tuscis
1607 1433 1639 1491 et
1663 1428 1696 1491 in
1713 1428 1842 1492 ciritate
1858 1427 1993 1511 Lucana
2009 1429 2161 1513 migrarit

1277 1533 1319 1598 ad
1332 1533 1505 1616 Christum,
1517 1555 1645 1620 gemma
1658 1534 1883 1620 religiosorum
1894 1535 2110 1600 MODXLIV.
2121 1538 2160 1601 (ll

1341 1640 1537 1727 Scriptorem
1568 1643 1665 1726 hujus
1699 1642 1886 1726 Necrolcgii
1917 1644 2081 1726 norimus,
2106 1645 2160 1729 qui
2197 1675 2201 1684 ·

1276 1749 1338 1812 luit
1360 1748 1553 1814 Franciscus
1576 1749 1742 1815 Bonattoli
1766 1750 1805 1814 de
1829 1751 1954 1816 Flessic
1977 1751 2081 1835 filius,
2106 1753 2161 1838 qui

1277 1855 1400 1920 obitum
1422 1855 1524 1944 patris
1548 1857 1598 1920 sui
1618 1858 1821 1943 consignarit
1837 1859 1879 1922 ad
1895 1858 1979 1922 diem
1995 1859 2041 1922 II.
2059 1881 2161 1924 nonas

1277 1963 1426 2028 octobris.
1453 1962 1518 2027 Sed
1541 1986 1582 2027 ex
1607 1965 1780 2050 antiquiori
1805 1967 1985 2052 exscripsit.

1652 2305 1732 2370 XII.
1759 2305 1784 2356 A

1276 2603 1329 2668 Ex
1352 2627 1448 2690 opere
1470 2606 1519 2671 De
1542 2609 1616 2670 uiris
1632 2608 1803 2673 illustribus
1816 2610 1999 2693 florentinis,
2015 2612 2160 2698 Philippi

1337 2712 1482 2797 Villanii,
1499 2713 1633 2796 Romae,
1651 2715 1683 2778 ln
1699 2714 1902 2781 Bibliotheca
1918 2718 2158 2804 barberiniana,

1338 2821 1408 2884 cod.
1434 2824 1497 2886 898
1512 2823 1560 2886 (2).

1276 3071 1420 3159 Philippi
1435 3073 1559 3137 Villani
1576 3073 1732 3139 Solitarii:
1749 3076 1799 3141 De
1814 3079 1931 3162 origiue
1945 3082 2073 3144 ciuitatis
2087 3079 2158 3144 dlo-

1338 3184 1434 3244 reutie
1458 3188 1489 3245 et
1513 3182 1552 3244 de
1577 3183 1720 3265 ejusdem
1753 3183 1884 3248 famosis
1909 3187 2032 3250 civibus
2057 3187 2097 3251 ad
2122 3189 2159 3252 il-

1337 3287 1471 3351 lustrem
1502 3289 1667 3352 dominum
1698 3290 1885 3376 Philippum
1915 3293 1954 3357 dc
1977 3295 2156 3362 Alenconio

1337 3396 1524 3480 episcopum
1551 3397 1724 3462 ostiensem
1751 3421 1882 3464 romane
1909 3401 2054 3466 Ecclesia
2079 3404 2156 3468 Oar-

1337 3503 1489 3568 dinalenr.
1512 3503 1612 3568 Liber
1634 3506 1757 3591 primus
1780 3506 1917 3571 feliciter
1940 3509 2062 3596 incipit.

1338 3681 1488 3746 Solitarie
1511 3683 1577 3747 rite
1601 3692 1726 3747 secreta
1746 3707 1796 3748 me
1810 3686 2002 3770 jamdudum
2019 3690 2156 3775 elegisse

1274 3790 1477 3854 fortunarum
1494 3813 1639 3854 mearum
1655 3792 1892 3858 firmamentum
1916 3797 2089 3883 unicuique
2106 3821 2156 3863 so-

1272 3898 1390 3980 lamen,
1407 3899 1541 3962 illustris
1556 3899 1718 3986 Philippe,
1736 3903 1930 3966 conscientie
1952 3904 2156 3990 simplicitate

1272 4007 1435 4094 profiteor,
1459 4028 1524 4071 non
1548 4015 1583 4071 ut
1607 4007 1726 4072 otiosos
1758 4009 1825 4073 dics
1857 4012 2030 4075 senectutis
2060 4014 2156 4076 dirce-

1273 4135 1358 4197 rem,
1383 4135 1465 4178 ncve
1489 4137 1551 4199 que
1575 4115 1638 4178 fert
1669 4115 1755 4178 nrala
1787 4117 1937 4202 opinione
1972 4120 2157 4184 mortalium

1274 4227 1343 4286 etas
1367 4222 1423 4284 illa
1447 4222 1594 4286 fallerem
1618 4223 1795 4287 ludibrioso
1819 4231 1958 4310 torpore,
1977 4227 2034 4290 sed
2057 4235 2093 4290 ut
2115 4251 2157 4292 ex

1273 4329 1445 4413 naufragio
1469 4331 1646 4393 corruentis
1664 4331 1695 4392 iu
1712 4330 1853 4395 deterius
1877 4333 1987 4416 seculi,
2005 4355 2044 4397 ea
2060 4335 2113 4398 ria
2130 4335 2157 4398 si

1273 4436 1342 4499 fieri
1361 4443 1480 4523 posset,
1498 4437 1669 4501 eraderem
1683 4486 1690 4501 .
1705 4487 1712 4502 .
1728 4487 1758 4502 ..
1782 4439 1888 4523 Igitur
1911 4461 1984 4504 oum
2008 4442 2050 4505 ad
2073 4442 2157 4506 sola-

1274 4543 1354 4607 tium
1377 4546 1551 4609 senectutis
1574 4565 1644 4609 mec
1668 4546 1931 4632 explanationem
1959 4551 2065 4634 operis
2089 4551 2157 4614 Au·

1275 4810 1329 4864 Sed
1348 4829 1401 4881 quo
1421 4829 1492 4863 anno
1512 4812 1584 4864 hunc
1608 4813 1709 4864 librum
1735 4814 1854 4866 seribere
1881 4831 2005 4884 agressus
2035 4817 2084 4882 sit,
2105 4834 2157 4868 non

1274 4903 1370 4972 liquet.
1384 4901 1558 4954 Clarissimus
1574 4902 1787 4955 Mazzuchellius
1807 4903 1954 4970 existimat,
1967 4905 2022 4956 iam
2041 4905 2103 4958 inde
2124 4907 2158 4959 ab

1275 5010 1347 5045 anno
1366 4994 1475 5046 circiter
1487 4991 1715 5044 MOOOLXXIII.
1729 4991 1881 5044 Villanium
1894 4994 1958 5045 hnic
1971 4995 2047 5062 operi
2060 5012 2158 5048 manus

1275 5084 1436 5135 admovisse.
1456 5081 1510 5134 Sed
1535 5083 1616 5133 aliter
1639 5082 1755 5134 fortasse
1784 5082 1931 5134 iudicasset
1948 5084 1990 5134 uir
2009 5085 2158 5136 eruditissi-

1274 5189 1344 5238 mus,
1362 5173 1384 5224 si
1404 5173 1554 5240 genuinum
1574 5173 1692 5223 auctoris
1712 5171 1817 5224 loetum
1834 5171 1954 5237 vidisset,
1968 5177 1995 5224 et
2015 5175 2158 5242 epistolam

1274 5263 1387 5332 legisset
1407 5262 1498 5312 datam
1527 5261 1562 5312 ad
1587 5261 1746 5330 Philippum
1774 5262 1807 5313 de
1836 5261 1987 5314 Aienconio
2012 5264 2158 5318 ostiensem

1275 5353 1448 5420 episcopum,
1467 5367 1522 5420 qua
1541 5350 1566 5402 ei
1585 5367 1663 5402 suum
1684 5350 1783 5402 librum
1803 5351 1946 5402 dedicavit.
1967 5351 2059 5404 Gessit
2085 5356 2158 5406 enirn

1274 5442 1419 5510 Philippus
1439 5441 1472 5492 de
1492 5440 1645 5492 Alenconio
1665 5441 1852 5508 episcopatum
1872 5441 2019 5492 ostiensem
2039 5443 2073 5493 ab
2087 5460 2158 5496 anno

1274 5530 1430 5583 MOCOXO.
1444 5530 1478 5582 ad
1498 5546 1600 5581 anuum
1619 5528 1912 5598 uoccxov11.‚qu0
1926 5535 2078 5582 extremum
2092 5533 2159 5584 obiit

1275 5621 1356 5674 dienr.
1376 5621 1454 5672 Adde
1478 5619 1550 5689 quod
1569 5623 1648 5671 autor
1667 5619 1725 5687 ipse
1740 5620 1767 5670 in
1781 5619 1877 5672 eadem
1890 5620 2008 5687 epistola
2021 5636 2113 5672 senem
2129 5640 2158 5675 se

1275 5710 1360 5762 luisse
1379 5710 1490 5774 indicat,
1504 5725 1566 5760 cum
1585 5724 1654 5776 opus
1673 5709 1746 5759 istud
1758 5725 1902 5776 aggressus
1916 5714 1965 5760 eat.
1979 5708 2094 5778 Segnius
2109 5711 2159 5779 igl-

1276 5804 1320 5852 tur
1339 5800 1446 5851 videtur
1464 5798 1527 5850 huic
1546 5799 1623 5866 cperi
1641 5798 1785 5849 scribendo
1804 5815 1833 5850 se
1854 5798 1959 5850 dedisse
1983 5816 2064 5869 quam
2084 5799 2158 5852 Maz-

1275 5889 1410 5942 zuoheliio
1429 5890 1517 5940 risum
1537 5893 1587 5939 ost.

1357 5977 1433 6029 Vidit
1451 5978 1524 6028 hunc
1544 5977 1643 6028 librum
1662 5977 1747 6029 latine
1764 5978 1896 6046 scripturn
1913 5977 2060 6030 Federlcus
2073 5979 2159 6031 Ubal-

1275 6070 1367 6134 dinus‚
1387 6069 1433 6138 qui
1452 6085 1487 6121 ex
1506 6085 1538 6120 eo
1562 6069 1707 6136 exscripsit
1731 6069 1815 6120 uitam
1841 6069 1980 6120 Francisci
1999 6069 2158 6134 Barberini,

1274 6177 1356 6229 quam
1375 6161 1460 6211 edidit
1479 6164 1542 6210 ante
1561 6159 1662 6211 librum
1675 6159 1797 6210 eiusdem
1811 6159 1950 6211 FrancIsci
1963 6159 2106 6210 BarberIni
2120 6159 2160 6211 De

1274 6249 1439 6300 documentis
1468 6249 1579 6300 amoris.
1608 6247 1662 6300 Sed
1690 6247 1796 6299 iallilur
1824 6249 1963 6299 enimvero
1994 6247 2159 6300 Laurentius

1274 6338 1386 6402 Mehus,
1406 6338 1452 6407 qui
1472 6355 1487 6390 a
1507 6336 1703 6390 Mcazuchcllic
1728 6338 1868 6390 consultus
1897 6339 1929 6390 de
1955 6338 2007 6389 hoo
2035 6339 2158 6407 Philippi

1276 6427 1391 6479 Villanii
1410 6428 1487 6492 libro,
1507 6429 1647 6495 respondit
1673 6430 1797 6479 constare
1821 6427 1930 6495 quidem
1953 6426 2104 6480 Villanium
2130 6433 2157 6482 in

1276 6535 1308 6572 eo
1325 6519 1394 6571 libro
1414 6519 1555 6587 scripsisse
1570 6519 1652 6570 etiam
1666 6519 1699 6570 de
1714 6518 1804 6571 Dante
1818 6519 1959 6588 Alighcrio
1973 6524 2000 6572 et
2013 6519 2159 6573 Francisco
