5544 7750
1038 649 1250 701 soflouaaus
1277 649 1479 700 ILLUS‘I'RES

333 806 416 871 Van.
443 813 536 892 pater
561 804 781 888 (1119191199,
806 805 975 891 episcopus
999 803 1156 868 auriensis
1170 803 1219 868 (1).

333 913 376 978 D.
400 914 575 996 Robertus,
597 911 842 976 archidiaconus
866 912 1011 977 bosensis
1035 911 1075 976 de
1101 911 1219 976 Scotia.

2090 625 2163 697 311

1284 803 1326 869 Ι).
1353 803 1556 868 Godofredus
1580 803 1620 868 de
1643 803 1814 869 Nauarilla
1829 802 1914 867 filius
1930 802 2050 868 domini
2067 802 2168 869 (1991-

1393 913 1467 976 terii
1489 912 1609 976 militis.

335 1021 423 1106 Mag.
452 1020 645 1107 Rodulphus
677 1019 761 1083 filius
798 1019 959 1105 quondam
991 1018 1151 1084 Gualterii
1181 1019 1221 1083 de
1287 1018 1329 1083 D.
1355 1018 1579 1083 Gondasalvus
1606 1018 1755 1102 Gomeri,
1780 1019 1934 1105 magister
1960 1019 2165 1102 scholarium,

443 1127 654 1192 Normandia.

337 1235 379 1299 D.
401 1234 584 1299 'Rodericus
607 1233 778 1298 Johanuis.

333 1340 374 1406 D.
402 1340 588 1427 Stephanus
612 1340 715 1406 Eliac.
740 1340 779 1405 (19
803 1340 921 1404 Tauro.

333 1447 374 1513 D.
394 1447 579 1534 Stephanus
595 1447 731 1530 Laterii,
748 1455 853 1512 rector
879 1447 1013 1512 ecclesie
1037 1447 1141 1511 sancti
1164 1446 1220 1512 Jo-

439 1555 556 1619 hannis
582 1554 622 1618 de
646 1554 770 1637 Broilo,
793 1553 975 1618 rutenensis
1000 1552 1145 1617 diocesis.

335 1662 423 1748 Mag.
450 1662 561 1726 Simon
586 1660 626 1725 de
652 1661 890 1726 Oalzeonronte.

333 1768 375 1835 D.
401 1769 598 1852 Thebaidos,
623 1769 798 1834 canonicus
823 1768 862 1833 de
886 1767 1063 1834 Mauduno.

332 1876 374 1942 D.
399 1877 562 1958 Thomas,
587 1876 699 1941 doctor
733 1876 864 1962 legum,
900 1875 1037 1940 diocesis
1071 1875 1219 1940 barcino·

442 1985 560 2048 nensis.

335 2089 423 2176 Mag.
449 2090 590 2154 Thomas
615 2090 654 2154 de
680 2089 842 2155 Sassonia.

677 2304 872 2370 MCGLXX.

333 2518 375 2584 D.
400 2519 581 2584 Aimerious
600 2517 639 2581 (19
657 2517 795 2600 Gasalis,
813 2505 1059 2582 archidiaconus
1075 2519 1216 2584 umbria·

442 2628 555 2692 censis.

334 2736 376 2802 D.
400 2734 582 2799 Aimericus
606 2733 645 2798 (19
668 2733 867 2799 Monteforti.

335 2844 423 2928 Mag.
448 2840 623 2906 Armaldus
648 2841 687 2905 de
710 2840 851 2927 Bayaco.

332 2950 374 3016 D.
399 2949 557 3014 Arufatus
581 2948 620 3011 dc
646 2948 762 3012 Tribus
786 2947 901 3034 Aquis.

333 3057 375 3123 D.
398 3056 598 3141 Bajaoensis.

333 3165 375 3230 D.
399 3163 595 3229 Beltrandus
620 3164 659 3226 (19
681 3161 817 3227 (191999
834 3162 996 3248 quondam
1012 3163 1133 3228 domiui
1150 3163 1216 3229 (19-

442 3271 552 3352 liclmi‚
569 3270 658 3356 prior
673 3269 712 3333 de
729 3269 843 3334 Mauso
867 3276 1005 3334 sanctor.
1018 3270 1216 3336 Puellarum.

333 3380 375 3445 D.
399 3380 617 3464 Bareugarius
642 3377 681 3442 de
705 3377 905 3442 Pulcrorisu.

332 3487 373 3553 D.
398 3486 585 3551 Bernardus
611 3487 650 3550 (19
675 3486 876 3550 Tornamira.

330 3595 372 3659 D.
396 3594 585 3658 Dalmacius
620 3593 659 3657 de
694 3593 854 3676 Tatioue,
890 3593 1062 3658 canonicus
1097 3615 1214 3679 gerun-

438 3702 556 3766 densis.

330 3810 372 3876 D.
396 3809 584 3875 Dalmasius
608 3807 647 3872 de
672 3808 896 3890 Tusancavon,
922 3807 1143 3893 gerundensis.

330 3917 372 3983 D.
397 3917 586 3982 Dominicus
610 3915 782 3998 Dominici,
804 3922 909 3980 rector
932 3922 965 3979 et
988 3914 1089 3980 abbas
1112 3917 1214 3980 eccle-

437 4025 609 4088 9199911911
635 4022 794 4086 Johannis
818 4022 857 4086 de
883 4021 1036 4087 Sanmeli.

331 4131 373 4197 D.
397 4131 586 4197 Dominicus
604 4129 771 4217 Stephani,
789 4130 962 4195 canonicus
979 4129 1214 4196 bracharensis.

330 4239 372 4303 D.
396 4239 586 4303 Fernandus
609 4237 721 4320 Vetri,
747 4237 920 4302 canonicus
949 4236 1210 4302 9911919991911).

330 4345 372 4411 D.
396 4346 588 4410 Franciscus
609 4343 822 4427 (1911919919,
841 4345 1014 4408 canonicus
1031 4344 1214 4410 catalensis.

330 4454 372 4519 D.
397 4453 589 4529 Franciscus
614 4453 653 4516 de
677 4452 836 4535 Lavania,
854 4451 1026 4515 canonicus
1043 4450 1215 4516 furnensis.

331 4560 373 4626 D.
385 4561 578 4626 Franciscus
591 4561 630 4625 de
644 4560 761 4642 Flisco,
775 4561 948 4624 canonicus
962 4559 1214 4624 castellanensis.

331 4666 373 4732 D.
397 4668 590 4732 Franciscus
614 4667 653 4731 dc
677 4667 805 4748 Baisoo,
827 4665 1000 4730 canonicus
1024 4665 1196 4731 furnensis.

332 4772 373 4839 D.
397 4774 589 4838 Franciscus
614 4773 735 4838 domiui
755 4773 881 4858 Ugonis
898 4773 937 4838 (19
954 4773 1102 4859 Margha,
1120 4795 1215 4838 cano·

438 4883 529 4946 nicus
553 4881 809 4946 castellanensis.

331 4988 371 5054 D.
393 4989 519 5054 Garicis
536 4987 1146 5075 191999111919919911991119991199
1163 5009 1215 5053 ca·

438 5096 653 5180 taguritanus.

332 5202 376 5268 D.
395 5202 580 5267 Gaufredus
597 5202 636 5265 de
653 5201 786 5266 Arciato
803 5201 887 5265 filius
904 5200 1025 5265 domini
1042 5200 1217 5285 Guilielmi,

441 5309 635 5374 santinensis
660 5308 807 5372 diocesis.

334 5416 375 5482 D.
401 5417 585 5481 Gaufredus
609 5416 777 5480 Bonisana.
802 5415 974 5501 pictavien.

333 5524 374 5588 D.
400 5523 585 5588 Gaufredus
608 5523 648 5587 de
671 5522 856 5586 Brentacho
879 5522 964 5585 iilius
988 5521 1109 5586 domini
1130 5520 1217 5586 Gau·

440 5630 523 5694 fredi
545 5630 666 5694 militis.

332 5738 372 5802 D.
400 5737 577 5803 Gaulridus
609 5759 714 5802 comes
738 5737 777 5801 de
801 5737 920 5819 Bardi,
944 5736 1028 5799 filius
1054 5735 1216 5821 quondam

439 5845 560 5910 domini
583 5844 710 5909 Alberti
734 5844 774 5908 de
798 5843 976 5930 Compello.

332 5969 421 6055 Mag.
447 5969 611 6034 Gerardus
634 5968 673 6032 de
698 5968 918 6053 Montaharco,
942 5967 1125 6033 canonicus.

332 6077 420 6161 Mag.
445 6076 609 6140 Gerardus
632 6076 792 6158 Blaucus,
817 6077 990 6140 canonicus
1018 6074 1215 6160 parisiensis.

332 6183 374 6248 D.
392 6181 557 6248 Gerardus
574 6182 613 6246 de
629 6182 815 6266 Anzeliaco,
831 6183 920 6269 prior
936 6182 975 6246 de
991 6181 1114 6266 Burgc,
1130 6180 1215 6246 filius

440 6291 562 6355 domini
585 6289 780 6376 Raymundi.

396 6523 434 6590 (1)
454 6525 508 6574 An.
527 6522 712 6586 corlonensis,
731 6521 775 6573 rel
794 6521 973 6573 cartanensis.

1393 1127 1684 1212 compostellanus..

1286 1233 1374 1319 Mag.
1404 1232 1604 1298 Goltiiredus
1632 1232 1671 1298 de
1702 1233 1886 1316 Zandraea,
1918 1235 2090 1298 canonicus
2117 1235 2165 1298 in·

1395 1341 1514 1405 salens.

1285 1446 1375 1533 Mag.
1401 1446 1580 1533 Grisoppus
1596 1447 1635 1510 de
1652 1446 1783 1531 Parma,
1799 1447 1971 1512 canonicus
1987 1447 2090 1512 sancti
2105 1446 2167 1511 Be·

1392 1555 1512 1620 nedicti
1533 1555 1737 1641 parixiensis.

1285 1662 1373 1748 1193.
1412 1662 1606 1748 Gripapelus
1636 1663 1833 1748 parmensis,
1861 1663 2033 1728 canonicus
2063 1663 2167 1727 sancti

1389 1770 1559 1834 Benedicti
1581 1770 1786 1857 parixiensis.

1283 1877 1325 1943 D.
1350 1877 1536 1943 Gualterius
1559 1877 1598 1941 de
1621 1877 1797 1964 Epernata.

1284 1985 1373 2072 Mag.
1399 1984 1504 2050 Guido
1524 1984 1563 2049 de
1584 1985 1732 2070 Luignis,
1749 1985 1922 2050 canonicus
1938 1987 2164 2052 noviomensis.

1283 2092 1372 2179 Mag.
1396 2091 1588 2157 Guilielmus
1611 2092 1650 2156 (19
1675 2091 1915 2157 099119999199.

1285 2199 1373 2286 Mag.
1399 2198 1591 2264 Guilielmus
1608 2199 1647 2263 de
1663 2198 1815 2264 Babechc
1830 2199 1915 2264 filius
1932 2201 2093 2286 quondam
2109 2201 2165 2267 do·

1389 2307 1468 2371 mini
1490 2306 1636 2390 Henrici,
1661 2328 1733 2372 cum
1757 2306 1828 2371 aliis
1852 2307 1958 2393 gallis.

1280 2413 1369 2501 Mag.
1395 2412 1586 2479 Guilielmus
1609 2413 1649 2478 de
1672 2413 1815 2500 Boyacc.

1284 2521 1327 2588 D.
1352 2521 1545 2586 Guilielmus
1567 2522 1607 2586 de
1630 2520 1812 2607 Argentina
1827 2522 1912 2586 filius
1928 2522 2049 2587 domini
2063 2525 2163 2612 Regi·

1387 2628 1476 2693 naldi
1500 2629 1609 2692 militis
1633 2629 1672 2692 de
1697 2628 1840 2694 Mavera.

1282 2736 1324 2800 D.
1342 2735 1534 2801 Guilielmus
1551 2735 1590 2801 (19
1607 2736 1796 2820 Matiscone,
1817 2737 1927 2824 legum
1943 2738 2064 2822 doctor,
2080 2739 2165 2804 lilius

1388 2843 1509 2908 domini
1531 2844 1682 2930 Hugonis
1706 2845 1746 2908 de
1768 2843 1884 2910 Bosoo.

1283 2950 1325 3016 D.
1344 2951 1535 3017 Guilielruus
1559 2952 1598 3016 (19
1621 2952 1751 3039 Dapma
1773 2952 1857 3016 filius
1881 2953 2002 3018 domini
2026 2953 2164 3019 (ierardi

1388 3059 1508 3124 militis.

1282 3167 1324 3233 D.
1350 3167 1542 3232 Guilielmus
1565 3168 1605 3232 de
1629 3168 1738 3232 Monte
1769 3168 1951 3253 Andronis,
1975 3169 2087 3234 doctor
2116 3171 2162 3235 le·

1389 3298 1476 3362 gum,
1500 3276 1710 3340 xantonensis
1733 3277 1879 3341 diocesis.

1280 3383 1322 3449 D.
1348 3383 1539 3448 Guilielmus
1563 3382 1602 3446 de
1625 3381 1826 3469 Mandigoto,
1842 3385 2014 3449 canonicus
2031 3407 2162 3450 nemau-

1385 3490 1505 3554 xenaia.

1278 3596 1319 3662 D.
1346 3597 1537 3662 Guilielmns
1561 3597 1600 3661 de
1631 3597 1785 3682 Roriatis,
1801 3599 1890 3684 prior
1917 3603 2027 3663 sancte
2058 3600 2161 3665 Maria

1385 3705 1425 3769 (19
1449 3705 1636 3770 Armiliaco.

1278 3812 1367 3899 Mag.
1395 3812 1574 3895 Henricus,
1610 3813 1782 3878 canonicus
1821 3815 1925 3879 sancti
1963 3815 2085 3880 Thome
2120 3815 2160 3882 de

1385 3920 1576 4006 Argentina.

1278 4027 1366 4114 Mag.
1393 4027 1566 4110 Henricus,
1588 4027 1761 4092 canonicus
1782 4029 1885 4092 sancti
1909 4029 2032 4094 Thome
2056 4030 2161 4096 arien-

1388 4135 1532 4200 tinensis.

1280 4242 1322 4307 D.
1346 4242 1508 4307 Η9911999
1532 4242 1571 4306 (19
1594 4242 1751 4325 Laronia,
1769 4243 1941 4306 canonicus
1965 4243 2161 4329 parisiensis.

1280 4349 1322 4415 D.
1347 4349 1509 4414 Henricus
1526 4349 1565 4413 de
1577 4349 1736 4432 Lavania,
1748 4349 1920 4414 canonicus
1937 4350 2162 4436 bagliocensis.

1280 4457 1322 4522 D.
1346 4457 1509 4523 Η9911999
1544 4457 1583 4520 (19
1621 4457 1835 4540 Marcarisiis,
1879 4457 2052 4522 canonicus
2087 4459 2162 4523 sali·

1385 4565 1516 4629 niensis.

1280 4673 1322 4740 D.
1346 4673 1508 4738 Η9911999
1532 4672 1571 4737 (19
1594 4671 1712 4755 Flisoo,
1737 4673 1910 4736 canonicus
1933 4673 2128 4758 parisiensis.

1279 4780 1321 4846 D.
1346 4780 1507 4845 Η9911999
1531 4779 1571 4844 de
1593 4778 1714 4865 Brayo,
1738 4779 1910 4844 canonicus
1938 4781 2161 4846 atrebatensis.

1280 4887 1322 4954 D.
1347 4887 1526 4970 Henricus,
1551 4886 1660 4972 legum
1689 4887 1811 4970 doctor,
1836 4889 2009 4953 canonicus
2036 4888 2163 4954 atreba-

1387 4995 1497 5060 tensis.

1280 5101 1323 5167 D.
1347 5102 1446 5188 Hugo
1471 5101 1511 5165 de
1533 5100 1738 5187 Mataplana,
1764 5101 1936 5165 canonicus
1959 5101 2162 5188 urgellensis.

1282 5208 1324 5275 D.
1348 5209 1448 5295 Hugo
1471 5207 1630 5294 Vignerii,
1654 5207 1827 5272 canonicus
1850 5209 2063 5273 santonensis.

1280 5316 1322 5382 D.
1348 5311 1447 5402 Hugo
1471 5317 1575 5381 (119199
1597 5315 1675 5398 1199,
1699 5315 1871 5380 999991999
1895 5316 2057 5400 metensis,
2077 5317 2162 5382 filius

1387 5423 1508 5489 domini
1530 5422 1688 5487 Baldrini.

1280 5531 1369 5618 Mag.
1394 5531 1536 5596 Jacobus
1561 5529 1769 5595 Guiscardus.

1278 5639 1321 5705 D.
1346 5639 1488 5705 Jacobus
1512 5638 1551 5702 de
1576 5637 1681 5719 Sorte,
1699 5637 1871 5702 canonicus
1895 5636 1935 5702 (19
1955 5636 2162 5725 0991919939.

1278 5747 1321 5813 D.
1350 5746 1493 5813 Jacobus
1528 5745 1567 5810 (19
1603 5744 1832 5831 Camporellis,
1869 5745 2042 5810 canonicus
2079 5745 2163 5833 yler-

1386 5854 1503 5918 densis.

1278 5961 1367 6047 Mag.
1392 5961 1559 6026 lohannes
1583 5960 1768 6025 Girardelli.

1278 6069 1366 6156 Mag.
1390 6068 1568 6152 Johanues,
1592 6069 1765 6133 canonicus
1789 6067 1970 6153 burgensis.

1278 6178 1367 6263 Mag.
1391 6176 1558 6242 19199999
1582 6175 1724 6257 Martini,
1749 6175 1922 6239 canonicus
1945 6174 2140 6261 palentinus.

1279 6285 1368 6371 Mag.
1392 6283 1558 6349 Johannes
1583 6283 1623 6348 de
1646 6283 1810 6366 Pontinia,
1835 6282 1946 6347 doctor
1968 6283 2088 6368 legum.

1345 6518 1384 6586 (a)
1404 6517 1456 6570 99.
