5484 7746
656 605 732 675 204
1439 623 1680 674 uouuuaurn

655 780 773 844 debeat
797 780 974 862 contraire,
992 779 1076 866 quod
1102 780 1157 865 qui
1180 780 1287 844 facere
1311 781 1561 866 attemptaverit,
1579 787 1635 844 aut
1652 780 1759 866 aliquo
1777 781 1870 846 modo
1888 782 2110 844 contravenire
2127 783 2367 868 presumpserit,
2384 783 2468 848 mille

655 893 872 950 trecentarum
897 887 1051 950 librarum
1076 887 1162 968 boni,
1180 888 1252 972 puri
1276 887 1346 950 auri
1371 893 1552 973 componat,
1570 887 1775 951 medictatem
1792 886 1926 952 Camere
1951 895 2068 970 nostre,
2089 889 2250 974 aliamque
2266 891 2468 954 medietatem

658 994 808 1078 injuriam
833 993 936 1080 passis
960 994 1140 1058 soluturus:
1160 994 1200 1056 ad
1217 995 1309 1078 eujus
1326 994 1370 1057 rei
1389 1001 1508 1058 0011001
1533 993 1738 1076 evidentiam,
1757 995 1863 1076 robur,
1881 1016 1919 1058 00
1943 997 2130 1060 memoriam
2152 995 2212 1060 hoc
2237 997 2467 1083 0011010100ιί-

655 1101 809 1186 vilegium
841 1101 871 1164 ei
903 1099 1086 1163 induximus
1118 1121 1217 1164 00100
1250 1100 1339 1164 bulla
1371 1107 1478 1164 nostre
1510 1101 1689 1185 majestatis
1720 1102 1961 1166 communitum.
1986 1101 2050 1175 Qui
2072 1101 2299 1168 Bertholoctus
2323 1103 2362 1168 de
2386 1103 2467 1190 Ripa

655 1209 758 1272 insule
783 1207 916 1272 Suzarie
940 1215 972 1271 01
995 1207 1152 1290 Βο11100,
1178 1229 1283 1271 001000
1308 1207 1471 1294 palatinus
1495 1207 1527 1272 10
1551 1207 1765 1290 Lombardia,
1790 1208 1875 1272 dicto
1900 1208 2029 1272 domino
2052 1208 2224 1274 Frederico
2248 1211 2468 1275 0000010101-

654 1315 796 1401 00101011
818 1314 941 1398 juravit
964 1314 1152 1378 fidelitatem
1177 1321 1289 1378 eontra
1313 1335 1439 1379 omnem
1463 1315 1624 1379 hominem
1648 1315 1688 1378 de
1712 1315 1841 1398 mundo,
1859 1324 1994 1400 excepto
2018 1315 2183 1380 dominum
2206 1317 2331 1403 Papam
2355 1325 2386 1382 et
2410 1317 2467 1384 Ec·

655 1423 786 1486 alesiam
803 1421 1027 1502 romanamfll,
1045 1421 1220 1486 secundum
1238 1422 1322 1506 quod
1340 1421 1372 1484 in
1389 1421 1538 1507 capitulis
1554 1422 1717 1486 fidelitatis
1735 1423 1767 1485 in
1785 1422 1931 1487 omnibus
1948 1429 1980 1486 01
1995 1444 2054 1509 per
2070 1423 2176 1486 omnia
2193 1424 2384 1508 continetur,
2402 1447 2467 1490 cor·

655 1529 809 1615 poroliter
833 1530 874 1592 ab
899 1530 967 1615 ipso
992 1529 1125 1616 prestito
1149 1537 1362 1611 sacramento,
1384 1529 1488 1594 eidem
1509 1529 1616 1594 delato
1640 1551 1698 1616 per
1720 1551 1772 1593 me
1797 1529 1981 1594 Conradum
2004 1537 2180 1594 metensem
2200 1532 2396 1619 episcopum,
2413 1533 2468 1596 im·

655 1638 786 1724 perialis
810 1637 883 1701 aule
908 1638 1135 1718 camelarium,
1152 1636 1222 1699 viee
1239 1636 1360 1702 donriui
1380 1637 1532 1722 Sigifrcdi
1557 1639 1704 1722 magistri
1727 1637 1962 1724 archiepiscopi
1985 1639 2087 1702 tocius
2112 1637 2285 1703 Germanis
2309 1647 2340 1704 et
2364 1640 2469 1705 Ytalie

656 1745 919 1828 archicancelarij
943 1743 1150 1830 infrascripti.

742 1854 794 1925 (Π
806 1851 915 1936 Hujus
931 1851 977 1914 rei
994 1857 1092 1914 testes
1109 1859 1183 1915 sunt
1201 1851 1408 1932 Guttulanus,
1427 1852 1493 1914 dux
1509 1852 1548 1914 10
1567 1851 1742 1935 Gragonia,
1760 1851 1933 1933 Robertus,
1951 1873 2057 1915 comcs
2080 1851 2119 1916 de
2143 1851 2260 1936 Rudio,
2278 1853 2468 1918 Guillelmns

655 1959 694 2022 de
719 1957 868 2040 Oalvara,
893 1979 1009 2040 coines,
1034 1957 1259 2044 Raymundus,
1285 1980 1390 2022 comes
1415 1958 1454 2022 de
1478 1958 1595 2041 Rudio,
1612 1958 1755 2023 Ubertus
1778 1959 2000 2042 Pelavixiuus,
2024 1960 2178 2042 marchio,
2193 1960 2318 2025 Boxius
2342 1961 2382 2024 de
2405 1960 2469 2024 Do·

654 2066 756 2144 varia,
781 2065 943 2128 Henricus
967 2065 1006 2128 de
1030 2065 1213 2129 Lambertis
1238 2065 1278 2128 de
1302 2065 1463 2148 Ferraria,
1482 2065 1692 2129 Ravenninus
1716 2066 1755 2130 de
1780 2065 1934 2147 Dovaria,
1952 2065 2151 2148 Gandionus,
2168 2067 2239 2151 ejus
2263 2067 2374 2150 freter,
2391 2067 2468 2152 Aac,

654 2173 807 2254 marchio,
832 2171 906 2258 Ugo
929 2172 1056 2258 Lupus,
1081 2174 1254 2236 Ansolmus
1279 2172 1317 2236 de
1344 2173 1508 2257 Stringut,
1534 2173 1653 2258 regalis
1676 2173 1749 2236 aule
1773 2173 1995 2254 mariscalcus,
2020 2172 2226 2259 Montelupus
2248 2174 2288 2239 de
2311 2174 2468 2258 Hulivit0,

654 2279 801 2344 Yziliuus
825 2280 864 2343 de
888 2279 1046 2362 Romano,
1071 2279 1219 2344 Ubaldus
1244 2279 1283 2343 de
1309 2280 1501 2344 0011010010
1525 2280 1564 2344 10
1588 2279 1816 2362 Lectobelano,
1841 2280 2008 2344 lohannes
2036 2287 2068 2344 et
2091 2280 2246 2345 Albertus
2277 2282 2409 2346 comites
2439 2291 2470 2346 ct

654 2387 781 2470 fratres,
806 2395 838 2452 et
862 2389 917 2451 alii
942 2389 1182 2474 quamplures.

744 2495 880 2580 Signum
904 2517 1018 2559 manus
1043 2496 1207 2560 Frederici
1231 2495 1364 2560 secundi
1388 2496 1589 2581 imperatoris
1613 2497 1824 2561 invictissimi.

1252 2603 1349 2684 (Loc.
1375 2603 1550 2688 imperialis
1575 2603 1880 2688 monogrammatis)

742 2710 813 2795 Ego
838 2709 1010 2792 Corradus,
1029 2710 1203 2774 mathensis
1228 2711 1407 2796 episeopus,
1433 2711 1608 2796 imperialis
1633 2711 1705 2774 aule
1730 2711 1940 2792 canzelarius,
1957 2712 2027 2774 vice
2049 2711 2169 2774 domini
2194 2711 2347 2796 Sigifredi
2370 2712 2471 2797 magi-

654 2819 712 2882 stri
736 2818 970 2902 archiepiscopi
993 2817 1095 2882 tocius
1121 2818 1293 2882 Germanic
1318 2825 1350 2881 et
1373 2817 1482 2882 Ytolie
1507 2818 1800 2901 arelricaneellarij,
1823 2819 2006 2902 recognovi.
2032 2819 2116 2882 Acta
2144 2819 2300 2882 00011100
2324 2840 2408 2882 0000
2433 2819 2472 2882 ab

654 2925 875 2988 incarnatione
907 2925 1038 2988 Domini
1070 2925 1239 2988 millesimo
1272 2926 1490 2989 ducentesimo
1522 2925 1769 3010 quadragesimo
1805 2925 1934 3010 quinte,
1961 2924 2135 2989 indictione
2159 2933 2292 3010 quarta,
2317 2932 2473 3010 regnante

655 3033 784 3096 domiuo
808 3033 980 3096 Frederico
1006 3032 1164 3114 seeundo,
1189 3055 1395 3096 romanorum
1425 3034 1618 3118 imperatore
1650 3033 1898 3117 gloriosissimo,
1923 3054 2008 3096 anno
2040 3040 2072 3096 et
2102 3035 2195 3118 regni
2224 3034 2294 3117 ejus
2318 3033 2473 3118 vigesimo

656 3149 759 3222 sexto,
783 3141 910 3225 imperii
936 3162 1011 3204 vero
1035 3141 1191 3224 vigesimo
1216 3140 1366 3222 secundo,
1391 3140 1609 3225 Hyerusnlem
1633 3150 1664 3204 et
1690 3141 1816 3204 Scicilie
1840 3162 1927 3226 rege.

744 3248 853 3311 Primo
879 3247 953 3310 1010
978 3248 1095 3311 Parme
1120 3248 1166 3332 iij.
1191 3247 1273 3333 ydus
1297 3249 1409 3332 nrarzij
1435 3269 1492 3334 per
1516 3269 1646 3311 manum
1670 3247 1815 3330 llenrici,
1840 3247 2052 3333 protonotarij
2077 3247 2252 3334 imperialis
2276 3247 2361 3311 aule.

743 3461 839 3524 Anno
864 3461 995 3525 Domini
1020 3461 1190 3524 millesimo
1219 3461 1438 3524 ducentesimo
1470 3462 1688 3545 octuagesimo
1720 3483 1822 3544 0000,
1848 3461 2021 3525 indictione
2053 3462 2208 3543 secunda,
2233 3462 2284 3526 110
2316 3463 2472 3547 vigesimo

654 3568 794 3632 seeundo
819 3569 958 3632 intrante
983 3568 1113 3632 marzio.
1139 3569 1220 3632 Cum
1244 3589 1376 3653 presens
1400 3569 1585 3653 exemplum
1610 3576 1772 3654 sumptum
1796 3591 1838 3632 ex
1862 3569 2011 3654 originali
2035 3591 2093 3632 suo
2116 3569 2244 3654 publico
2268 3569 2420 3634 videlicet
2443 3579 2473 3634 et

654 3677 835 3740 auctentico
860 3677 1072 3740 instrumento
1097 3676 1222 3760 integro
1248 3684 1279 3738 et
1303 3676 1487 3762 incorrupto
1511 3682 1543 3739 et
1567 3676 1599 3739 in
1624 3675 1712 3739 nulla
1736 3698 1795 3739 sua
1818 3684 1910 3762 parte
1934 3677 2064 3758 vitioso,
2089 3683 2121 3739 et
2144 3677 2212 3740 sine
2236 3678 2472 3763 vituperatione

654 3784 763 3868 aliqua
788 3790 975 3869 apparente,
993 3805 1052 3848 nee
1077 3805 1140 3846 uon
1165 3783 1307 3868 sigillato
1333 3783 1439 3867 sigillo
1464 3805 1562 3846 aureo
1587 3805 1727 3866 0000100,
1746 3784 1904 3870 pendente
1929 3783 2473 3870 0100110100100110001,1000100

653 3891 736 3954 faeie
761 3891 865 3976 prima
889 3892 1010 3954 inserta
1034 3893 1188 3975 majestas
1212 3891 1388 3976 imperialis
1413 3890 1533 3954 domini
1557 3891 1721 3955 Frederici
1746 3891 1886 3954 sedentis
1911 3892 1943 3954 in
1973 3892 2107 3973 throno,
2132 3899 2163 3954 et
2194 3913 2319 3954 ramum
2350 3893 2411 3955 lilii
2441 3894 2474 3956 in

653 3999 762 4062 destra
786 4019 883 4061 manu
907 3998 1074 4080 habentis,
1100 4021 1142 4062 01
1166 3999 1229 4062 0110
1254 4020 1331 4062 vero
1355 3999 1457 4061 latere
1482 3998 1637 4083 scriptum
1661 4007 1725 4062 est:
1751 3997 2474 4082 110101100011010101101010010101110110-

653 4126 766 4168 001100
791 4112 817 4168 01
840 4127 956 4189 semper
980 4108 1149 4191 111ιο001110,
1173 4105 1214 4169 ab
1232 4105 1437 4190 infrascripto
1455 4104 1585 4168 domino
1602 4105 1783 4170 Thornaxio
1808 4112 1839 4168 01
1864 4105 2077 4191 infrascriptis
2094 4105 2228 4168 testibus
2245 4105 2473 4171 tabellionibus

654 4213 861 4298 introspecta,
879 4212 1082 4276 considerato
1106 4221 1138 4275 et
1161 4214 1241 4295 vise,
1264 4213 1387 4295 fuisset,
1413 4235 1521 4276 coram
1544 4213 1672 4276 domino
1696 4213 1839 4276 Antonio
1863 4213 1902 4276 dc
1927 4213 2113 4298 Fuxaraga,
2134 4219 2294 4299 potestate
2317 4214 2473 4298 Bononie‚

653 4327 685 4383 et
709 4320 838 4383 domino
864 4320 1045 4383 Themaxio
1068 4320 1108 4383 de
1133 4319 1242 4383 Casali
1268 4319 1407 4383 Sielrono
1431 4321 1501 4403 ejus
1523 4319 1631 4403 judice
1656 4320 1853 4383 insinuatum
1869 4319 2024 4404 legitime,
2041 4326 2073 4383 et
2088 4341 2146 4405 per
2162 4341 2212 4382 me
2228 4320 2473 4384 Lambertinum

654 4427 816 4490 Gualandi
842 4427 1002 4490 notarium
1027 4426 1267 4512 infrascriptum
1292 4434 1323 4490 et
1346 4427 1426 4490 alios
1451 4427 1586 4512 scriptos
1611 4429 1752 4491 00101100
1769 4427 1809 4490 01
1828 4427 1984 4512 originale
2001 4449 2038 4491 00
2059 4428 2275 4491 000100110001
2291 4449 2385 4490 00010
2401 4428 2473 4491 dili·

654 4541 767 4618 genter
791 4541 822 4598 et
846 4533 1056 4619 solempniter
1078 4534 1196 4598 lectum
1221 4540 1252 4596 01
1277 4534 1480 4615 ascultatum,
1497 4541 1529 4597 et
1553 4534 1648 4620 plene
1672 4556 1743 4597 eum
1766 4535 1835 4619 ipso
1852 4534 2003 4619 originali
2018 4555 2076 4620 per
2092 4535 2199 4598 omnia
2216 4535 2410 4598 concordare
2427 4536 2473 4598 in·

655 4649 796 4724 ventum,
815 4642 962 4706 dominus
979 4641 1163 4704 Anthemus
1180 4640 1342 4727 predictus
1359 4647 1502 4726 potestas
1517 4641 1673 4722 Bononie,
1691 4649 1723 4704 et
1739 4641 1883 4728 01010100
1908 4641 2055 4705 10101000
2072 4641 2271 4705 Thomaxius
2288 4643 2358 4725 ejus
2371 4642 2474 4726 judex

653 4754 686 4810 et
703 4767 855 4830 assessor,
873 4749 978 4833 ipsum
994 4748 1178 4834 exemplum
1196 4748 1236 4810 ab
1253 4747 1433 4832 exemplari
1449 4769 1506 4810 suo
1524 4748 1556 4810 in
1573 4748 1672 4829 nullo,
1689 4747 1774 4832 quod
1790 4768 1920 4811 sensum
1936 4748 1987 4810 vel
2005 4747 2202 4811 intellectum
2219 4755 2334 4828 mutet,
2352 4749 2472 4813 discor-

653 4855 730 4919 dare
755 4856 940 4942 plenissime
966 4865 1213 4940 cognoscentes,
1230 4863 1263 4919 et
1287 4855 1392 4942 ipsum
1416 4855 1573 4938 originale
1598 4857 1759 4940 integrum
1783 4863 1815 4918 et
1839 4855 2060 4941 incorruptum
2084 4861 2116 4918 01
2140 4855 2172 4918 10
2195 4854 2285 4919 00110
2308 4856 2358 4918 001
2382 4863 2474 4942 parte

653 4963 818 5044 vitiosum,
845 4963 1048 5026 attendentes
1073 4962 1177 5026 eidem
1201 4962 1350 5048 exemplo
1375 4962 1472 5026 0110
1496 4970 1603 5026 cetero
1627 4963 1770 5047 legitime
1794 4962 2019 5026 insinuationis
2041 4964 2114 5046 jure
2138 4962 2281 5045 fruatur,
2306 4963 2474 5026 01001001

653 5092 715 5155 quo
740 5071 898 5154 originale
923 5092 1027 5152 suum,
1045 5071 1157 5155 vigore
1181 5071 1334 5155 potiatur,
1352 5077 1383 5132 et
1408 5070 1501 5133 111οι0
1527 5091 1618 5132 suam
1642 5078 1674 5133 et
1697 5070 1840 5133 comunis
1864 5069 2010 5134 Bononie
2032 5069 2257 5133 auctoritatem
2273 5070 2473 5154 interposue-

652 5184 727 5241 runt
751 5186 847 5260 atque
873 5177 1047 5241 decretum.
1073 5178 1200 5242 Notarii
1222 5200 1299 5241 vero
1324 5185 1356 5241 et
1381 5185 1489 5258 testes,
1507 5179 1561 5262 qui
1585 5177 1728 5262 predicto
1752 5177 1901 5264 exemplo
1926 5177 1967 5239 ad
1992 5177 2149 5261 originale
2173 5198 2267 5240 suurn
2287 5176 2426 5261 legendo
2443 5185 2474 5240 et

653 5285 843 5350 assultando
869 5293 1035 5370 presentes
1059 5285 1200 5367 fuerunt,
1225 5293 1299 5348 sunt
1323 5285 1536 5371 infrascripti:

742 5395 799 5475 (L.
820 5395 842 5474 †
860 5394 906 5476 S.)
931 5393 1003 5477 Ego
1026 5394 1253 5480 Henrigiptus,
1277 5395 1361 5457 filius
1386 5394 1548 5478 quondam
1571 5392 1742 5477 Felicianj,
1763 5393 1927 5478 jmperialj
1953 5392 2144 5457 avrctoritate
2166 5392 2269 5476 judex
2292 5393 2474 5456 ordinarius

652 5509 684 5565 et
700 5503 856 5582 notarius,
874 5502 934 5564 hoc
952 5502 1137 5587 exemplum
1153 5523 1194 5564 ex
1211 5501 1415 5564 auethentico
1431 5500 1603 5586 privilegio
1620 5501 1740 5563 domini
1753 5500 1928 5582 Frederiei,
1943 5501 2019 5563 olim
2031 5499 2252 5564 Romanorum
2265 5499 2474 5585 Imperatoris

654 5616 816 5693 sumptum
841 5629 898 5693 per
922 5608 1168 5672 Lanrbertinum
1192 5607 1355 5671 Gualandi
1379 5609 1540 5671 notarium
1565 5606 1803 5693 infrascriptum
1828 5629 1936 5670 001010
1953 5607 2053 5671 nobili
2077 5607 2146 5670 viro
2164 5606 2292 5670 domino
2309 5606 2474 5670 Anthonio

652 5718 691 5782 de
716 5717 884 5800 Fixirago,
909 5723 1068 5801 potestate
1093 5716 1249 5797 Bononie,
1268 5723 1299 5778 et
1323 5715 1452 5778 domino
1478 5714 1658 5778 'l'lromaxio
1682 5716 1751 5798 ejus
1774 5715 1882 5798 judice
1906 5723 1938 5778 et
1962 5735 2133 5796 assessore,
2152 5713 2193 5776 ad
2217 5713 2337 5777 dictum
2362 5721 2474 5776 auten·

651 5825 750 5890 ticum
773 5825 981 5910 privilegium
1006 5845 1070 5886 una
1095 5846 1167 5886 cum
1191 5823 1404 5909 infrascriptis
1428 5821 1585 5886 Mathiolo
1609 5822 1648 5886 dc
1669 5821 1860 5903 Romncore,
1878 5821 1975 5885 Petro
1992 5821 2166 5906 Ugntionis
2183 5820 2222 5884 de
2238 5821 2473 5906 Bambaglolis,

652 5933 797 5998 Gerardo
822 5933 861 5997 de
885 5933 1052 5997 Plastellis
1077 5940 1109 5996 et
1132 5932 1261 5996 domino
1285 5930 1460 5995 Lamberto
1484 5931 1620 6012 notario,
1645 5930 1816 6014 diligenter
1839 5936 1871 5993 et
1894 5929 2032 5993 fideliter
2055 5928 2244 5992 abscultavi.
2262 5927 2305 5992 Et
2321 5928 2475 6014 quoniam

652 6041 733 6105 illud
757 6041 938 6105 invenimus
962 6063 1034 6105 enm
1059 6041 1143 6104 dicto
1176 6039 1356 6104 auctentico
1388 6059 1446 6123 per
1477 6039 1585 6102 omnia
1616 6037 1827 6118 concordare,
1852 6046 1888 6100 ut
1919 6037 2023 6100 cidem
2046 6036 2194 6121 exenrplo
2219 6036 2411 6100 adhibeatur
2435 6035 2474 6099 de

652 6157 758 6214 cetero
783 6150 881 6235 plena
904 6149 995 6233 fides,
1020 6149 1059 6213 de
1083 6148 1236 6212 mandato
1261 6147 1336 6210 dicti
1361 6145 1480 6210 domini
1504 6146 1682 6232 potestatis,
1707 6167 1757 6208 me
1782 6145 1814 6207 in
1839 6151 1953 6208 testem
1977 6144 2161 6229 subscripsi.

741 6256 799 6340 (L.
817 6257 839 6338 †
857 6256 904 6339 S.)
928 6257 1000 6342 Ego
1024 6256 1141 6321 Petrus
1162 6254 1354 6340 Uguicionis
1371 6254 1410 6316 de
1427 6253 1659 6338 Bambaglolis,
1675 6251 1838 6337 jmperiali
1856 6251 2045 6316 00010111010
2060 6251 2162 6333 judex
2179 6251 2359 6315 ordinarius
2375 6256 2473 6335 atque

732 6491 771 6556 (ι)
792 6490 843 6542 sa.
