5484 7746
656 621 731 690 nto
1443 635 1682 686 nonuusnrn

655 814 692 856 ac
717 799 819 856 terras
844 813 955 855 corum
980 791 1081 855 dictas
1106 791 1298 855 auctoritate
1324 791 1465 876 ipsorum
1491 789 1591 874 possit
1616 790 1699 853 l'erre
1724 789 1911 872 sententias,
1932 788 1993 852 nisi
2018 789 2154 874 predicti
2178 797 2396 874 occupatores,
2419 789 2473 853 de-

654 907 807 981 tentores,
825 899 998 962 violatores
1022 905 1054 962 ct
1078 897 1260 962 turbatores
1284 918 1322 961 ac
1347 897 1444 960 ceteri
1470 897 1525 960 alii
1549 896 1591 960 ab
1616 897 1750 979 iniuriis,
1768 895 1923 960 molestiis
1946 905 1977 959 et
2002 897 2271 982 occupaciouibus
2291 897 2474 980 hujusmodi

654 1006 846 1088 destiterint,
869 1011 902 1069 at
921 1006 1084 1068 statutarii
1100 1012 1132 1068 et
1148 1005 1373 1068 observatores
1397 1011 1591 1068 statutorum
1615 1003 1654 1066 da
1679 1005 1821 1090 ipsorum
1847 1003 2030 1088 capitularii
2053 1009 2176 1067 statuta
2199 1002 2312 1066 eadem
2336 1002 2473 1086 abrad[i]

654 1113 847 1194 curaverint,
865 1112 927 1175 nisi
949 1111 1033 1176 infra
1057 1112 1137 1176 duos
1161 1133 1287 1176 menses
1312 1119 1483 1198 postquam
1507 1111 1715 1174 monitionem
1739 1131 1831 1174 suam
1855 1110 1984 1174 duxerit
2008 1110 2200 1174 faciendam.
2224 1111 2270 1174 At
2293 1111 2319 1172 si
2342 1117 2474 1196 propter

654 1220 835 1305 aliquorum
859 1219 1026 1300 malitiam,
1043 1241 1100 1282 seu
1131 1220 1313 1304 potenciam
1338 1218 1437 1305 ipsius
1461 1219 1581 1282 domini
1606 1218 1863 1304 Archiepiseopi,
1880 1219 2013 1282 monitio
2030 1217 2072 1280 ad
2088 1217 2289 1304 supradictos
2306 1217 2472 1302 pervenire

654 1348 719 1390 non
742 1335 861 1412 posset,
886 1326 971 1390 idam
995 1327 1266 1412 Archiepisoopus
1292 1327 1394 1412 ipsam
1420 1325 1490 1389 lieri
1513 1325 1611 1390 faciat
1632 1327 1664 1388 in
1681 1326 1789 1410 aliquo
1814 1326 1885 1389 loco
1909 1324 2105 1412 publico,da
2123 1324 2243 1410 quoad
2262 1324 2473 1410 ipsosverisi-

656 1434 774 1496 militer
794 1433 903 1496 valeat
926 1433 1105 1520 pervenire,
1131 1455 1227 1518 quarn
1251 1433 1339 1496 illam
1363 1433 1546 1496 firmitatem
1571 1433 1691 1497 habere
1715 1433 1828 1496 volunt
1852 1454 1889 1496 ac
1913 1433 1940 1496 si
1963 1433 2009 1496 eis
2034 1439 2066 1496 et
2090 1433 2122 1496 in
2147 1433 2290 1518 ipsorum
2314 1433 2475 1517 presentia

655 1550 739 1605 esset
764 1540 860 1606 facta.
884 1540 1067 1605 Firmantcs
1091 1540 1131 1604 ad
1156 1541 1304 1623 invicem,
1322 1541 1407 1626 quod
1428 1541 1563 1626 quilibet
1580 1541 1764 1604 eorumdem
1782 1541 2004 1627 episcoporum
2022 1540 2199 1604 sententias
2215 1539 2365 1603 ferendas
2382 1561 2473 1604 occa·

653 1649 742 1712 sioua
767 1647 970 1710 invasionum
994 1669 1031 1710 ac
1055 1647 1192 1710 aliorum
1216 1648 1473 1733 supradictorum
1497 1669 1555 1733 per
1578 1647 1726 1710 eumdem
1750 1647 1913 1710 dominum
1931 1647 2219 1733 Archiepiscopum
2235 1647 2424 1710 denuntiare
2441 1654 2473 1710 at

654 1755 819 1840 publicare
844 1777 901 1840 par
925 1776 959 1818 sa
984 1776 1021 1818 aa
1046 1755 1126 1818 alios
1151 1755 1212 1818 sibi
1236 1754 1396 1818 subiectos
1420 1755 1461 1818 ad
1486 1755 1673 1818 mandatum
1699 1755 1798 1840 ipsius
1822 1755 1943 1818 domini
1966 1753 2211 1840 Archiepiscopi
2233 1761 2397 1836 teneatur,
2421 1756 2473 1818 vel

652 1861 797 1926 Ecclesia
815 1863 1010 1926 ravennatis.
1029 1861 1092 1934 Qui
1108 1883 1185 1926 vero
1210 1862 1397 1926 inobediens
1420 1863 1518 1926 suerit
1541 1863 1626 1925 circa
1649 1861 1925 1925 denuntiationem
1950 1869 1981 1924 at
2005 1861 2256 1947 publicationem
2280 1861 2472 1943 huiusmodi,

655 1970 755 2056 ipsius
779 1969 994 2033 inobedientia
1012 1969 1097 2034 facto
1122 1970 1162 2032 ab
1187 1970 1335 2054 ingressu
1357 1969 1491 2033 ecclesie
1516 1977 1547 2032 et
1571 1970 1688 2033 divinis
1712 1969 1823 2034 officiis
1847 1991 1905 2056 per
1929 1969 2023 2033 unius
2048 1970 2166 2032 mensis
2190 1970 2335 2062 spacium
2358 1970 2399 2032 sit
2423 1991 2474 2032 su·

654 2099 799 2163 spausus.
817 2077 937 2140 Contra
962 2098 1056 2162 quem
1081 2077 1226 2162 prefatus
1251 2078 1398 2140 dominns
1422 2076 1694 2163 Archiepiseopus
1719 2077 1760 2140 ad
1783 2099 1900 2164 penam
1925 2071 2034 2159 aliam,
2051 2083 2147 2164 prout
2163 2077 2263 2162 ipsius
2280 2077 2474 2162 protervitas

653 2184 823 2265 meruerit,
848 2183 1022 2268 proeadcrc
1046 2185 1172 2266 valcat3
1197 2183 1238 2246 ad
1270 2183 1355 2270 quod
1387 2183 1483 2247 iidem
1514 2185 1655 2270 episcopi
1680 2185 1743 2247 iam
1768 2185 1852 2248 dieto
1877 2185 2005 2248 domino
2030 2183 2283 2270 Archiepiscopo
2307 2185 2474 2247 voluntate

580 2297 587 2316 ¹
653 2291 783 2376 propria
807 2312 841 2353 sc
865 2291 1067 2374 submittunt,
1090 2293 1135 2354 ita
1160 2301 1266 2355 tamen
1285 2292 1370 2376 quod
1387 2299 1518 2378 propter
1534 2291 1594 2356 hoc
1619 2292 1716 2356 nichil
1733 2291 1960 2356 iurisdictionis
1978 2291 2136 2356 dictorum
2152 2292 2373 2377 episcoporum
2391 2292 2474 2354 ulla-

654 2407 747 2461 tenus
771 2397 942 2461 adimatur.

742 2491 843 2568 Facta
868 2505 928 2568 luit
952 2505 1012 2569 bec
1029 2506 1210 2570 commissio
1228 2507 1259 2569 in
1276 2507 1466 2592 provinciali
1483 2506 1617 2570 concilio
1635 2527 1692 2591 per
1709 2507 1894 2570 iamdictam
1911 2506 2075 2570 dominum
2092 2505 2381 2592 Archiepiscopum
2398 2527 2475 2570 con-

653 2620 790 2698 gregato
814 2613 846 2676 iu
870 2620 982 2676 sancta
1007 2613 1121 2676 maiori
1145 2615 1282 2678 ecclesia
1305 2614 1548 2678 Ravennatensi
1572 2615 1611 2676 dc
1637 2615 1789 2678 mandato
1815 2615 1938 2678 Summi
1961 2613 2128 2678 Pontifieis
2145 2613 2343 2700 superiacto
2361 2613 2476 2676 Tarta·

654 2740 773 2800 rorum,
798 2719 853 2782 ubi
877 2719 994 2804 prefati
1018 2720 1159 2806 episcopi
1185 2727 1278 2783 erant
1301 2727 1477 2806 presentes,
1501 2729 1533 2784 et
1557 2728 1591 2784 ut
1615 2741 1713 2805 supra
1736 2721 1856 2805 legitur
1879 2721 1910 2783 iu
1936 2721 2084 2784 omuibus
2103 2719 2286 2784 voluerunt.
2305 2719 2371 2783 Sub
2388 2740 2475 2782 anno

653 2825 785 2890 Domini
810 2827 978 2891 millesimo
1003 2827 1222 2892 ducentesimo
1252 2829 1448 2912 sesagesimo
1472 2829 1593 2914 primo,
1618 2836 1762 2914 tempore
1794 2828 1915 2892 domini
1944 2827 2125 2896 Alexandri
2156 2848 2239 2912 pape
2273 2827 2395 2912 quarti,
2420 2825 2476 2889 dia

655 2940 770 3018 quarto
793 2940 933 2997 exeunte
958 2935 1088 3017 marcio,
1106 2935 1280 2998 indictione
1305 2943 1430 3021 quarta,
1448 2936 1651 3022 presentibus
1675 2935 1811 2998 testibus
1834 2935 1876 2998 ad
1900 2935 1959 2999 heo
1983 2935 2105 2999 vocatis
2129 2935 2258 2998 domiuo
2275 2933 2389 2998 comite
2405 2932 2476 2996 Ru-

654 3041 744 3124 gerio
768 3041 807 3104 de
832 3041 1089 3125 Bagnacavallo,
1114 3042 1243 3106 domino
1268 3042 1440 3128 Aymerico
1465 3044 1640 3126 cardinali,
1665 3051 1698 3107 et
1722 3043 1851 3107 domino
1877 3043 2004 3126 Guezo,
2030 3049 2160 3106 cantora
2183 3041 2327 3106 Ecclesia
2359 3061 2477 3104 raven·

655 3149 808 3229 natansis,
825 3147 845 3212 J
848 3149 975 3212 ohanne
991 3149 1179 3212 Samautino
1196 3150 1235 3212 da
1252 3149 1406 3232 Forlivio,
1423 3149 1559 3214 Albcrto
1577 3151 1845 3238 archipresbitero
1862 3143 2036 3232 uriauensi,
2053 3149 2208 3213 brixiensi
2225 3147 2371 3227 diocesis,
2387 3146 2477 3210 Dru·

654 3255 747 3337 done,
773 3263 903 3319 cantora
927 3265 1037 3320 sancte
1062 3257 1206 3320 Ecclesia
1230 3258 1484 3340 ravennatensis,
1509 3258 1678 3340 Jacobino,
1703 3257 1819 3322 clerico
1847 3257 1924 3321 dicti
1948 3257 2069 3320 domini
2095 3255 2348 3341 Archiepiscopi,
2373 3254 2477 3318 fratre

654 3362 778 3426 Jacobo
803 3362 842 3426 da
866 3361 971 3447 Regio
996 3363 1163 3449 hospitalis
1188 3365 1291 3428 sancti
1313 3365 1472 3428 lobannis
1497 3366 1749 3448 ierosolimitani,
1767 3372 1799 3428 et
1823 3365 1939 3449 Ugona
1965 3365 2090 3428 notario
2114 3363 2251 3445 liviensi,
2268 3369 2300 3426 et
2316 3363 2387 3424 aliis
2410 3369 2476 3426 etc.

745 3467 805 3550 (L.
822 3470 844 3551 †
863 3469 910 3551 S.)
934 3470 1006 3556 Ego
1036 3471 1284 3536 Bartholorneus
1309 3473 1393 3535 lilius
1417 3473 1579 3558 quondam
1604 3473 1729 3536 Cambii
1758 3474 1896 3554 notarii,
1921 3472 2080 3557 imperiali
2104 3471 2295 3534 auctoritate
2321 3461 2479 3550 notarius,

656 3576 748 3640 dictis
774 3577 915 3660 interfui,
940 3585 972 3642 et
997 3578 1148 3642 mandato
1173 3579 1389 3665 predictorum
1413 3580 1615 3644 dominorum
1638 3579 1872 3666 Episcoporum
1896 3579 2021 3665 scripsi.

744 3683 815 3768 Ego
841 3685 1020 3749 Otavianus
1044 3686 1190 3750 Bononia
1214 3686 1355 3768 Electus,
1373 3687 1485 3750 volens
1510 3687 1616 3750 omnia
1641 3687 1885 3773 suprascripta,
1903 3693 2059 3771 quantum
2080 3685 2120 3748 ad
2144 3706 2194 3748 me
2211 3691 2336 3770 spectat
2352 3683 2481 3746 rationo

655 3789 861 3854 bononiensis
884 3792 1030 3856 Ecclesia
1054 3800 1087 3857 at
1109 3793 1324 3879 Episcopatus
1347 3793 1553 3858 bononiensis
1577 3801 1609 3858 at
1632 3793 1860 3858 iurisdictionis
1884 3793 1962 3856 mihi
1986 3792 2205 3878 competentis,
2225 3791 2332 3854 valere
2353 3797 2385 3853 et
2408 3789 2481 3875 ple-

655 3919 733 3960 num
758 3897 855 3961 robur
879 3900 1015 3964 ottinera
1039 3901 1072 3963 in
1097 3901 1244 3964 omuibus
1269 3923 1460 3965 consensum
1485 3903 1654 3988 prestitum
1675 3923 1732 3986 per
1749 3901 1911 3964 dominum
1929 3901 2121 3986 magistrum
2138 3897 2357 3984 Syuigardum
2373 3898 2482 3960 archi·

655 4004 870 4089 presbiterum
893 4007 1123 4071 bononiensem
1149 4030 1218 4072 meo
1244 3999 1382 4091 nominc,
1399 4017 1431 4072 et
1455 4009 1661 4073 bononiensis
1683 4008 1830 4072 Ecclesia
1854 4015 1886 4072 et
1909 4007 2123 4093 Episcopatus
2146 4006 2303 4087 Bononio,
2320 4013 2352 4068 et
2369 4005 2481 4068 omnia

656 4133 718 4197 que
735 4112 811 4176 lacit
828 4113 859 4176 iu
876 4115 1068 4200 supradictis
1085 4123 1117 4180 ct
1134 4116 1330 4201 quibuslibet
1347 4116 1604 4203 supradictorum
1622 4117 1776 4202 approbo,
1793 4122 1825 4179 et
1842 4123 1913 4179 rata
1929 4123 1961 4178 et
1977 4115 2069 4178 firma
2085 4114 2200 4196 habeo,
2217 4120 2249 4177 et
2266 4113 2311 4176 ais
2329 4112 2481 4176 omnibus

655 4221 787 4306 propria
811 4241 908 4284 nrauu
933 4222 1109 4286 subscribo.

1543 4543 1583 4606 V.

1334 4759 1434 4841 1262,
1460 4757 1503 4819 30
1525 4759 1606 4820 iunii
1629 4764 1654 4820 ct
1679 4757 1699 4820 9
1722 4757 1802 4820 iulii.

843 4974 895 5036 Ex
920 4973 1051 5036 archivo
1076 4973 1212 5059 Metrop.
1238 4972 1382 5054 Bonan,
1408 4994 1491 5036 nunc
1517 4972 1548 5034 in
1572 4972 1652 5035 Tab.
1678 4972 1766 5036 Max.
1792 4973 1884 5055 bon,
1909 4980 1986 5036 saot.
2009 4997 2023 5028 s
2049 4973 2233 5037 Denraar'alo
2257 4997 2287 5054 ν,

1393 5102 1479 5144 num.
1505 5061 1563 5173 3²⁰³„
1589 5079 1658 5143 doc.
1684 5083 1736 5143 28.

745 5293 784 5356 In
808 5294 937 5357 nomine
961 5294 1103 5376 Domini,
1129 5315 1232 5357 amen.
1258 5295 1354 5357 Auno
1379 5294 1524 5377 ejusdem
1549 5293 1720 5357 millesimo
1745 5293 1963 5357 ducentesimo
1988 5293 2191 5378 sexagesimo
2216 5291 2371 5372 secundo,
2396 5292 2485 5356 indi·

657 5401 761 5464 ctione
787 5401 909 5485 quinta,
927 5401 978 5464 die
1003 5401 1116 5464 ultimo
1138 5402 1231 5485 junii,
1249 5409 1392 5486 tempore
1417 5401 1537 5464 domiui
1560 5400 1685 5463 Urbani
1701 5423 1784 5486 pape
1806 5401 1922 5486 quarti.
1940 5399 2021 5464 Cum
2037 5401 2076 5462 lis
2093 5407 2126 5464 et
2142 5401 2266 5484 questio
2283 5398 2485 5482 verterc[tur

656 5507 743 5590 etlsit
767 5509 818 5572 val
843 5510 925 5572 verti
949 5516 1058 5594 posset
1081 5510 1165 5572 iuter
1189 5509 1353 5572 domiuum
1376 5509 1567 5592 magistrum
1592 5508 1798 5592 Sinigardum
1823 5507 2137 5594 archipresbiterum,
2162 5515 2194 5571 et
2215 5508 2397 5594 Capitulum
2419 5509 2485 5574 bo-

654 5617 818 5680 noniensis
842 5616 986 5680 Ecclesia
1011 5616 1139 5679 nomine
1164 5616 1240 5679 dieti
1265 5616 1406 5700 Capituli
1431 5637 1472 5678 ex
1495 5625 1587 5702 parta
1611 5637 1695 5698 una,
1719 5623 1752 5679 at
1774 5615 1922 5678 Priorem
1946 5623 1978 5679 at
2003 5615 2205 5679 Conventum
2229 5616 2332 5678 saneti
2359 5616 2486 5680 Jacobi

656 5723 695 5786 de
721 5721 855 5806 Sa[viua
880 5723 1023 5805 Or]diuis
1047 5723 1278 5786 heremitarum
1305 5724 1434 5788 nomine
1458 5723 1609 5787 Fratrum
1633 5731 1665 5787 et
1689 5723 1873 5787 Conventus
1893 5723 2046 5786 Fratrum
2061 5723 2266 5786 bononiensis
2283 5723 2418 5808 predicti
2437 5745 2487 5788 ex

655 5831 758 5894 altera
782 5853 880 5917 super
901 5832 974 5915 jure
998 5831 1195 5916 parochiali,
1220 5837 1252 5894 et
1282 5832 1487 5916 parochianis
1519 5831 1727 5895 ecclesiarum
1759 5839 1868 5895 saneta
1893 5830 1995 5894 Maria
2018 5829 2213 5915 Magdaleue
2237 5837 2268 5894 ct
2292 5837 2488 5894 sanctorum

654 5938 764 6023 Egidii
792 5946 824 6002 et
847 5938 1010 6023 Leonardj
1036 5937 1255 6020 [bononiensis
1279 5937 1426 6020 diocesis]
1459 5939 1500 6001 ad
1531 5939 1652 6002 dictum
1683 5939 1879 6002 bononiense
1904 5937 2089 6024 Capitulum
2120 5937 2349 6022 pertinentium
2379 5939 2487 6022 pleno

653 6046 723 6109 iure
747 6054 778 6110 at
803 6069 900 6132 super
923 6047 1026 6132 pactis
1050 6053 1082 6110 at
1106 6045 1379 6109 moderationibus
1404 6046 1564 6131 quondam
1589 6067 1685 6132 supar
1709 6045 1860 6131 predictis
1877 6053 1910 6109 et
1933 6045 2017 6108 circa
2038 6044 2183 6130 predicta
2199 6044 2292 6108 factis
2309 6051 2341 6107 et
2357 6045 2488 6111 habitis

653 6162 721 6219 tam
745 6175 802 6239 pro
827 6154 989 6238 preteritis
1014 6153 1231 6239 temporibus,
1254 6174 1351 6238 quam
1375 6152 1473 6214 etiam
1496 6173 1554 6237 pro
1578 6151 1707 6234 futu[ris
1731 6151 1888 6234 vollentes
1912 6151 2055 6236 predicte
2087 6158 2195 6236 partes
2220 6173 2316 6236 super
2340 6151 2377 6214 iis
2401 6173 2488 6236 par-

653 6284 725 6327 aare
750 6263 915 6326 laboribus
939 6271 971 6327 et
995 6263 1156 6349 expensis,
1182 6253 1222 6325 a'd
1247 6262 1345 6326 talam
1370 6263 1574 6326 concordiam
1597 6262 1815 6343 devenerunt,
1839 6262 2006 6343 videlicet,
2032 6261 2117 6346 quod
2140 6260 2288 6325 domiuus
2312 6260 2489 6326 Bolnisius

654 6370 817 6456 quondam
840 6371 1006 6455 Accurrii,
1039 6371 1201 6453 notarius,
1227 6370 1367 6434 sindicus
1400 6377 1432 6433 at
1462 6376 1651 6455 procurator
1683 6368 1982 6455 Arclhi]presbiteri
2012 6375 2044 6432 ct
2075 6368 2216 6454 Capituli
2251 6367 2489 6452 bononiensis,

653 6478 777 6542 habeus
801 6478 842 6542 ad
867 6477 1190 6564 compromittentium
1214 6499 1311 6563 super
1334 6478 1395 6541 hiis
1420 6477 1555 6563 spetiala
1579 6476 1777 6558 mandatum,
1799 6477 1927 6540 nornine
1952 6476 2028 6540 dicti
2053 6475 2195 6561 Capituli
2219 6496 2259 6538 ex
2283 6481 2375 6560 parte
2399 6497 2488 6561 una,
