5490 7750
546 611 619 682 108
1335 630 1580 681 Mouunmrvsn

631 784 714 850 Item
738 785 887 850 dominus
911 785 1063 850 Thadeus
1087 785 1301 870 supradictus,
1327 785 1381 870 qui
1403 807 1436 849 se
1460 785 1590 871 publice
1614 784 1692 849 dicit
1714 785 1983 850 Conservatorem
2007 791 2201 871 perpetuum
2225 785 2367 850 civitatis

544 891 749 956 bononiensis
773 892 927 978 predicte,
945 893 1027 956 dixit
1052 899 1083 956 et
1108 891 1274 977 respoudit
1297 913 1460 977 expresse,
1485 893 1613 956 nomine
1638 914 1696 956 suo
1713 899 1744 957 et
1761 892 1859 956 totius
1876 891 2061 956 Communis
2082 898 2113 956 et
2129 892 2240 979 populi
2254 913 2367 978 supra·

544 999 631 1082 dicti,
656 1008 728 1087 post
752 999 870 1064 multos
894 1021 1058 1064 sermones
1083 1020 1180 1086 super
1204 999 1389 1063 narratione
1414 998 1571 1063 dictorum
1596 1000 1810 1086 capitulorum
1831 1001 1863 1063 in
1887 999 1980 1063 dietis
2009 999 2111 1064 literis
2134 1007 2366 1083 contentorum,

542 1106 646 1171 factos
669 1129 727 1193 per
751 1128 839 1188 eum,
866 1107 951 1192 quod
974 1107 1055 1171 nihil
1080 1107 1209 1170 omniuo
1234 1105 1446 1188 ratificareut,
1472 1108 1689 1193 approbarent
1714 1129 1770 1170 seu
1794 1107 2008 1192 complerent,
2033 1129 2091 1172 nec
2115 1107 2285 1188 ratificare,
2310 1129 2366 1192 ap·

544 1215 681 1300 probare
712 1235 768 1278 seu
797 1215 958 1300 complere
982 1214 1114 1278 volebat
1137 1213 1176 1277 dc
1201 1215 1360 1277 contentis
1385 1214 1418 1276 in
1442 1214 1544 1277 literis
1568 1215 1778 1300 supradictis,
1803 1215 1865 1278 nisi
1888 1215 1977 1300 prius
2001 1214 2163 1301 capitula,
2188 1214 2366 1300 dequibus

543 1343 642 1408 supra
665 1321 700 1385 fit
724 1322 854 1402 mentio,
879 1328 911 1385 et
936 1322 1045 1407 aliqua
1068 1320 1147 1402 alia,
1172 1342 1234 1406 que
1258 1343 1317 1406 pro
1342 1328 1486 1407 tempore
1511 1321 1595 1385 dicto
1619 1321 1748 1386 domino
1772 1328 1881 1386 nostro
1905 1343 1989 1408 pape
2013 1329 2235 1408 expressarct,
2259 1328 2366 1386 essent

542 1434 703 1508 correcte,
729 1433 880 1512 reparata
913 1433 945 1490 et
975 1427 1174 1508 modificata,
1202 1427 1331 1491 omuino
1364 1427 1486 1490 addens
1515 1433 1547 1490 et
1580 1427 1761 1512 adjungens
1790 1429 1991 1514 responsioni
2014 1449 2071 1491 suc
2094 1428 2256 1514 predicte,
2281 1427 2366 1512 quod

542 1534 737 1616 sindicatus,
762 1555 818 1598 seu
842 1534 1100 1620 procuratorium
1123 1534 1243 1598 factum
1269 1534 1302 1597 in
1325 1556 1498 1620 personam
1520 1534 1662 1598 Rolandi
1691 1535 1731 1598 de
1762 1534 1941 1618 Fantucijs,
1966 1535 2044 1599 civis
2069 1535 2285 1618 bononiensis,
2309 1556 2366 1622 per

543 1641 730 1722 Commune,
755 1643 1009 1724 universitatem,
1034 1663 1091 1706 seu
1115 1641 1297 1727 singulares
1321 1663 1476 1727 personas
1501 1642 1641 1705 civitatis
1665 1640 1820 1726 ejusdem,
1839 1643 1920 1706 nihil
1939 1643 2068 1706 omnino
2092 1643 2233 1724 valebat,
2250 1664 2309 1706 nee
2332 1643 2364 1705 in

544 1749 653 1834 aliquo
678 1749 809 1813 tenebat
833 1750 885 1813 vel
908 1749 1050 1813 habehat
1073 1749 1198 1812 roboris
1222 1748 1407 1813 firmitatem
1430 1771 1488 1835 pro
1512 1770 1561 1832 co,
1586 1748 1735 1813 videlicet
1759 1771 1801 1812 cx
1824 1771 1872 1832 eo,
1898 1749 1983 1835 quod
2007 1749 2092 1813 dieta
2120 1750 2244 1831 civitas,
2267 1749 2364 1814 comi·

542 1861 630 1919 tatus
654 1863 686 1919 et
710 1856 874 1921 districtus
897 1857 1016 1942 privati
1039 1857 1168 1920 fuerant
1190 1877 1248 1942 per
1271 1856 1393 1919 dictum
1417 1857 1582 1920 dominum
1606 1864 1751 1920 nostrum
1774 1856 1910 1943 Papam,
1928 1857 2157 1921 communitate
2182 1865 2213 1921 et
2236 1858 2365 1920 univer·

542 1963 639 2027 sitate
662 1970 806 2049 tempore
831 1963 1040 2028 confectionis
1071 1963 1247 2027 sindicatus
1279 1985 1336 2026 seu
1368 1964 1581 2050 procuratorij
1614 1965 1804 2050 supradicti,
1830 1971 1862 2028 et
1892 1965 2061 2049 requisivit
2091 1986 2165 2029 cum
2193 1965 2364 2047 instantia,

543 2070 629 2155 quod
653 2070 756 2134 dictus
781 2071 930 2135 dominus
954 2072 1097 2135 notarius
1122 2070 1241 2134 rediret
1264 2077 1296 2134 et
1320 2077 1536 2135 reverteretur
1560 2072 1600 2135 ad
1624 2072 1743 2136 dietam
1773 2055 1939 2137 romanam
1963 2072 2112 2154 Curiam,
2137 2079 2169 2135 et
2201 2072 2367 2136 dominum

540 2184 686 2242 nostrum
710 2200 870 2242 summurn
893 2179 1083 2242 Pontificem
1114 2200 1171 2264 pro
1199 2178 1436 2260 moderatione,
1462 2179 1659 2242 correctione
1692 2187 1724 2242 et
1756 2178 1991 2242 modificatione
2021 2179 2236 2264 capitulorum
2259 2178 2365 2265 predi·

541 2292 677 2350 ctorum.

629 2393 672 2456 Et
695 2399 771 2456 tunc
796 2415 907 2457 omnes
930 2393 970 2457 de
994 2393 1080 2456 dicto
1104 2394 1223 2479 populo
1249 2393 1293 2456 ibi
1317 2401 1471 2475 astantes,
1489 2401 1524 2457 ut
1547 2394 1652 2479 prime
1676 2393 1758 2458 facie
1781 2401 1910 2480 poterat
1926 2415 2094 2480 apparere,
2113 2394 2215 2458 dictas
2232 2415 2364 2480 respon·

541 2501 648 2564 siones
672 2500 813 2564 omnium
838 2501 1055 2586 predictorum
1071 2507 1104 2564 et
1127 2500 1275 2582 aliorum,
1301 2501 1355 2586 qui
1384 2501 1514 2564 fuerunt
1538 2501 1569 2563 iu
1594 2501 1679 2564 dieto
1704 2501 1845 2566 Consilio
1870 2523 1925 2565 scu
1951 2501 2079 2587 populo,
2105 2501 2204 2566 locuti
2227 2501 2267 2566 de
2291 2523 2364 2588 pre·

540 2608 644 2690 dictis,
669 2614 701 2671 et
725 2608 818 2692 quasi
841 2608 1040 2693 persimilis
1064 2608 1174 2690 verba,
1200 2615 1287 2671 ratas
1312 2615 1343 2671 et
1367 2615 1477 2692 gratas
1501 2608 1668 2690 habentes,
1686 2616 1721 2672 ut
1745 2609 1848 2694 prima
1871 2608 1953 2672 facie
1977 2610 2009 2672 in
2034 2629 2146 2673 corum
2170 2609 2364 2673 clamoribus

539 2715 744 2796 videbantur,
764 2715 985 2800 approbarunt
1008 2721 1039 2778 ct
1063 2716 1314 2779 ratificaverunt.
1340 2715 1382 2778 Et
1406 2714 1613 2779 nihilominus
1638 2716 1876 2801 requisiverunt
1892 2716 2056 2780 dominum
2073 2717 2234 2780 notarium
2251 2737 2363 2801 supra-

541 2822 660 2886 dictum
692 2830 723 2886 et
747 2823 912 2904 nuntium,
937 2831 973 2886 ut
1005 2844 1062 2908 pro
1088 2823 1324 2901 moderatione,
1349 2823 1545 2886 correctione
1570 2829 1601 2886 et
1630 2823 1865 2886 modificatione
1902 2823 2116 2908 capitulorum
2147 2824 2364 2908 predictorum

540 2929 734 3014 quamcitius
757 2937 867 3014 posset
883 2929 924 2992 ad
942 2929 1072 2993 Curiam
1092 2950 1257 2992 romanam
1273 2928 1428 3012 redireltl.
1447 2929 1496 2992 De
1514 2930 1630 3014 quibus
1647 2931 1795 2993 omnibus
1812 2936 1844 2993 et
1860 2930 1996 3014 singulis
2013 2931 2185 3016 requisitis,
2203 2931 2363 3016 responsis

540 3044 572 3100 et
596 3036 725 3118 habitis,
744 3044 778 3099 ut
802 3036 1045 3122 supradictum
1069 3043 1127 3118 est,
1145 3036 1289 3121 prelatus
1314 3037 1462 3100 dominus
1486 3038 1630 3100 notarius
1656 3038 1786 3100 nuntius
1807 3037 1973 3101 mandavit
1989 3045 2021 3100 et
2041 3037 2209 3122 requisivit
2232 3059 2290 3122 per
2313 3058 2363 3100 me

540 3144 762 3230 supradictum
785 3145 956 3225 notarium,
974 3165 1032 3207 nec
1057 3165 1121 3208 non
1146 3144 1337 3228 magistrum
1362 3145 1526 3208 Simonem
1550 3145 1682 3230 Aprilis,
1707 3147 1804 3208 etiam
1830 3145 1991 3208 notarium
2013 3145 2177 3230 publicum
2193 3152 2225 3209 et
2241 3144 2363 3208 scribas

539 3273 625 3334 suos,
650 3273 751 3315 unum
774 3251 825 3314 vel
849 3252 943 3337 plura
967 3252 1037 3314 fieri
1060 3252 1239 3316 consimilia
1264 3251 1393 3337 publiea
1417 3253 1642 3333 instrumenta,
1660 3253 1773 3338 suique
1797 3252 1896 3337 sigilli
1920 3252 2095 3316 munimine
2118 3252 2274 3334 roborari,
2290 3273 2363 3338 pre·

540 3359 684 3422 sentibus
716 3359 956 3422 venerabilibus
988 3381 1025 3422 ac
1057 3359 1218 3423 nobilibus
1242 3359 1320 3422 viris
1346 3359 1494 3444 Guigonc
1519 3359 1559 3423 de
1585 3359 1710 3423 Godeto
1737 3359 1902 3424 licentiato
1931 3360 1964 3423 in
1987 3358 2113 3444 legibus
2142 3381 2178 3423 ac
2210 3359 2364 3423 canonico

540 3467 725 3549 vivariensi,
742 3467 866 3532 Jacebo
892 3467 1118 3548 Cambalortis,
1143 3474 1267 3531 rectore
1292 3467 1426 3531 ecclesie
1450 3467 1570 3531 ltleutis
1594 3467 1764 3547 Allienuti,
1790 3467 1960 3531 Trecensis
1984 3466 2129 3550 diocesis,
2154 3474 2186 3531 et
2207 3466 2362 3531 Marcello

541 3574 702 3659 Neyronis
726 3574 905 3660 presbitero
930 3575 1148 3638 avinionensis
1172 3574 1318 3656 diocesis,
1344 3575 1479 3638 testibus
1503 3575 1545 3638 ad
1568 3574 1725 3660 premissa
1748 3575 1870 3638 vocatis
1895 3575 2078 3661 specialiter
2101 3581 2133 3638 et
2155 3574 2287 3659 rogatis.

630 3681 685 3765 [L.
703 3682 725 3760 †
744 3681 790 3764 S.]
813 3681 856 3744 Et
880 3703 940 3766 ego
965 3680 1152 3745 Grimaldus
1177 3682 1339 3768 quondam
1363 3681 1491 3746 Nicolai
1515 3681 1554 3745 de
1577 3683 1792 3764 Pontecurvo,
1809 3683 1957 3767 publicus
1977 3682 2155 3768 apostolica
2172 3681 2362 3744 auctoritate

541 3788 696 3868 noterius,
714 3789 862 3852 omnibus
887 3795 918 3852 et
943 3789 1079 3874 siugulis
1096 3787 1289 3874 supradictis
1305 3810 1370 3852 una
1387 3811 1459 3852 cum
1476 3788 1569 3852 dictis
1586 3789 1715 3852 domino
1730 3789 1843 3852 nuntio
1860 3795 1893 3852 et
1908 3789 2055 3871 testibus,
2072 3809 2204 3874 presens
2220 3787 2362 3869 interfui,

540 3917 643 3980 eaque
667 3896 707 3960 de
732 3895 884 3960 mandato
908 3897 1067 3982 presentis
1098 3896 1219 3960 domini
1244 3896 1348 3979 nuntij
1373 3897 1406 3958 in
1430 3897 1513 3959 hanc
1538 3895 1700 3981 publicam
1725 3896 1862 3960 sormam
1885 3896 1996 3981 redegi
2019 3903 2051 3960 et
2074 3895 2202 3981 scripsi,
2227 3916 2361 3981 meoque

540 4003 634 4088 siguo
658 4010 811 4068 consueto
836 4003 974 4088 signavi,
1000 4012 1142 4088 rogatus

1403 4324 1506 4388 LXV.

1292 4539 1390 4620 1339,
1415 4541 1458 4602 27
1480 4541 1615 4624 carpereti.

813 4754 865 4818 Ex
890 4755 1002 4817 eodem
1027 4762 1113 4818 tomo
1141 4753 1258 4818 Codicis
1282 4754 1406 4838 diplom.
1432 4752 1557 4835 lucrosa,
1583 4774 1668 4815 uum.
1693 4751 1900 4834 LXXXIV„
1926 4773 1952 4815 c.
1980 4754 2042 4814 155
2067 4774 2091 4815 r.

627 4970 824 5033 Benedictus
848 4969 1033 5054 episcopus,
1059 4989 1171 5030 servus
1195 4989 1362 5031 servorum
1385 4965 1465 5047 Dei,
1490 4965 1729 5029 venerabilibus
1752 4964 1906 5028 fratribus
1931 4963 2132 5049 aquilegensi
2155 4971 2187 5028 et
2211 4964 2361 5049 gradensi

538 5077 749 5160 Patriarchis,
774 5097 950 5161 corumque
976 5075 1201 5160 suffraganeis,
1226 5076 1365 5138 salutem
1389 5081 1421 5137 et
1444 5073 1655 5158 apostolicam
1678 5071 1943 5136 benedictionem.

630 5185 724 5270 Cogit
749 5207 807 5248 nos
829 5185 954 5268 justitie
979 5183 1134 5264 debitum,
1152 5191 1184 5246 et
1206 5182 1351 5267 nequitia
1374 5181 1549 5268 plurimum
1572 5179 1762 5243 detestanda
1785 5179 1947 5260 sollicitat,
1964 5184 1999 5242 ut
2023 5178 2179 5242 adversus
2199 5199 2265 5260 eos,
2283 5199 2363 5263 quos

541 5293 716 5377 apostolice
742 5291 834 5356 Sedis
859 5291 1043 5376 benignitas
1067 5289 1225 5353 alienatos
1250 5289 1291 5352 ab
1316 5291 1387 5373 ejus
1412 5288 1564 5352 uberibus
1588 5287 1746 5350 redituros
1770 5286 1812 5349 ad
1842 5287 1912 5370 ejus
1945 5286 2085 5371 gratiam
2113 5285 2232 5348 diutius
2265 5306 2362 5370 expe·

539 5400 658 5481 ctavit,
684 5399 859 5463 secundum
884 5398 1036 5461 duritiam
1061 5404 1170 5461 autom
1194 5418 1286 5460 suam
1310 5404 1342 5459 et
1367 5396 1558 5482 impenitens
1583 5417 1637 5458 cor
1660 5375 1915 5458 thesaurizantes
1938 5392 2000 5456 sibi
2024 5393 2105 5456 iram
2129 5392 2161 5455 in
2186 5392 2236 5456 die
2260 5391 2307 5455 ire
2331 5399 2363 5455 et

540 5506 747 5570 revelationis
774 5506 854 5590 justi
875 5505 990 5588 judicij
1022 5525 1191 5569 censuram
1221 5525 1355 5568 exerere
1388 5502 1564 5589 apostolice
1597 5501 1775 5587 discipline.
1801 5500 1955 5574 Quamvis
1988 5499 2146 5585 siquidem
2177 5499 2298 5562 dudum
2329 5499 2362 5562 in

538 5613 614 5698 alijs
638 5613 841 5699 processibus
865 5634 924 5698 per
949 5632 1005 5676 nos
1029 5611 1147 5675 habitis
1172 5617 1296 5675 atroces
1325 5632 1477 5675 excessus
1509 5610 1663 5673 adversus
1696 5608 1802 5672 Deum
1831 5614 1863 5670 et
1896 5628 2064 5671 romanam
2094 5606 2275 5671 Ecclesiam
2305 5627 2363 5692 per

539 5720 694 5807 populum
718 5728 750 5784 et
775 5719 1039 5784 communitatem
1063 5719 1203 5782 civitatis
1226 5718 1452 5798 bononiensis,
1478 5718 1505 5781 si
1528 5717 1643 5781 civitas
1666 5716 1783 5779 debeat
1813 5715 2012 5800 nuncupari,
2037 5713 2233 5799 adplenum
2253 5715 2307 5797 jus
2332 5719 2364 5776 et

540 5829 771 5914 proprietatem
795 5827 940 5911 ejusdem
965 5848 1097 5890 romane
1121 5825 1267 5891 Ecclesia
1291 5825 1481 5911 pertinentis
1505 5825 1666 5909 flagitiosa
1690 5822 1824 5886 audacia
1841 5822 1874 5884 in
1890 5843 2028 5908 persona
2043 5820 2238 5885 venerabilis
2255 5821 2363 5883 fratris

538 5936 640 6000 nostri
662 5935 847 6017 Bertrandi,
865 5935 1007 6020 episcopi
1032 5933 1190 6015 ostiensis,
1208 5938 1284 5996 tuuc
1308 5933 1340 5995 in
1365 5933 1510 6018 partibus
1535 5933 1598 5995 illis
1622 5929 1797 6016 apostolice
1823 5929 1914 5994 Sedis
1931 5928 2049 6012 Legati
2066 5927 2240 6014 prophanis
2256 5934 2289 5991 et
2310 5927 2363 5990 de-

539 6044 744 6108 testabilibus
768 6043 901 6106 ausibus
925 6049 1145 6128 perpetratos,
1170 6063 1209 6104 ne
1235 6041 1362 6104 celestis
1386 6041 1472 6126 regis
1496 6039 1742 6121 contumeliam,
1767 6038 1821 6122 qui
1845 6038 1911 6100 suis
1934 6037 2122 6119 honoratur,
2146 6043 2179 6099 et
2203 6035 2364 6121 spernitur

537 6151 571 6215 in
595 6152 749 6216 ministris
774 6158 806 6214 et
830 6149 977 6234 ejusdem
1007 6148 1163 6230 Ecclesia,
1188 6169 1305 6235 sponse
1331 6169 1398 6230 sue,
1423 6146 1670 6212 dissimulationi
1700 6146 1898 6231 relinquere,
1923 6165 1961 6208 sc
1992 6143 2166 6207 christiane
2198 6141 2364 6228 religionis

539 6260 735 6346 obroprium,
757 6259 834 6322 dum
859 6257 978 6322 Christi
1003 6256 1135 6321 Domini
1159 6256 1323 6338 sublimes,
1348 6255 1498 6319 videlicet
1521 6254 1666 6319 Ecclesia
1690 6253 1815 6340 prefate
1838 6252 1996 6333 columne,
2019 6251 2135 6313 fratres
2153 6249 2254 6314 nostri
2269 6270 2365 6313 vene·

538 6367 667 6449 nabiles,
685 6366 832 6452 ejusdem
855 6371 967 6428 sancte
990 6385 1123 6429 romane
1146 6363 1293 6428 Ecclesie
1318 6362 1518 6444 Cardinales,
1540 6383 1619 6447 quos
1643 6360 1685 6424 ad
1708 6361 1956 6424 christianorum
1977 6357 2119 6422 omnium
2142 6357 2271 6422 salubre
2289 6378 2363 6421 aon·

537 6473 645 6538 silium
668 6473 847 6560 apostolica
872 6471 973 6537 Sedes
998 6471 1145 6553 assumit,
1163 6469 1338 6535 crudeliter
1363 6469 1570 6555 impetuntur,
1588 6467 1665 6532 dare
1689 6466 1886 6552 negligentia
1909 6465 2102 6548 videremur,
2119 6485 2183 6529 nou
2199 6471 2364 6549 tamquam
