5544 7750
1055 665 1138 715 rua.
1169 665 1241 715 erv.
1271 665 1319 714 nr
1348 665 1432 715 can.
1462 665 1570 715 eaor.
2146 644 2218 716 361

406 841 560 914 suaeque
589 819 726 916 patriae
755 818 922 916 prodesse
951 845 1145 917 numquam
1173 820 1309 894 destitit
1337 821 1633 918 quemadmodum
1653 821 1806 894 exactis
1830 821 1960 894 nostris
1985 820 2133 918 publicis
2153 821 2224 894 col-

405 940 467 1037 ligi
496 951 623 1040 potest.
645 943 713 1016 Sed
743 943 828 1017 iuris
848 944 977 1040 studia,
999 945 1106 1018 etiam
1125 945 1361 1041 longoveluti
1379 945 1567 1018 intervallo
1587 946 1801 1042 intermissa,
1822 971 2007 1020 revocasse
2027 946 2224 1043 putandum

406 1077 471 1141 est.
502 1067 591 1141 Cum
621 1069 714 1141 enim
743 1070 867 1142 eadem
899 1094 1115 1167 magnopere
1151 1070 1300 1143 florente
1340 1079 1457 1144 aetate
1496 1070 1709 1144 excoluisset
1738 1080 1773 1144 et
1800 1097 1871 1144 non
1901 1072 2113 1144 mediocrem
2141 1071 2223 1144 inde

406 1193 554 1288 gloriam
584 1194 651 1265 sibi
679 1202 931 1290 comparasset,
953 1195 1109 1267 dubitari
1137 1219 1221 1268 sane
1252 1218 1323 1268 non
1342 1202 1460 1291 potest
1479 1195 1563 1291 quin
1583 1195 1737 1292 aliquem
1757 1194 1883 1269 saltem
1901 1196 2010 1268 animi
2029 1197 2224 1292 requietem

404 1327 541 1413 nactus,
562 1317 715 1392 libenter
733 1328 769 1391 et
789 1344 917 1414 magna
936 1320 1046 1392 animi
1065 1320 1294 1392 consensione
1323 1319 1359 1391 in
1387 1344 1430 1392 ea
1456 1344 1493 1392 se
1517 1319 1644 1392 iterum
1664 1320 1851 1393 abdiderit.
1872 1320 2085 1393 Huiusmodi
2105 1331 2224 1394 autem

404 1445 610 1540 graviorum
645 1444 869 1539 negotiorum
903 1445 1089 1517 vacatione
1126 1469 1210 1518 usus
1245 1453 1298 1516 est
1334 1469 1446 1542 usque
1475 1446 1519 1518 ad
1548 1469 1680 1517 annum
1708 1444 2007 1541 Moocxvffl„
2037 1471 2106 1542 quo
2141 1469 2226 1519 sane

404 1594 534 1642 novam
562 1569 657 1665 apud
685 1569 895 1642 Pontificem
930 1568 1144 1664 legationem
1178 1569 1275 1642 obire
1313 1569 1428 1666 ipsum
1462 1570 1631 1668 oportuit.
1661 1570 1715 1643 De
1744 1569 1810 1642 hac
1840 1571 1981 1666 quidem
2011 1578 2151 1644 constat
2179 1596 2224 1643 ex

404 1695 493 1767 actis
527 1693 676 1791 publicis
710 1693 866 1766 eiusdem
901 1695 1005 1790 auni;
1039 1695 1100 1766 sed
1134 1694 1217 1791 quid
1249 1718 1376 1768 revera
1409 1695 1543 1790 negotii
1571 1695 1638 1792 ipsi
1666 1695 1811 1791 eiusque
1841 1695 1944 1768 sociis
1973 1696 2226 1769 demandatum

404 1819 513 1892 luerit
542 1843 586 1891 er
615 1819 739 1892 iisdem
768 1819 911 1892 minime
940 1828 1102 1917 apparet.

510 1945 656 2017 Maioris
684 1969 768 2018 sane
798 1943 967 2018 momenti
994 1943 1208 2037 legationem
1237 1945 1283 2018 ad
1311 1945 1536 2018 Florentiuos
1565 1954 1601 2018 et
1629 1945 1804 2018 Senenses
1833 1946 1989 2042 suscepit
2016 1944 2223 2019 Bonilacius

403 2093 496 2142 anno
525 2067 746 2141 MCCCXX.
777 2067 976 2141 Bononiam
1004 2076 1153 2140 venerat
1179 2068 1391 2142 Franciscus
1410 2069 1619 2167 Ramponus
1639 2070 1836 2142 cenetensis
1855 2069 2053 2167 Episcopus
2078 2068 2222 2165 electus,

403 2196 463 2290 qui
495 2195 679 2269 Pontificis
717 2196 857 2267 nomine
887 2195 939 2288 (is
967 2202 1044 2267 erat
1072 2195 1230 2267 Joannes
1259 2195 1403 2288 XXII.)
1432 2209 1648 2292 magnopere
1682 2195 1784 2291 petiit
1820 2194 2152 2268 aBononiensibus
2185 2204 2225 2267 ut

403 2321 634 2417 profligandis
663 2321 804 2419 penitus
834 2320 978 2392 tandem
1008 2318 1220 2392 Ghibellinis
1250 2322 1345 2394 omni
1373 2329 1503 2393 conatu
1523 2321 1779 2415 incumberent,
1801 2321 1896 2416 quod
1914 2319 2009 2393 haud
2030 2344 2113 2414 egre
2134 2320 2225 2394 obti-

403 2471 487 2519 nere
517 2453 681 2545 poterent
710 2446 738 2518 si
767 2446 880 2518 socios
909 2469 955 2517 ex
984 2445 1184 2542 praecipuis
1213 2443 1339 2518 Italiae
1367 2445 1515 2518 urbibus
1552 2445 1800 2518 adsciscendos
1836 2455 2014 2517 curarent.
2044 2444 2146 2517 Haec
2184 2454 2224 2517 ut

363 2583 372 2596 ’
405 2578 529 2644 notum
558 2579 612 2642 est
642 2594 728 2642 cura
759 2629 767 2643 .
800 2628 807 2642 .
840 2628 847 2642 .
880 2566 955 2642 .(¹l.

484 2907 524 2973 (l)
544 2906 595 2958 Hic
617 2906 727 2956 mutilus
747 2904 895 2958 Factorinii
915 2905 1109 2974 autographus.
