<?xml version="1.0" encoding="UTF-8"?>
<!DOCTYPE html PUBLIC "-//W3C//DTD XHTML 1.0 Transitional//EN"
    "http://www.w3.org/TR/xhtml1/DTD/xhtml1-transitional.dtd">
<html xmlns="http://www.w3.org/1999/xhtml" xml:lang="en" lang="en">
 <head>
  <title>
</title>
<meta http-equiv="Content-Type" content="text/html;charset=utf-8" />
  <meta name='ocr-system' content='tesseract 3.04.00' />
  <meta name='ocr-capabilities' content='ocr_page ocr_carea ocr_par ocr_line ocrx_word'/>
</head>
<body>
  <div class='ocr_page' id='page_1' title='image "./declarisarchigy01albigoog_0120.png"; bbox 0 0 5490 7750; ppageno 0'>
   <div class='ocr_carea' id='block_1_1' title="bbox 567 625 1597 697">
    <p class='ocr_par' dir='ltr' id='par_1_1' title="bbox 567 625 1597 697">
     <span class='ocr_line' id='line_1_1' title="bbox 567 625 1597 697; baseline 0 -1"><span class='ocrx_word' id='word_1_1' title='bbox 567 625 641 696; x_wconf 83' lang='lat'>110</span> <span class='ocrx_word' id='word_1_2' title='bbox 1354 647 1597 697; x_wconf 77' lang='grc'>1101010111</span> 
     </span>
    </p>
   </div>
   <div class='ocr_carea' id='block_1_2' title="bbox 541 797 2378 6576">
    <p class='ocr_par' dir='ltr' id='par_1_2' title="bbox 541 797 2378 6576">
     <span class='ocr_line' id='line_1_2' title="bbox 562 797 2377 886; baseline 0.004 -26"><span class='ocrx_word' id='word_1_3' title='bbox 562 797 595 860; x_wconf 89' lang='grc'>111</span> <span class='ocrx_word' id='word_1_4' title='bbox 619 799 782 863; x_wconf 86' lang='lat' dir='ltr'>civitatem</span> <span class='ocrx_word' id='word_1_5' title='bbox 806 801 965 886; x_wconf 75' lang='lat' dir='ltr'>prefatam</span> <span class='ocrx_word' id='word_1_6' title='bbox 987 822 1139 885; x_wconf 87' lang='lat' dir='ltr'>magnam</span> <span class='ocrx_word' id='word_1_7' title='bbox 1163 800 1399 865; x_wconf 75' lang='lat' dir='ltr'>multitudinem</span> <span class='ocrx_word' id='word_1_8' title='bbox 1424 800 1630 882; x_wconf 90' lang='lat' dir='ltr'>induxerunt,</span> <span class='ocrx_word' id='word_1_9' title='bbox 1648 823 1685 864; x_wconf 88' lang='lat' dir='ltr'>ac</span> <span class='ocrx_word' id='word_1_10' title='bbox 1702 801 1854 864; x_wconf 91' lang='lat' dir='ltr'>dilectum</span> <span class='ocrx_word' id='word_1_11' title='bbox 1871 801 1972 864; x_wconf 90' lang='lat' dir='ltr'>filium</span> <span class='ocrx_word' id='word_1_12' title='bbox 1988 809 2133 866; x_wconf 89' lang='lat' dir='ltr'>nostrum</span> <span class='ocrx_word' id='word_1_13' title='bbox 2149 803 2377 886; x_wconf 86' lang='lat' dir='ltr'>Bertraudnm,</span> 
     </span>
     <span class='ocr_line' id='line_1_3' title="bbox 562 907 2372 996; baseline 0.004 -27"><span class='ocrx_word' id='word_1_14' title='bbox 562 907 648 970; x_wconf 91' lang='lat' dir='ltr'>tituli</span> <span class='ocrx_word' id='word_1_15' title='bbox 664 907 765 970; x_wconf 91' lang='lat' dir='ltr'>sancti</span> <span class='ocrx_word' id='word_1_16' title='bbox 781 907 883 971; x_wconf 81' lang='lat' dir='ltr'>Marci</span> <span class='ocrx_word' id='word_1_17' title='bbox 899 908 1112 994; x_wconf 89' lang='lat' dir='ltr'>presbiterum</span> <span class='ocrx_word' id='word_1_18' title='bbox 1129 908 1344 991; x_wconf 82' lang='lat' dir='ltr'>Cardinalem,</span> <span class='ocrx_word' id='word_1_19' title='bbox 1362 916 1437 972; x_wconf 90' lang='lat' dir='ltr'>tunc</span> <span class='ocrx_word' id='word_1_20' title='bbox 1459 907 1736 993; x_wconf 88' lang='lat' dir='ltr'>archiepiscopum</span> <span class='ocrx_word' id='word_1_21' title='bbox 1759 908 2023 992; x_wconf 79' lang='lat' dir='ltr'>ebredunensem,</span> <span class='ocrx_word' id='word_1_22' title='bbox 2040 922 2072 973; x_wconf 88' lang='lat' dir='ltr'>et</span> <span class='ocrx_word' id='word_1_23' title='bbox 2088 911 2262 996; x_wconf 90' lang='lat' dir='ltr'>apostolice</span> <span class='ocrx_word' id='word_1_24' title='bbox 2280 911 2372 976; x_wconf 83' lang='lat' dir='ltr'>Sedis</span> 
     </span>
     <span class='ocr_line' id='line_1_4' title="bbox 563 1014 2378 1104; baseline 0.003 -28"><span class='ocrx_word' id='word_1_25' title='bbox 563 1014 764 1099; x_wconf 89' lang='lat' dir='ltr'>inpartibus</span> <span class='ocrx_word' id='word_1_26' title='bbox 789 1014 851 1078; x_wconf 88' lang='lat' dir='ltr'>illis</span> <span class='ocrx_word' id='word_1_27' title='bbox 875 1015 1037 1096; x_wconf 89' lang='lat' dir='ltr'>nuncium,</span> <span class='ocrx_word' id='word_1_28' title='bbox 1062 1037 1098 1080; x_wconf 87' lang='lat' dir='ltr'>ac</span> <span class='ocrx_word' id='word_1_29' title='bbox 1123 1016 1323 1080; x_wconf 91' lang='lat' dir='ltr'>venerabiles</span> <span class='ocrx_word' id='word_1_30' title='bbox 1346 1016 1463 1078; x_wconf 90' lang='lat' dir='ltr'>fratres</span> <span class='ocrx_word' id='word_1_31' title='bbox 1487 1022 1612 1078; x_wconf 90' lang='lat' dir='ltr'>nostros</span> <span class='ocrx_word' id='word_1_32' title='bbox 1635 1015 1768 1078; x_wconf 91' lang='lat' dir='ltr'>Petrum</span> <span class='ocrx_word' id='word_1_33' title='bbox 1793 1015 2055 1101; x_wconf 88' lang='lat' dir='ltr'>mirapiscensem</span> <span class='ocrx_word' id='word_1_34' title='bbox 2073 1025 2105 1081; x_wconf 89' lang='grc'>01</span> <span class='ocrx_word' id='word_1_35' title='bbox 2120 1018 2282 1104; x_wconf 91' lang='lat' dir='ltr'>prefatum</span> <span class='ocrx_word' id='word_1_36' title='bbox 2298 1019 2378 1084; x_wconf 90' lang='lat' dir='ltr'>Ber-</span> 
     </span>
     <span class='ocr_line' id='line_1_5' title="bbox 562 1121 2377 1210; baseline 0.003 -26"><span class='ocrx_word' id='word_1_37' title='bbox 562 1121 712 1184; x_wconf 88' lang='lat' dir='ltr'>trandum</span> <span class='ocrx_word' id='word_1_38' title='bbox 735 1127 810 1186; x_wconf 89' lang='lat' dir='ltr'>tunc</span> <span class='ocrx_word' id='word_1_39' title='bbox 833 1123 1063 1186; x_wconf 87' lang='lat' dir='ltr'>bononiensem</span> <span class='ocrx_word' id='word_1_40' title='bbox 1087 1123 1264 1209; x_wconf 86' lang='lat' dir='ltr'>episcopos,</span> <span class='ocrx_word' id='word_1_41' title='bbox 1283 1136 1315 1186; x_wconf 89' lang='lat' dir='ltr'>ct</span> <span class='ocrx_word' id='word_1_42' title='bbox 1332 1122 1494 1209; x_wconf 89' lang='lat' dir='ltr'>quondam</span> <span class='ocrx_word' id='word_1_43' title='bbox 1512 1121 1717 1186; x_wconf 89' lang='lat' dir='ltr'>Bernardum</span> <span class='ocrx_word' id='word_1_44' title='bbox 1732 1124 1999 1207; x_wconf 87' lang='lat' dir='ltr'>nonantulanum,</span> <span class='ocrx_word' id='word_1_45' title='bbox 2017 1125 2207 1188; x_wconf 90' lang='lat' dir='ltr'>mutinensis</span> <span class='ocrx_word' id='word_1_46' title='bbox 2230 1125 2377 1210; x_wconf 90' lang='lat' dir='ltr'>diocesis,</span> 
     </span>
     <span class='ocr_line' id='line_1_6' title="bbox 561 1228 2377 1319; baseline 0.003 -28"><span class='ocrx_word' id='word_1_47' title='bbox 561 1235 593 1291; x_wconf 89' lang='lat' dir='ltr'>ct</span> <span class='ocrx_word' id='word_1_48' title='bbox 616 1228 770 1292; x_wconf 91' lang='lat' dir='ltr'>dilectum</span> <span class='ocrx_word' id='word_1_49' title='bbox 792 1229 892 1293; x_wconf 90' lang='lat' dir='ltr'>filium</span> <span class='ocrx_word' id='word_1_50' title='bbox 916 1231 1019 1294; x_wconf 91' lang='lat' dir='ltr'>sancti</span> <span class='ocrx_word' id='word_1_51' title='bbox 1043 1229 1199 1316; x_wconf 82' lang='lat' dir='ltr'>Stephani</span> <span class='ocrx_word' id='word_1_52' title='bbox 1221 1231 1427 1294; x_wconf 90' lang='lat' dir='ltr'>bononiensis</span> <span class='ocrx_word' id='word_1_53' title='bbox 1457 1230 1726 1292; x_wconf 81' lang='lat' dir='ltr'>monasteriorum</span> <span class='ocrx_word' id='word_1_54' title='bbox 1749 1230 1902 1311; x_wconf 82' lang='lat' dir='ltr'>abbates,</span> <span class='ocrx_word' id='word_1_55' title='bbox 1928 1252 2102 1316; x_wconf 89' lang='lat' dir='ltr'>omnesque</span> <span class='ocrx_word' id='word_1_56' title='bbox 2126 1239 2193 1296; x_wconf 90' lang='lat' dir='ltr'>tam</span> <span class='ocrx_word' id='word_1_57' title='bbox 2217 1234 2377 1319; x_wconf 88' lang='lat' dir='ltr'>prelatos,</span> 
     </span>
     <span class='ocr_line' id='line_1_7' title="bbox 561 1337 2376 1426; baseline 0.004 -28"><span class='ocrx_word' id='word_1_58' title='bbox 561 1357 658 1420; x_wconf 89' lang='lat' dir='ltr'>quam</span> <span class='ocrx_word' id='word_1_59' title='bbox 681 1337 762 1400; x_wconf 90' lang='lat' dir='ltr'>alios</span> <span class='ocrx_word' id='word_1_60' title='bbox 786 1338 918 1402; x_wconf 91' lang='lat' dir='ltr'>clericos</span> <span class='ocrx_word' id='word_1_61' title='bbox 941 1337 1109 1422; x_wconf 88' lang='lat' dir='ltr'>religiosos</span> <span class='ocrx_word' id='word_1_62' title='bbox 1132 1346 1164 1401; x_wconf 93' lang='lat' dir='ltr'>et</span> <span class='ocrx_word' id='word_1_63' title='bbox 1187 1339 1348 1402; x_wconf 86' lang='lat' dir='ltr'>seculares</span> <span class='ocrx_word' id='word_1_64' title='bbox 1371 1359 1409 1402; x_wconf 90' lang='lat' dir='ltr'>ac</span> <span class='ocrx_word' id='word_1_65' title='bbox 1432 1337 1531 1400; x_wconf 89' lang='lat' dir='ltr'>laicos</span> <span class='ocrx_word' id='word_1_66' title='bbox 1556 1337 1722 1400; x_wconf 86' lang='lat' dir='ltr'>universos</span> <span class='ocrx_word' id='word_1_67' title='bbox 1739 1337 1778 1400; x_wconf 94' lang='lat' dir='ltr'>de</span> <span class='ocrx_word' id='word_1_68' title='bbox 1799 1337 1932 1420; x_wconf 89' lang='lat' dir='ltr'>familia,</span> <span class='ocrx_word' id='word_1_69' title='bbox 1951 1344 1982 1401; x_wconf 92' lang='lat' dir='ltr'>et</span> <span class='ocrx_word' id='word_1_70' title='bbox 1999 1347 2112 1423; x_wconf 80' lang='lat' dir='ltr'>gentes</span> <span class='ocrx_word' id='word_1_71' title='bbox 2133 1341 2233 1426; x_wconf 90' lang='lat' dir='ltr'>ipsius</span> <span class='ocrx_word' id='word_1_72' title='bbox 2249 1341 2376 1426; x_wconf 85' lang='lat' dir='ltr'>Legati,</span> 
     </span>
     <span class='ocr_line' id='line_1_8' title="bbox 561 1444 2377 1531; baseline 0.003 -24"><span class='ocrx_word' id='word_1_73' title='bbox 561 1465 620 1508; x_wconf 89' lang='lat' dir='ltr'>nec</span> <span class='ocrx_word' id='word_1_74' title='bbox 644 1467 706 1508; x_wconf 93' lang='lat' dir='ltr'>non</span> <span class='ocrx_word' id='word_1_75' title='bbox 730 1447 955 1531; x_wconf 90' lang='lat' dir='ltr'>stipendiarios</span> <span class='ocrx_word' id='word_1_76' title='bbox 980 1447 1063 1510; x_wconf 89' lang='lat' dir='ltr'>dicte</span> <span class='ocrx_word' id='word_1_77' title='bbox 1087 1453 1196 1510; x_wconf 88' lang='lat' dir='ltr'>sancte</span> <span class='ocrx_word' id='word_1_78' title='bbox 1220 1467 1352 1509; x_wconf 89' lang='lat' dir='ltr'>romano</span> <span class='ocrx_word' id='word_1_79' title='bbox 1375 1444 1520 1508; x_wconf 80' lang='lat' dir='ltr'>Ecclesia</span> <span class='ocrx_word' id='word_1_80' title='bbox 1549 1445 1581 1508; x_wconf 95' lang='lat' dir='ltr'>in</span> <span class='ocrx_word' id='word_1_81' title='bbox 1613 1445 1761 1526; x_wconf 83' lang='lat' dir='ltr'>civitate,</span> <span class='ocrx_word' id='word_1_82' title='bbox 1786 1445 1958 1528; x_wconf 88' lang='lat' dir='ltr'>comitatu,</span> <span class='ocrx_word' id='word_1_83' title='bbox 1982 1446 2143 1511; x_wconf 90' lang='lat' dir='ltr'>territorio</span> <span class='ocrx_word' id='word_1_84' title='bbox 2172 1455 2204 1511; x_wconf 91' lang='lat' dir='ltr'>et</span> <span class='ocrx_word' id='word_1_85' title='bbox 2231 1448 2377 1512; x_wconf 89' lang='lat' dir='ltr'>districtu</span> 
     </span>
     <span class='ocr_line' id='line_1_9' title="bbox 560 1551 2376 1641; baseline 0.002 -26"><span class='ocrx_word' id='word_1_86' title='bbox 560 1551 711 1636; x_wconf 85' lang='lat' dir='ltr'>predictis</span> <span class='ocrx_word' id='word_1_87' title='bbox 732 1554 918 1634; x_wconf 80' lang='lat' dir='ltr'>existentes,</span> <span class='ocrx_word' id='word_1_88' title='bbox 936 1554 1057 1638; x_wconf 86' lang='lat' dir='ltr'>absque</span> <span class='ocrx_word' id='word_1_89' title='bbox 1074 1555 1183 1640; x_wconf 90' lang='lat' dir='ltr'>aliqua</span> <span class='ocrx_word' id='word_1_90' title='bbox 1206 1574 1303 1617; x_wconf 88' lang='lat' dir='ltr'>causa</span> <span class='ocrx_word' id='word_1_91' title='bbox 1327 1552 1521 1634; x_wconf 86' lang='lat' dir='ltr'>rationabili,</span> <span class='ocrx_word' id='word_1_92' title='bbox 1539 1553 1638 1615; x_wconf 91' lang='lat' dir='ltr'>solius</span> <span class='ocrx_word' id='word_1_93' title='bbox 1655 1559 1867 1638; x_wconf 89' lang='lat' dir='ltr'>preconcepte</span> <span class='ocrx_word' id='word_1_94' title='bbox 1891 1553 2081 1639; x_wconf 90' lang='lat' dir='ltr'>proditionis</span> <span class='ocrx_word' id='word_1_95' title='bbox 2106 1555 2256 1641; x_wconf 90' lang='lat' dir='ltr'>impulsu,</span> <span class='ocrx_word' id='word_1_96' title='bbox 2277 1557 2376 1620; x_wconf 88' lang='lat' dir='ltr'>hosti-</span> 
     </span>
     <span class='ocr_line' id='line_1_10' title="bbox 559 1658 2374 1747; baseline 0.003 -26"><span class='ocrx_word' id='word_1_97' title='bbox 559 1658 632 1722; x_wconf 90' lang='lat' dir='ltr'>liter</span> <span class='ocrx_word' id='word_1_98' title='bbox 648 1660 845 1742; x_wconf 88' lang='lat' dir='ltr'>invaserunt,</span> <span class='ocrx_word' id='word_1_99' title='bbox 862 1682 980 1746; x_wconf 91' lang='lat' dir='ltr'>cosque</span> <span class='ocrx_word' id='word_1_100' title='bbox 997 1661 1097 1742; x_wconf 92' lang='lat' dir='ltr'>libris,</span> <span class='ocrx_word' id='word_1_101' title='bbox 1116 1661 1258 1747; x_wconf 90' lang='lat' dir='ltr'>capellis,</span> <span class='ocrx_word' id='word_1_102' title='bbox 1275 1661 1376 1745; x_wconf 91' lang='lat' dir='ltr'>equis,</span> <span class='ocrx_word' id='word_1_103' title='bbox 1393 1659 1479 1722; x_wconf 86' lang='lat' dir='ltr'>vasis</span> <span class='ocrx_word' id='word_1_104' title='bbox 1496 1659 1668 1743; x_wconf 86' lang='lat' dir='ltr'>argenteis,</span> <span class='ocrx_word' id='word_1_105' title='bbox 1685 1659 1839 1740; x_wconf 90' lang='lat' dir='ltr'>vestibus,</span> <span class='ocrx_word' id='word_1_106' title='bbox 1857 1662 1964 1741; x_wconf 89' lang='lat' dir='ltr'>armis,</span> <span class='ocrx_word' id='word_1_107' title='bbox 1982 1662 2118 1746; x_wconf 89' lang='lat' dir='ltr'>pecunia</span> <span class='ocrx_word' id='word_1_108' title='bbox 2135 1670 2167 1725; x_wconf 92' lang='lat' dir='ltr'>et</span> <span class='ocrx_word' id='word_1_109' title='bbox 2189 1663 2262 1746; x_wconf 88' lang='lat' dir='ltr'>alijs</span> <span class='ocrx_word' id='word_1_110' title='bbox 2278 1664 2374 1728; x_wconf 91' lang='lat' dir='ltr'>rebus</span> 
     </span>
     <span class='ocr_line' id='line_1_11' title="bbox 559 1765 2376 1856; baseline 0.002 -26"><span class='ocrx_word' id='word_1_111' title='bbox 559 1789 670 1831; x_wconf 90' lang='grc'>001011</span> <span class='ocrx_word' id='word_1_112' title='bbox 694 1768 842 1854; x_wconf 90' lang='lat' dir='ltr'>nequiter</span> <span class='ocrx_word' id='word_1_113' title='bbox 864 1769 1053 1855; x_wconf 90' lang='lat' dir='ltr'>spoliarunt,</span> <span class='ocrx_word' id='word_1_114' title='bbox 1071 1769 1254 1854; x_wconf 89' lang='lat' dir='ltr'>dictumque</span> <span class='ocrx_word' id='word_1_115' title='bbox 1278 1767 1428 1830; x_wconf 90' lang='lat' dir='ltr'>abbatem</span> <span class='ocrx_word' id='word_1_116' title='bbox 1452 1765 1637 1830; x_wconf 81' lang='lat' dir='ltr'>Nonantule</span> <span class='ocrx_word' id='word_1_117' title='bbox 1661 1787 1762 1851; x_wconf 90' lang='lat' dir='ltr'>usque</span> <span class='ocrx_word' id='word_1_118' title='bbox 1779 1766 1819 1830; x_wconf 91' lang='lat' dir='ltr'>ad</span> <span class='ocrx_word' id='word_1_119' title='bbox 1837 1767 2005 1832; x_wconf 85' lang='lat' dir='ltr'>femoralia</span> <span class='ocrx_word' id='word_1_120' title='bbox 2026 1769 2239 1852; x_wconf 89' lang='lat' dir='ltr'>nudaverunt,</span> <span class='ocrx_word' id='word_1_121' title='bbox 2256 1771 2376 1856; x_wconf 87' lang='lat' dir='ltr'>ipsum·</span> 
     </span>
     <span class='ocr_line' id='line_1_12' title="bbox 560 1873 2374 1963; baseline 0.002 -26"><span class='ocrx_word' id='word_1_122' title='bbox 560 1895 622 1959; x_wconf 92' lang='lat' dir='ltr'>que</span> <span class='ocrx_word' id='word_1_123' title='bbox 645 1875 756 1939; x_wconf 92' lang='lat' dir='ltr'>decem</span> <span class='ocrx_word' id='word_1_124' title='bbox 779 1876 891 1941; x_wconf 92' lang='lat' dir='ltr'>diebus</span> <span class='ocrx_word' id='word_1_125' title='bbox 915 1877 1120 1940; x_wconf 90' lang='lat' dir='ltr'>detinuerunt</span> <span class='ocrx_word' id='word_1_126' title='bbox 1144 1876 1264 1940; x_wconf 89' lang='lat' dir='ltr'>carceri</span> <span class='ocrx_word' id='word_1_127' title='bbox 1288 1875 1516 1959; x_wconf 89' lang='lat' dir='ltr'>mancipatum.</span> <span class='ocrx_word' id='word_1_128' title='bbox 1533 1873 1726 1959; x_wconf 89' lang='lat' dir='ltr'>Episcopalo</span> <span class='ocrx_word' id='word_1_129' title='bbox 1752 1895 1878 1959; x_wconf 92' lang='lat' dir='ltr'>quoque</span> <span class='ocrx_word' id='word_1_130' title='bbox 1901 1875 2059 1962; x_wconf 88' lang='lat' dir='ltr'>palatium</span> <span class='ocrx_word' id='word_1_131' title='bbox 2083 1877 2279 1941; x_wconf 88' lang='lat' dir='ltr'>bononiense</span> <span class='ocrx_word' id='word_1_132' title='bbox 2299 1900 2374 1963; x_wconf 89' lang='lat' dir='ltr'>sup-</span> 
     </span>
     <span class='ocr_line' id='line_1_13' title="bbox 559 1980 2376 2071; baseline 0.002 -27"><span class='ocrx_word' id='word_1_133' title='bbox 559 1991 735 2066; x_wconf 90' lang='lat' dir='ltr'>posuerunt</span> <span class='ocrx_word' id='word_1_134' title='bbox 757 1983 915 2065; x_wconf 92' lang='lat' dir='ltr'>incendio,</span> <span class='ocrx_word' id='word_1_135' title='bbox 940 1991 972 2047; x_wconf 89' lang='lat' dir='ltr'>et</span> <span class='ocrx_word' id='word_1_136' title='bbox 996 2005 1212 2069; x_wconf 89' lang='lat' dir='ltr'>quoscumque</span> <span class='ocrx_word' id='word_1_137' title='bbox 1237 1983 1377 2069; x_wconf 91' lang='lat' dir='ltr'>reperire</span> <span class='ocrx_word' id='word_1_138' title='bbox 1401 1988 1575 2068; x_wconf 90' lang='lat' dir='ltr'>potuerunt</span> <span class='ocrx_word' id='word_1_139' title='bbox 1598 1980 1636 2044; x_wconf 91' lang='lat' dir='ltr'>de</span> <span class='ocrx_word' id='word_1_140' title='bbox 1661 1988 1772 2065; x_wconf 81' lang='lat' dir='ltr'>gente,</span> <span class='ocrx_word' id='word_1_141' title='bbox 1797 1982 1920 2044; x_wconf 90' lang='lat' dir='ltr'>familia</span> <span class='ocrx_word' id='word_1_142' title='bbox 1944 1991 1976 2047; x_wconf 89' lang='lat' dir='ltr'>ct</span> <span class='ocrx_word' id='word_1_143' title='bbox 2000 1983 2150 2048; x_wconf 87' lang='lat' dir='ltr'>idiomate</span> <span class='ocrx_word' id='word_1_144' title='bbox 2167 1985 2244 2048; x_wconf 91' lang='lat' dir='ltr'>dicti</span> <span class='ocrx_word' id='word_1_145' title='bbox 2259 1984 2376 2071; x_wconf 86' lang='lat' dir='ltr'>Legati</span> 
     </span>
     <span class='ocr_line' id='line_1_14' title="bbox 559 2088 2374 2177; baseline 0.002 -25"><span class='ocrx_word' id='word_1_146' title='bbox 559 2098 729 2175; x_wconf 87' lang='lat' dir='ltr'>ceperunt,</span> <span class='ocrx_word' id='word_1_147' title='bbox 754 2092 935 2177; x_wconf 91' lang='lat' dir='ltr'>multosque</span> <span class='ocrx_word' id='word_1_148' title='bbox 965 2113 1006 2154; x_wconf 89' lang='lat' dir='ltr'>cx</span> <span class='ocrx_word' id='word_1_149' title='bbox 1037 2091 1083 2154; x_wconf 88' lang='lat' dir='ltr'>eis</span> <span class='ocrx_word' id='word_1_150' title='bbox 1114 2091 1382 2171; x_wconf 86' lang='lat' dir='ltr'>vulneraverunt,</span> <span class='ocrx_word' id='word_1_151' title='bbox 1407 2097 1439 2153; x_wconf 89' lang='lat' dir='ltr'>et</span> <span class='ocrx_word' id='word_1_152' title='bbox 1462 2089 1587 2173; x_wconf 90' lang='lat' dir='ltr'>aliquos</span> <span class='ocrx_word' id='word_1_153' title='bbox 1621 2088 1838 2152; x_wconf 89' lang='lat' dir='ltr'>inhumaniter</span> <span class='ocrx_word' id='word_1_154' title='bbox 1861 2095 1893 2152; x_wconf 93' lang='lat' dir='ltr'>et</span> <span class='ocrx_word' id='word_1_155' title='bbox 1917 2089 2090 2154; x_wconf 90' lang='lat' dir='ltr'>crudeliter</span> <span class='ocrx_word' id='word_1_156' title='bbox 2113 2091 2313 2174; x_wconf 91' lang='lat' dir='ltr'>occiderunt,</span> <span class='ocrx_word' id='word_1_157' title='bbox 2338 2115 2374 2156; x_wconf 94' lang='lat' dir='ltr'>ac</span> 
     </span>
     <span class='ocr_line' id='line_1_15' title="bbox 559 2195 2374 2284; baseline 0.002 -24"><span class='ocrx_word' id='word_1_158' title='bbox 559 2201 672 2279; x_wconf 88' lang='lat' dir='ltr'>terras,</span> <span class='ocrx_word' id='word_1_159' title='bbox 696 2206 802 2262; x_wconf 89' lang='lat' dir='ltr'>castra</span> <span class='ocrx_word' id='word_1_160' title='bbox 826 2207 858 2262; x_wconf 92' lang='lat' dir='ltr'>et</span> <span class='ocrx_word' id='word_1_161' title='bbox 880 2200 952 2264; x_wconf 90' lang='lat' dir='ltr'>loca</span> <span class='ocrx_word' id='word_1_162' title='bbox 976 2198 1082 2262; x_wconf 88' lang='lat' dir='ltr'>omnia</span> <span class='ocrx_word' id='word_1_163' title='bbox 1105 2198 1322 2284; x_wconf 90' lang='lat' dir='ltr'>predictorum</span> <span class='ocrx_word' id='word_1_164' title='bbox 1345 2195 1515 2260; x_wconf 91' lang='lat' dir='ltr'>comitatus</span> <span class='ocrx_word' id='word_1_165' title='bbox 1539 2203 1570 2258; x_wconf 91' lang='lat' dir='ltr'>et</span> <span class='ocrx_word' id='word_1_166' title='bbox 1595 2195 1776 2278; x_wconf 89' lang='lat' dir='ltr'>districtus,</span> <span class='ocrx_word' id='word_1_167' title='bbox 1802 2217 1860 2260; x_wconf 92' lang='lat' dir='ltr'>nec</span> <span class='ocrx_word' id='word_1_168' title='bbox 1885 2218 1949 2261; x_wconf 92' lang='lat' dir='ltr'>non</span> <span class='ocrx_word' id='word_1_169' title='bbox 1973 2205 2094 2281; x_wconf 90' lang='lat' dir='ltr'>terras,</span> <span class='ocrx_word' id='word_1_170' title='bbox 2119 2207 2224 2262; x_wconf 88' lang='lat' dir='ltr'>castra</span> <span class='ocrx_word' id='word_1_171' title='bbox 2248 2207 2280 2264; x_wconf 92' lang='lat' dir='ltr'>ct</span> <span class='ocrx_word' id='word_1_172' title='bbox 2303 2201 2374 2264; x_wconf 86' lang='lat' dir='ltr'>loca</span> 
     </span>
     <span class='ocr_line' id='line_1_16' title="bbox 558 2303 2372 2391; baseline 0.003 -25"><span class='ocrx_word' id='word_1_173' title='bbox 558 2306 724 2391; x_wconf 89' lang='lat' dir='ltr'>supposita</span> <span class='ocrx_word' id='word_1_174' title='bbox 745 2306 960 2390; x_wconf 85' lang='lat' dir='ltr'>jurisdictioni</span> <span class='ocrx_word' id='word_1_175' title='bbox 984 2307 1142 2370; x_wconf 90' lang='lat' dir='ltr'>dictorum</span> <span class='ocrx_word' id='word_1_176' title='bbox 1165 2306 1307 2391; x_wconf 85' lang='lat' dir='ltr'>episcopi</span> <span class='ocrx_word' id='word_1_177' title='bbox 1331 2313 1363 2367; x_wconf 91' lang='lat' dir='ltr'>et</span> <span class='ocrx_word' id='word_1_178' title='bbox 1393 2303 1538 2367; x_wconf 92' lang='lat' dir='ltr'>Ecclesic</span> <span class='ocrx_word' id='word_1_179' title='bbox 1570 2303 1776 2366; x_wconf 91' lang='lat' dir='ltr'>bononiensis</span> <span class='ocrx_word' id='word_1_180' title='bbox 1799 2305 1832 2366; x_wconf 93' lang='lat' dir='ltr'>in</span> <span class='ocrx_word' id='word_1_181' title='bbox 1857 2303 2042 2370; x_wconf 90' lang='lat' dir='ltr'>rebellionis</span> <span class='ocrx_word' id='word_1_182' title='bbox 2065 2304 2194 2369; x_wconf 90' lang='lat' dir='ltr'>devium</span> <span class='ocrx_word' id='word_1_183' title='bbox 2218 2307 2372 2372; x_wconf 89' lang='lat' dir='ltr'>adversus</span> 
     </span>
     <span class='ocr_line' id='line_1_17' title="bbox 558 2411 2373 2499; baseline 0.003 -25"><span class='ocrx_word' id='word_1_184' title='bbox 558 2411 678 2476; x_wconf 91' lang='lat' dir='ltr'>dictum</span> <span class='ocrx_word' id='word_1_185' title='bbox 702 2413 862 2499; x_wconf 90' lang='lat' dir='ltr'>Legatum</span> <span class='ocrx_word' id='word_1_186' title='bbox 879 2420 910 2478; x_wconf 91' lang='lat' dir='ltr'>et</span> <span class='ocrx_word' id='word_1_187' title='bbox 926 2435 1092 2478; x_wconf 86' lang='lat' dir='ltr'>romanam</span> <span class='ocrx_word' id='word_1_188' title='bbox 1116 2414 1296 2477; x_wconf 88' lang='lat' dir='ltr'>Ecclesiam</span> <span class='ocrx_word' id='word_1_189' title='bbox 1320 2411 1532 2475; x_wconf 87' lang='lat' dir='ltr'>deduxerunt.</span> <span class='ocrx_word' id='word_1_190' title='bbox 1551 2411 1712 2474; x_wconf 89' lang='lat' dir='ltr'>Officialcs</span> <span class='ocrx_word' id='word_1_191' title='bbox 1737 2411 1868 2496; x_wconf 91' lang='lat' dir='ltr'>insuper</span> <span class='ocrx_word' id='word_1_192' title='bbox 1891 2421 1923 2475; x_wconf 92' lang='lat' dir='ltr'>et</span> <span class='ocrx_word' id='word_1_193' title='bbox 1946 2421 2058 2498; x_wconf 85' lang='lat' dir='ltr'>gentes</span> <span class='ocrx_word' id='word_1_194' title='bbox 2079 2435 2189 2477; x_wconf 89' lang='lat' dir='ltr'>omnes</span> <span class='ocrx_word' id='word_1_195' title='bbox 2205 2415 2237 2478; x_wconf 92' lang='lat' dir='ltr'>in</span> <span class='ocrx_word' id='word_1_196' title='bbox 2254 2415 2373 2480; x_wconf 92' lang='lat' dir='ltr'>eisdem</span> 
     </span>
     <span class='ocr_line' id='line_1_18' title="bbox 557 2517 2374 2605; baseline 0.002 -23"><span class='ocrx_word' id='word_1_197' title='bbox 557 2519 698 2603; x_wconf 90' lang='lat' dir='ltr'>civitate,</span> <span class='ocrx_word' id='word_1_198' title='bbox 715 2521 869 2586; x_wconf 90' lang='lat' dir='ltr'>comitatu</span> <span class='ocrx_word' id='word_1_199' title='bbox 892 2529 924 2586; x_wconf 89' lang='lat' dir='ltr'>et</span> <span class='ocrx_word' id='word_1_200' title='bbox 947 2522 1104 2603; x_wconf 89' lang='lat' dir='ltr'>districtu,</span> <span class='ocrx_word' id='word_1_201' title='bbox 1122 2521 1234 2585; x_wconf 89' lang='lat' dir='ltr'>castris</span> <span class='ocrx_word' id='word_1_202' title='bbox 1257 2529 1289 2584; x_wconf 90' lang='lat' dir='ltr'>et</span> <span class='ocrx_word' id='word_1_203' title='bbox 1312 2521 1391 2583; x_wconf 92' lang='lat' dir='ltr'>locis</span> <span class='ocrx_word' id='word_1_204' title='bbox 1415 2541 1473 2604; x_wconf 92' lang='grc'>010</span> <span class='ocrx_word' id='word_1_205' title='bbox 1497 2517 1582 2581; x_wconf 90' lang='lat' dir='ltr'>dicta</span> <span class='ocrx_word' id='word_1_206' title='bbox 1606 2539 1740 2582; x_wconf 87' lang='lat' dir='ltr'>romana</span> <span class='ocrx_word' id='word_1_207' title='bbox 1756 2519 1912 2602; x_wconf 85' lang='lat' dir='ltr'>Ecclesia,</span> <span class='ocrx_word' id='word_1_208' title='bbox 1930 2528 1962 2584; x_wconf 91' lang='lat' dir='ltr'>et</span> <span class='ocrx_word' id='word_1_209' title='bbox 1978 2520 2104 2605; x_wconf 84' lang='lat' dir='ltr'>Legata</span> <span class='ocrx_word' id='word_1_210' title='bbox 2127 2530 2159 2584; x_wconf 89' lang='lat' dir='ltr'>et</span> <span class='ocrx_word' id='word_1_211' title='bbox 2184 2522 2374 2587; x_wconf 88' lang='lat' dir='ltr'>bononiensi</span> 
     </span>
     <span class='ocr_line' id='line_1_19' title="bbox 557 2625 2373 2717; baseline 0.002 -27"><span class='ocrx_word' id='word_1_212' title='bbox 557 2626 708 2714; x_wconf 91' lang='lat' dir='ltr'>episcopo</span> <span class='ocrx_word' id='word_1_213' title='bbox 730 2629 940 2694; x_wconf 89' lang='lat' dir='ltr'>consistentes</span> <span class='ocrx_word' id='word_1_214' title='bbox 964 2636 1128 2714; x_wconf 89' lang='lat' dir='ltr'>ceperunt,</span> <span class='ocrx_word' id='word_1_215' title='bbox 1144 2635 1176 2693; x_wconf 91' lang='lat' dir='ltr'>et</span> <span class='ocrx_word' id='word_1_216' title='bbox 1196 2628 1376 2714; x_wconf 89' lang='lat' dir='ltr'>spoliarunt</span> <span class='ocrx_word' id='word_1_217' title='bbox 1400 2625 1570 2690; x_wconf 89' lang='lat' dir='ltr'>nonnullos</span> <span class='ocrx_word' id='word_1_218' title='bbox 1594 2645 1636 2688; x_wconf 87' lang='lat' dir='ltr'>ex</span> <span class='ocrx_word' id='word_1_219' title='bbox 1660 2626 1705 2688; x_wconf 88' lang='lat' dir='ltr'>eis</span> <span class='ocrx_word' id='word_1_220' title='bbox 1726 2625 1903 2690; x_wconf 84' lang='lat' dir='ltr'>familiares</span> <span class='ocrx_word' id='word_1_221' title='bbox 1919 2627 2065 2712; x_wconf 91' lang='lat' dir='ltr'>ejusdem</span> <span class='ocrx_word' id='word_1_222' title='bbox 2081 2629 2290 2694; x_wconf 89' lang='lat' dir='ltr'>bononiensis</span> <span class='ocrx_word' id='word_1_223' title='bbox 2306 2632 2373 2717; x_wconf 94' lang='lat' dir='ltr'>cpi-</span> 
     </span>
     <span class='ocr_line' id='line_1_20' title="bbox 558 2732 2373 2825; baseline 0.002 -27"><span class='ocrx_word' id='word_1_224' title='bbox 558 2735 656 2820; x_wconf 88' lang='lat' dir='ltr'>scopi‚</span> <span class='ocrx_word' id='word_1_225' title='bbox 674 2735 846 2799; x_wconf 87' lang='lat' dir='ltr'>crudeliter</span> <span class='ocrx_word' id='word_1_226' title='bbox 862 2737 1054 2818; x_wconf 82' lang='lat' dir='ltr'>occidend03</span> <span class='ocrx_word' id='word_1_227' title='bbox 1072 2738 1155 2800; x_wconf 91' lang='lat' dir='ltr'>inter</span> <span class='ocrx_word' id='word_1_228' title='bbox 1179 2758 1258 2821; x_wconf 92' lang='lat' dir='ltr'>quos</span> <span class='ocrx_word' id='word_1_229' title='bbox 1282 2734 1444 2821; x_wconf 90' lang='lat' dir='ltr'>quondam</span> <span class='ocrx_word' id='word_1_230' title='bbox 1467 2733 1667 2796; x_wconf 90' lang='lat' dir='ltr'>Bertrandus</span> <span class='ocrx_word' id='word_1_231' title='bbox 1691 2733 1730 2796; x_wconf 92' lang='lat' dir='ltr'>de</span> <span class='ocrx_word' id='word_1_232' title='bbox 1755 2732 1845 2816; x_wconf 86' lang='lat' dir='ltr'>Glar,</span> <span class='ocrx_word' id='word_1_233' title='bbox 1870 2734 2039 2798; x_wconf 89' lang='lat' dir='ltr'>familiaris</span> <span class='ocrx_word' id='word_1_234' title='bbox 2063 2737 2209 2819; x_wconf 86' lang='lat' dir='ltr'>ejusdcm</span> <span class='ocrx_word' id='word_1_235' title='bbox 2231 2738 2373 2825; x_wconf 90' lang='lat' dir='ltr'>episcopi</span> 
     </span>
     <span class='ocr_line' id='line_1_21' title="bbox 551 2839 2369 2928; baseline 0.002 -23"><span class='ocrx_word' id='word_1_236' title='bbox 551 2841 768 2925; x_wconf 90' lang='lat' dir='ltr'>bononiensis,</span> <span class='ocrx_word' id='word_1_237' title='bbox 793 2844 929 2908; x_wconf 89' lang='lat' dir='ltr'>feritatis</span> <span class='ocrx_word' id='word_1_238' title='bbox 952 2844 1139 2908; x_wconf 90' lang='lat' dir='ltr'>detestande</span> <span class='ocrx_word' id='word_1_239' title='bbox 1163 2844 1278 2907; x_wconf 89' lang='lat' dir='ltr'>sevitia</span> <span class='ocrx_word' id='word_1_240' title='bbox 1301 2843 1497 2906; x_wconf 87' lang='lat' dir='ltr'>evisceratus</span> <span class='ocrx_word' id='word_1_241' title='bbox 1520 2839 1628 2903; x_wconf 87' lang='lat' dir='ltr'>extitit</span> <span class='ocrx_word' id='word_1_242' title='bbox 1644 2847 1676 2904; x_wconf 94' lang='lat' dir='ltr'>et</span> <span class='ocrx_word' id='word_1_243' title='bbox 1692 2862 1749 2926; x_wconf 90' lang='lat' dir='ltr'>per</span> <span class='ocrx_word' id='word_1_244' title='bbox 1766 2840 1869 2904; x_wconf 92' lang='lat' dir='ltr'>frusta</span> <span class='ocrx_word' id='word_1_245' title='bbox 1886 2843 2042 2925; x_wconf 91' lang='lat' dir='ltr'>concisus,</span> <span class='ocrx_word' id='word_1_246' title='bbox 2060 2845 2194 2928; x_wconf 88' lang='lat' dir='ltr'>ejusque</span> <span class='ocrx_word' id='word_1_247' title='bbox 2219 2845 2369 2908; x_wconf 90' lang='lat' dir='ltr'>carnibus</span> 
     </span>
     <span class='ocr_line' id='line_1_22' title="bbox 550 2948 2367 3037; baseline 0.002 -25"><span class='ocrx_word' id='word_1_248' title='bbox 550 2948 634 3013; x_wconf 87' lang='lat' dir='ltr'>datis</span> <span class='ocrx_word' id='word_1_249' title='bbox 657 2951 775 3036; x_wconf 90' lang='lat' dir='ltr'>partim</span> <span class='ocrx_word' id='word_1_250' title='bbox 799 2951 830 3014; x_wconf 95' lang='lat' dir='ltr'>in</span> <span class='ocrx_word' id='word_1_251' title='bbox 855 2973 962 3015; x_wconf 90' lang='lat' dir='ltr'>escam</span> <span class='ocrx_word' id='word_1_252' title='bbox 985 2951 1135 3033; x_wconf 89' lang='lat' dir='ltr'>canibus,</span> <span class='ocrx_word' id='word_1_253' title='bbox 1161 2951 1341 3036; x_wconf 87' lang='lat' dir='ltr'>partimque</span> <span class='ocrx_word' id='word_1_254' title='bbox 1366 2948 1534 3034; x_wconf 75' lang='lat' dir='ltr'>projectis3</span> <span class='ocrx_word' id='word_1_255' title='bbox 1560 2948 1643 3010; x_wconf 88' lang='lat' dir='ltr'>inter</span> <span class='ocrx_word' id='word_1_256' title='bbox 1666 2948 1851 3031; x_wconf 90' lang='lat' dir='ltr'>hujusmodi</span> <span class='ocrx_word' id='word_1_257' title='bbox 1879 2950 2106 3013; x_wconf 90' lang='lat' dir='ltr'>enormitatum</span> <span class='ocrx_word' id='word_1_258' title='bbox 2138 2951 2367 3037; x_wconf 90' lang='lat' dir='ltr'>multiplicatos</span> 
     </span>
     <span class='ocr_line' id='line_1_23' title="bbox 553 3054 2370 3144; baseline 0.001 -24"><span class='ocrx_word' id='word_1_259' title='bbox 553 3077 714 3138; x_wconf 88' lang='lat' dir='ltr'>excessus,</span> <span class='ocrx_word' id='word_1_260' title='bbox 740 3057 888 3122; x_wconf 88' lang='lat' dir='ltr'>eumdem</span> <span class='ocrx_word' id='word_1_261' title='bbox 911 3058 1090 3142; x_wconf 87' lang='lat' dir='ltr'>Legatum,</span> <span class='ocrx_word' id='word_1_262' title='bbox 1113 3065 1145 3122; x_wconf 90' lang='lat' dir='ltr'>et</span> <span class='ocrx_word' id='word_1_263' title='bbox 1167 3079 1225 3144; x_wconf 92' lang='lat' dir='ltr'>per</span> <span class='ocrx_word' id='word_1_264' title='bbox 1249 3079 1321 3120; x_wconf 93' lang='lat' dir='ltr'>eum</span> <span class='ocrx_word' id='word_1_265' title='bbox 1346 3055 1465 3118; x_wconf 89' lang='lat' dir='ltr'>dictam</span> <span class='ocrx_word' id='word_1_266' title='bbox 1498 3075 1665 3117; x_wconf 87' lang='lat' dir='ltr'>romanam</span> <span class='ocrx_word' id='word_1_267' title='bbox 1695 3054 1886 3136; x_wconf 88' lang='lat' dir='ltr'>Ecclesiam,</span> <span class='ocrx_word' id='word_1_268' title='bbox 1911 3056 1950 3119; x_wconf 92' lang='lat' dir='ltr'>de</span> <span class='ocrx_word' id='word_1_269' title='bbox 1976 3058 2178 3141; x_wconf 85' lang='lat' dir='ltr'>possessione</span> <span class='ocrx_word' id='word_1_270' title='bbox 2203 3058 2254 3121; x_wconf 95' lang='lat' dir='ltr'>vel</span> <span class='ocrx_word' id='word_1_271' title='bbox 2278 3060 2370 3143; x_wconf 88' lang='lat' dir='ltr'>quasi</span> 
     </span>
     <span class='ocr_line' id='line_1_24' title="bbox 550 3161 2370 3248; baseline 0.002 -22"><span class='ocrx_word' id='word_1_272' title='bbox 550 3163 695 3247; x_wconf 90' lang='lat' dir='ltr'>ejusdem</span> <span class='ocrx_word' id='word_1_273' title='bbox 726 3165 865 3229; x_wconf 89' lang='lat' dir='ltr'>civitatis</span> <span class='ocrx_word' id='word_1_274' title='bbox 896 3187 934 3229; x_wconf 90' lang='lat' dir='ltr'>ac</span> <span class='ocrx_word' id='word_1_275' title='bbox 961 3165 1074 3247; x_wconf 87' lang='lat' dir='ltr'>castri,</span> <span class='ocrx_word' id='word_1_276' title='bbox 1100 3165 1288 3244; x_wconf 90' lang='lat' dir='ltr'>comitatus,</span> <span class='ocrx_word' id='word_1_277' title='bbox 1313 3161 1466 3226; x_wconf 91' lang='lat' dir='ltr'>territorii</span> <span class='ocrx_word' id='word_1_278' title='bbox 1490 3169 1522 3224; x_wconf 94' lang='lat' dir='ltr'>et</span> <span class='ocrx_word' id='word_1_279' title='bbox 1546 3161 1709 3224; x_wconf 91' lang='lat' dir='ltr'>districtus</span> <span class='ocrx_word' id='word_1_280' title='bbox 1734 3162 1997 3246; x_wconf 89' lang='lat' dir='ltr'>bononiensium,</span> <span class='ocrx_word' id='word_1_281' title='bbox 2022 3185 2059 3227; x_wconf 89' lang='lat' dir='ltr'>ac</span> <span class='ocrx_word' id='word_1_282' title='bbox 2081 3165 2312 3248; x_wconf 91' lang='lat' dir='ltr'>jurisdictionis</span> <span class='ocrx_word' id='word_1_283' title='bbox 2339 3177 2370 3229; x_wconf 92' lang='grc'>01</span> 
     </span>
     <span class='ocr_line' id='line_1_25' title="bbox 547 3268 2369 3358; baseline 0.001 -24"><span class='ocrx_word' id='word_1_284' title='bbox 547 3271 669 3356; x_wconf 89' lang='lat' dir='ltr'>jurium</span> <span class='ocrx_word' id='word_1_285' title='bbox 692 3272 926 3358; x_wconf 88' lang='lat' dir='ltr'>predictorum,</span> <span class='ocrx_word' id='word_1_286' title='bbox 950 3274 982 3336; x_wconf 95' lang='lat' dir='ltr'>in</span> <span class='ocrx_word' id='word_1_287' title='bbox 1007 3294 1070 3357; x_wconf 91' lang='lat' dir='ltr'>qua</span> <span class='ocrx_word' id='word_1_288' title='bbox 1093 3273 1293 3358; x_wconf 89' lang='lat' dir='ltr'>possessione</span> <span class='ocrx_word' id='word_1_289' title='bbox 1322 3271 1374 3333; x_wconf 91' lang='lat' dir='ltr'>vel</span> <span class='ocrx_word' id='word_1_290' title='bbox 1405 3269 1497 3355; x_wconf 90' lang='lat' dir='ltr'>quasi</span> <span class='ocrx_word' id='word_1_291' title='bbox 1529 3269 1614 3331; x_wconf 93' lang='lat' dir='ltr'>idem</span> <span class='ocrx_word' id='word_1_292' title='bbox 1640 3268 1785 3354; x_wconf 84' lang='lat' dir='ltr'>Legatos</span> <span class='ocrx_word' id='word_1_293' title='bbox 1810 3271 1993 3334; x_wconf 88' lang='lat' dir='ltr'>nomine-et</span> <span class='ocrx_word' id='word_1_294' title='bbox 2016 3293 2074 3357; x_wconf 91' lang='lat' dir='ltr'>pro</span> <span class='ocrx_word' id='word_1_295' title='bbox 2099 3279 2191 3357; x_wconf 89' lang='lat' dir='ltr'>parte</span> <span class='ocrx_word' id='word_1_296' title='bbox 2224 3274 2369 3356; x_wconf 91' lang='lat' dir='ltr'>ejusdem</span> 
     </span>
     <span class='ocr_line' id='line_1_26' title="bbox 550 3377 2370 3466; baseline 0.001 -26"><span class='ocrx_word' id='word_1_297' title='bbox 550 3399 681 3442; x_wconf 89' lang='lat' dir='ltr'>romane</span> <span class='ocrx_word' id='word_1_298' title='bbox 704 3379 849 3444; x_wconf 84' lang='lat' dir='ltr'>Ecclesia</span> <span class='ocrx_word' id='word_1_299' title='bbox 873 3380 992 3444; x_wconf 90' lang='lat' dir='ltr'>diutius</span> <span class='ocrx_word' id='word_1_300' title='bbox 1015 3380 1147 3466; x_wconf 89' lang='lat' dir='ltr'>pacifico</span> <span class='ocrx_word' id='word_1_301' title='bbox 1171 3386 1202 3442; x_wconf 94' lang='lat' dir='ltr'>et</span> <span class='ocrx_word' id='word_1_302' title='bbox 1227 3379 1333 3463; x_wconf 91' lang='lat' dir='ltr'>quicto</span> <span class='ocrx_word' id='word_1_303' title='bbox 1359 3377 1474 3458; x_wconf 90' lang='lat' dir='ltr'>fuerat,</span> <span class='ocrx_word' id='word_1_304' title='bbox 1491 3383 1523 3439; x_wconf 88' lang='lat' dir='ltr'>ct</span> <span class='ocrx_word' id='word_1_305' title='bbox 1539 3383 1616 3438; x_wconf 91' lang='lat' dir='ltr'>tunc</span> <span class='ocrx_word' id='word_1_306' title='bbox 1632 3377 1730 3439; x_wconf 93' lang='lat' dir='ltr'>etiam</span> <span class='ocrx_word' id='word_1_307' title='bbox 1751 3377 1922 3460; x_wconf 82' lang='lat' dir='ltr'>existebat,</span> <span class='ocrx_word' id='word_1_308' title='bbox 1940 3378 2093 3461; x_wconf 88' lang='lat' dir='ltr'>injuriose</span> <span class='ocrx_word' id='word_1_309' title='bbox 2111 3401 2168 3464; x_wconf 92' lang='lat' dir='ltr'>per</span> <span class='ocrx_word' id='word_1_310' title='bbox 2183 3380 2370 3444; x_wconf 89' lang='lat' dir='ltr'>violentiam</span> 
     </span>
     <span class='ocr_line' id='line_1_27' title="bbox 549 3483 2370 3574; baseline 0.001 -26"><span class='ocrx_word' id='word_1_311' title='bbox 549 3484 753 3570; x_wconf 87' lang='lat' dir='ltr'>dejecerunt,</span> <span class='ocrx_word' id='word_1_312' title='bbox 778 3488 927 3574; x_wconf 90' lang='lat' dir='ltr'>dictaque</span> <span class='ocrx_word' id='word_1_313' title='bbox 956 3487 1179 3574; x_wconf 88' lang='lat' dir='ltr'>possessione,</span> <span class='ocrx_word' id='word_1_314' title='bbox 1204 3487 1256 3549; x_wconf 92' lang='lat' dir='ltr'>vel</span> <span class='ocrx_word' id='word_1_315' title='bbox 1281 3485 1387 3571; x_wconf 89' lang='lat' dir='ltr'>quasi,</span> <span class='ocrx_word' id='word_1_316' title='bbox 1412 3483 1559 3547; x_wconf 89' lang='lat' dir='ltr'>eamdem</span> <span class='ocrx_word' id='word_1_317' title='bbox 1582 3505 1752 3548; x_wconf 90' lang='lat' dir='ltr'>romanam</span> <span class='ocrx_word' id='word_1_318' title='bbox 1775 3484 1955 3549; x_wconf 85' lang='lat' dir='ltr'>Ecclesiam</span> <span class='ocrx_word' id='word_1_319' title='bbox 1979 3487 2159 3573; x_wconf 89' lang='lat' dir='ltr'>spoliarunt</span> <span class='ocrx_word' id='word_1_320' title='bbox 2183 3495 2214 3550; x_wconf 90' lang='lat' dir='ltr'>et</span> <span class='ocrx_word' id='word_1_321' title='bbox 2238 3488 2370 3574; x_wconf 90' lang='lat' dir='ltr'>spoliari</span> 
     </span>
     <span class='ocr_line' id='line_1_28' title="bbox 549 3590 2369 3681; baseline 0.002 -27"><span class='ocrx_word' id='word_1_322' title='bbox 549 3592 794 3677; x_wconf 88' lang='lat' dir='ltr'>mandaverunt,</span> <span class='ocrx_word' id='word_1_323' title='bbox 819 3617 876 3659; x_wconf 91' lang='lat' dir='ltr'>seu</span> <span class='ocrx_word' id='word_1_324' title='bbox 899 3595 1111 3680; x_wconf 89' lang='lat' dir='ltr'>dejectionem</span> <span class='ocrx_word' id='word_1_325' title='bbox 1134 3601 1166 3658; x_wconf 94' lang='grc'>01</span> <span class='ocrx_word' id='word_1_326' title='bbox 1188 3594 1414 3679; x_wconf 89' lang='lat' dir='ltr'>spoliationem</span> <span class='ocrx_word' id='word_1_327' title='bbox 1437 3592 1478 3654; x_wconf 90' lang='lat' dir='ltr'>ab</span> <span class='ocrx_word' id='word_1_328' title='bbox 1503 3591 1576 3675; x_wconf 92' lang='lat' dir='ltr'>alijs</span> <span class='ocrx_word' id='word_1_329' title='bbox 1600 3590 1720 3655; x_wconf 89' lang='lat' dir='ltr'>factam</span> <span class='ocrx_word' id='word_1_330' title='bbox 1744 3599 1849 3655; x_wconf 90' lang='lat' dir='ltr'>ratam</span> <span class='ocrx_word' id='word_1_331' title='bbox 1873 3593 2065 3676; x_wconf 87' lang='lat' dir='ltr'>habuerunt,</span> <span class='ocrx_word' id='word_1_332' title='bbox 2088 3594 2270 3680; x_wconf 89' lang='lat' dir='ltr'>dictamque</span> <span class='ocrx_word' id='word_1_333' title='bbox 2296 3617 2369 3681; x_wconf 90' lang='lat' dir='ltr'>pos-</span> 
     </span>
     <span class='ocr_line' id='line_1_29' title="bbox 549 3699 2368 3788; baseline 0.001 -25"><span class='ocrx_word' id='word_1_334' title='bbox 549 3701 734 3783; x_wconf 90' lang='lat' dir='ltr'>sessionem,</span> <span class='ocrx_word' id='word_1_335' title='bbox 759 3724 815 3766; x_wconf 92' lang='lat' dir='ltr'>seu</span> <span class='ocrx_word' id='word_1_336' title='bbox 836 3703 939 3788; x_wconf 90' lang='lat' dir='ltr'>quasi,</span> <span class='ocrx_word' id='word_1_337' title='bbox 956 3703 1105 3782; x_wconf 87' lang='lat' dir='ltr'>civitatis,</span> <span class='ocrx_word' id='word_1_338' title='bbox 1129 3701 1310 3781; x_wconf 81' lang='lat' dir='ltr'>comitatae,</span> <span class='ocrx_word' id='word_1_339' title='bbox 1333 3699 1498 3782; x_wconf 89' lang='lat' dir='ltr'>territorij,</span> <span class='ocrx_word' id='word_1_340' title='bbox 1524 3721 1561 3762; x_wconf 92' lang='lat' dir='ltr'>ac</span> <span class='ocrx_word' id='word_1_341' title='bbox 1585 3699 1758 3781; x_wconf 87' lang='lat' dir='ltr'>districtus,</span> <span class='ocrx_word' id='word_1_342' title='bbox 1784 3721 1821 3762; x_wconf 88' lang='lat' dir='ltr'>ac</span> <span class='ocrx_word' id='word_1_343' title='bbox 1842 3699 2076 3783; x_wconf 90' lang='lat' dir='ltr'>jurisdictionis</span> <span class='ocrx_word' id='word_1_344' title='bbox 2099 3709 2131 3764; x_wconf 92' lang='lat' dir='ltr'>et</span> <span class='ocrx_word' id='word_1_345' title='bbox 2150 3703 2273 3787; x_wconf 88' lang='lat' dir='ltr'>jurium</span> <span class='ocrx_word' id='word_1_346' title='bbox 2296 3724 2368 3788; x_wconf 90' lang='grc'>010-</span> 
     </span>
     <span class='ocr_line' id='line_1_30' title="bbox 549 3806 2368 3893; baseline 0.002 -24"><span class='ocrx_word' id='word_1_347' title='bbox 549 3806 706 3872; x_wconf 89' lang='lat' dir='ltr'>dictorum</span> <span class='ocrx_word' id='word_1_348' title='bbox 730 3809 818 3874; x_wconf 91' lang='lat' dir='ltr'>velut</span> <span class='ocrx_word' id='word_1_349' title='bbox 841 3810 974 3874; x_wconf 90' lang='lat' dir='ltr'>alienati</span> <span class='ocrx_word' id='word_1_350' title='bbox 996 3809 1066 3893; x_wconf 90' lang='lat' dir='ltr'>filij,</span> <span class='ocrx_word' id='word_1_351' title='bbox 1092 3830 1156 3872; x_wconf 93' lang='lat' dir='ltr'>non</span> <span class='ocrx_word' id='word_1_352' title='bbox 1179 3809 1381 3872; x_wconf 88' lang='lat' dir='ltr'>attendentes</span> <span class='ocrx_word' id='word_1_353' title='bbox 1405 3828 1502 3891; x_wconf 91' lang='lat' dir='ltr'>quam</span> <span class='ocrx_word' id='word_1_354' title='bbox 1526 3806 1641 3869; x_wconf 90' lang='lat' dir='ltr'>durum</span> <span class='ocrx_word' id='word_1_355' title='bbox 1665 3807 1784 3870; x_wconf 87' lang='lat' dir='ltr'>existat</span> <span class='ocrx_word' id='word_1_356' title='bbox 1809 3815 1919 3870; x_wconf 89' lang='lat' dir='ltr'>contra</span> <span class='ocrx_word' id='word_1_357' title='bbox 1944 3809 2109 3872; x_wconf 91' lang='lat' dir='ltr'>stimulum</span> <span class='ocrx_word' id='word_1_358' title='bbox 2132 3810 2310 3890; x_wconf 88' lang='lat' dir='ltr'>calcitrare,</span> <span class='ocrx_word' id='word_1_359' title='bbox 2337 3810 2368 3873; x_wconf 94' lang='lat' dir='ltr'>in</span> 
     </span>
     <span class='ocr_line' id='line_1_31' title="bbox 549 3915 2366 4002; baseline 0.001 -25"><span class='ocrx_word' id='word_1_360' title='bbox 549 3915 695 3998; x_wconf 88' lang='lat' dir='ltr'>ejusdem</span> <span class='ocrx_word' id='word_1_361' title='bbox 724 3917 868 3982; x_wconf 81' lang='lat' dir='ltr'>Ecclesia</span> <span class='ocrx_word' id='word_1_362' title='bbox 899 3917 1126 3981; x_wconf 88' lang='lat' dir='ltr'>contumeliam</span> <span class='ocrx_word' id='word_1_363' title='bbox 1157 3937 1331 4002; x_wconf 89' lang='lat' dir='ltr'>occupare,</span> <span class='ocrx_word' id='word_1_364' title='bbox 1356 3921 1388 3979; x_wconf 90' lang='lat' dir='ltr'>et</span> <span class='ocrx_word' id='word_1_365' title='bbox 1420 3936 1462 3977; x_wconf 85' lang='lat' dir='ltr'>ex</span> <span class='ocrx_word' id='word_1_366' title='bbox 1494 3922 1569 3978; x_wconf 90' lang='lat' dir='ltr'>tunc</span> <span class='ocrx_word' id='word_1_367' title='bbox 1599 3921 1788 4000; x_wconf 88' lang='lat' dir='ltr'>occupatam</span> <span class='ocrx_word' id='word_1_368' title='bbox 1812 3921 1921 3989; x_wconf 87' lang='lat' dir='ltr'>tenere</span> <span class='ocrx_word' id='word_1_369' title='bbox 1945 3924 2187 4001; x_wconf 90' lang='lat' dir='ltr'>presumserunt</span> <span class='ocrx_word' id='word_1_370' title='bbox 2210 3918 2366 4002; x_wconf 91' lang='lat' dir='ltr'>nequiter,</span> 
     </span>
     <span class='ocr_line' id='line_1_32' title="bbox 550 4021 2366 4110; baseline 0.002 -26"><span class='ocrx_word' id='word_1_371' title='bbox 550 4028 582 4085; x_wconf 97' lang='grc'>01</span> <span class='ocrx_word' id='word_1_372' title='bbox 597 4030 803 4108; x_wconf 66' lang='lat' dir='ltr'>presumunt,</span> <span class='ocrx_word' id='word_1_373' title='bbox 821 4024 995 4110; x_wconf 91' lang='lat' dir='ltr'>quinimmo</span> <span class='ocrx_word' id='word_1_374' title='bbox 1020 4024 1127 4088; x_wconf 89' lang='lat' dir='ltr'>furore</span> <span class='ocrx_word' id='word_1_375' title='bbox 1151 4023 1343 4087; x_wconf 91' lang='lat' dir='ltr'>damnabilis</span> <span class='ocrx_word' id='word_1_376' title='bbox 1368 4022 1588 4086; x_wconf 89' lang='lat' dir='ltr'>commotionis</span> <span class='ocrx_word' id='word_1_377' title='bbox 1612 4022 1749 4104; x_wconf 91' lang='lat' dir='ltr'>accensi,</span> <span class='ocrx_word' id='word_1_378' title='bbox 1768 4021 1888 4085; x_wconf 90' lang='lat' dir='ltr'>dictum</span> <span class='ocrx_word' id='word_1_379' title='bbox 1911 4029 2062 4106; x_wconf 90' lang='lat' dir='ltr'>castrum,</span> <span class='ocrx_word' id='word_1_380' title='bbox 2078 4045 2135 4109; x_wconf 89' lang='lat' dir='ltr'>per</span> <span class='ocrx_word' id='word_1_381' title='bbox 2158 4023 2279 4088; x_wconf 92' lang='lat' dir='ltr'>dictum</span> <span class='ocrx_word' id='word_1_382' title='bbox 2301 4024 2366 4087; x_wconf 92' lang='lat' dir='ltr'>Lc-</span> 
     </span>
     <span class='ocr_line' id='line_1_33' title="bbox 549 4129 2365 4215; baseline 0.002 -24"><span class='ocrx_word' id='word_1_383' title='bbox 549 4135 660 4212; x_wconf 87' lang='lat' dir='ltr'>gatum</span> <span class='ocrx_word' id='word_1_384' title='bbox 684 4152 742 4215; x_wconf 93' lang='lat' dir='ltr'>pro</span> <span class='ocrx_word' id='word_1_385' title='bbox 766 4131 851 4195; x_wconf 87' lang='lat' dir='ltr'>dicta</span> <span class='ocrx_word' id='word_1_386' title='bbox 875 4153 1009 4194; x_wconf 89' lang='lat' dir='ltr'>romana</span> <span class='ocrx_word' id='word_1_387' title='bbox 1031 4131 1178 4195; x_wconf 89' lang='lat' dir='ltr'>Ecclesia</span> <span class='ocrx_word' id='word_1_388' title='bbox 1202 4152 1264 4194; x_wconf 92' lang='lat' dir='ltr'>non</span> <span class='ocrx_word' id='word_1_389' title='bbox 1291 4130 1359 4193; x_wconf 93' lang='lat' dir='ltr'>sinc</span> <span class='ocrx_word' id='word_1_390' title='bbox 1382 4129 1507 4213; x_wconf 87' lang='lat' dir='ltr'>magnis</span> <span class='ocrx_word' id='word_1_391' title='bbox 1532 4129 1683 4214; x_wconf 84' lang='lat' dir='ltr'>expensis</span> <span class='ocrx_word' id='word_1_392' title='bbox 1713 4149 1809 4214; x_wconf 88' lang='lat' dir='ltr'>opere</span> <span class='ocrx_word' id='word_1_393' title='bbox 1841 4129 1956 4194; x_wconf 91' lang='lat' dir='ltr'>decoro</span> <span class='ocrx_word' id='word_1_394' title='bbox 1983 4137 2211 4213; x_wconf 87' lang='lat' dir='ltr'>constructum,</span> <span class='ocrx_word' id='word_1_395' title='bbox 2236 4131 2365 4194; x_wconf 90' lang='lat' dir='ltr'>fuerunt</span> 
     </span>
     <span class='ocr_line' id='line_1_34' title="bbox 552 4234 2364 4325; baseline 0.003 -28"><span class='ocrx_word' id='word_1_396' title='bbox 552 4234 695 4301; x_wconf 90' lang='lat' dir='ltr'>funditus</span> <span class='ocrx_word' id='word_1_397' title='bbox 718 4238 863 4302; x_wconf 89' lang='lat' dir='ltr'>demoliti</span> <span class='ocrx_word' id='word_1_398' title='bbox 885 4241 918 4302; x_wconf 94' lang='lat' dir='ltr'>in</span> <span class='ocrx_word' id='word_1_399' title='bbox 938 4261 1071 4325; x_wconf 90' lang='lat' dir='ltr'>gravem</span> <span class='ocrx_word' id='word_1_400' title='bbox 1095 4239 1269 4324; x_wconf 91' lang='lat' dir='ltr'>apostolice</span> <span class='ocrx_word' id='word_1_401' title='bbox 1295 4238 1386 4302; x_wconf 84' lang='lat' dir='ltr'>Sedis</span> <span class='ocrx_word' id='word_1_402' title='bbox 1411 4237 1562 4320; x_wconf 89' lang='lat' dir='ltr'>injuriam</span> <span class='ocrx_word' id='word_1_403' title='bbox 1585 4243 1618 4298; x_wconf 92' lang='lat' dir='ltr'>et</span> <span class='ocrx_word' id='word_1_404' title='bbox 1634 4243 1872 4322; x_wconf 79' lang='lat' dir='ltr'>contemptum3</span> <span class='ocrx_word' id='word_1_405' title='bbox 1891 4245 1923 4300; x_wconf 92' lang='lat' dir='ltr'>et</span> <span class='ocrx_word' id='word_1_406' title='bbox 1940 4238 2013 4302; x_wconf 90' lang='lat' dir='ltr'>licet</span> <span class='ocrx_word' id='word_1_407' title='bbox 2030 4239 2215 4323; x_wconf 90' lang='lat' dir='ltr'>hujusmodi</span> <span class='ocrx_word' id='word_1_408' title='bbox 2232 4261 2364 4324; x_wconf 89' lang='lat' dir='ltr'>aggres-</span> 
     </span>
     <span class='ocr_line' id='line_1_35' title="bbox 549 4342 2363 4432; baseline 0.002 -28"><span class='ocrx_word' id='word_1_409' title='bbox 549 4342 607 4424; x_wconf 91' lang='lat' dir='ltr'>sio,</span> <span class='ocrx_word' id='word_1_410' title='bbox 631 4345 765 4428; x_wconf 90' lang='lat' dir='ltr'>obsidio,</span> <span class='ocrx_word' id='word_1_411' title='bbox 783 4345 930 4430; x_wconf 88' lang='lat' dir='ltr'>dejectio,</span> <span class='ocrx_word' id='word_1_412' title='bbox 947 4346 1096 4432; x_wconf 90' lang='lat' dir='ltr'>spoliatio</span> <span class='ocrx_word' id='word_1_413' title='bbox 1120 4352 1152 4409; x_wconf 90' lang='grc'>01</span> <span class='ocrx_word' id='word_1_414' title='bbox 1175 4345 1322 4431; x_wconf 88' lang='lat' dir='ltr'>expulsio</span> <span class='ocrx_word' id='word_1_415' title='bbox 1346 4352 1378 4408; x_wconf 89' lang='lat' dir='ltr'>et</span> <span class='ocrx_word' id='word_1_416' title='bbox 1399 4343 1555 4408; x_wconf 90' lang='lat' dir='ltr'>nonnulla</span> <span class='ocrx_word' id='word_1_417' title='bbox 1578 4365 1620 4406; x_wconf 90' lang='lat' dir='ltr'>cx</span> <span class='ocrx_word' id='word_1_418' title='bbox 1643 4343 1717 4427; x_wconf 90' lang='lat' dir='ltr'>alijs</span> <span class='ocrx_word' id='word_1_419' title='bbox 1741 4343 1938 4407; x_wconf 87' lang='lat' dir='ltr'>facinoribus</span> <span class='ocrx_word' id='word_1_420' title='bbox 1957 4345 2105 4430; x_wconf 89' lang='lat' dir='ltr'>superius</span> <span class='ocrx_word' id='word_1_421' title='bbox 2127 4347 2284 4409; x_wconf 89' lang='lat' dir='ltr'>enarratis</span> <span class='ocrx_word' id='word_1_422' title='bbox 2305 4368 2363 4431; x_wconf 89' lang='lat' dir='ltr'>per</span> 
     </span>
     <span class='ocr_line' id='line_1_36' title="bbox 547 4450 2363 4540; baseline 0.003 -28"><span class='ocrx_word' id='word_1_423' title='bbox 547 4450 708 4535; x_wconf 88' lang='lat' dir='ltr'>prefatum</span> <span class='ocrx_word' id='word_1_424' title='bbox 732 4453 962 4518; x_wconf 89' lang='lat' dir='ltr'>bononiensem</span> <span class='ocrx_word' id='word_1_425' title='bbox 985 4454 1140 4540; x_wconf 90' lang='lat' dir='ltr'>populum</span> <span class='ocrx_word' id='word_1_426' title='bbox 1163 4453 1317 4517; x_wconf 90' lang='lat' dir='ltr'>adversus</span> <span class='ocrx_word' id='word_1_427' title='bbox 1340 4451 1486 4516; x_wconf 90' lang='lat' dir='ltr'>eamdem</span> <span class='ocrx_word' id='word_1_428' title='bbox 1504 4472 1670 4514; x_wconf 88' lang='lat' dir='ltr'>romanam</span> <span class='ocrx_word' id='word_1_429' title='bbox 1694 4451 1875 4514; x_wconf 87' lang='lat' dir='ltr'>Ecclesiam</span> <span class='ocrx_word' id='word_1_430' title='bbox 1891 4451 2075 4538; x_wconf 90' lang='lat' dir='ltr'>dictumque</span> <span class='ocrx_word' id='word_1_431' title='bbox 2091 4453 2252 4538; x_wconf 88' lang='lat' dir='ltr'>Legatum</span> <span class='ocrx_word' id='word_1_432' title='bbox 2276 4454 2363 4518; x_wconf 87' lang='lat' dir='ltr'>dete-</span> 
     </span>
     <span class='ocr_line' id='line_1_37' title="bbox 551 4558 2365 4646; baseline 0.002 -26"><span class='ocrx_word' id='word_1_433' title='bbox 551 4558 673 4622; x_wconf 89' lang='lat' dir='ltr'>standis</span> <span class='ocrx_word' id='word_1_434' title='bbox 696 4566 728 4622; x_wconf 92' lang='lat' dir='ltr'>et</span> <span class='ocrx_word' id='word_1_435' title='bbox 750 4560 916 4646; x_wconf 87' lang='lat' dir='ltr'>sacrilegis</span> <span class='ocrx_word' id='word_1_436' title='bbox 940 4562 1071 4626; x_wconf 91' lang='lat' dir='ltr'>ausibus</span> <span class='ocrx_word' id='word_1_437' title='bbox 1093 4567 1278 4646; x_wconf 89' lang='lat' dir='ltr'>perpetrata</span> <span class='ocrx_word' id='word_1_438' title='bbox 1302 4559 1382 4622; x_wconf 90' lang='lat' dir='ltr'>adeo</span> <span class='ocrx_word' id='word_1_439' title='bbox 1406 4579 1463 4644; x_wconf 90' lang='lat' dir='ltr'>per</span> <span class='ocrx_word' id='word_1_440' title='bbox 1486 4558 1649 4644; x_wconf 86' lang='lat' dir='ltr'>publicam</span> <span class='ocrx_word' id='word_1_441' title='bbox 1672 4558 1750 4621; x_wconf 92' lang='lat' dir='ltr'>facti</span> <span class='ocrx_word' id='word_1_442' title='bbox 1773 4559 1970 4622; x_wconf 90' lang='lat' dir='ltr'>evidentiam</span> <span class='ocrx_word' id='word_1_443' title='bbox 1994 4569 2101 4623; x_wconf 91' lang='lat' dir='ltr'>essent</span> <span class='ocrx_word' id='word_1_444' title='bbox 2125 4561 2260 4643; x_wconf 89' lang='lat' dir='ltr'>notoria,</span> <span class='ocrx_word' id='word_1_445' title='bbox 2280 4561 2365 4646; x_wconf 89' lang='lat' dir='ltr'>quod</span> 
     </span>
     <span class='ocr_line' id='line_1_38' title="bbox 547 4665 2366 4754; baseline 0.003 -27"><span class='ocrx_word' id='word_1_446' title='bbox 547 4665 636 4729; x_wconf 91' lang='lat' dir='ltr'>nulla</span> <span class='ocrx_word' id='word_1_447' title='bbox 667 4673 816 4752; x_wconf 87' lang='lat' dir='ltr'>poterant</span> <span class='ocrx_word' id='word_1_448' title='bbox 846 4669 1112 4753; x_wconf 85' lang='lat' dir='ltr'>tergiversatione</span> <span class='ocrx_word' id='word_1_449' title='bbox 1143 4669 1258 4750; x_wconf 84' lang='lat' dir='ltr'>celari,</span> <span class='ocrx_word' id='word_1_450' title='bbox 1282 4666 1367 4730; x_wconf 92' lang='lat' dir='ltr'>idem</span> <span class='ocrx_word' id='word_1_451' title='bbox 1398 4673 1504 4729; x_wconf 86' lang='lat' dir='ltr'>tamen</span> <span class='ocrx_word' id='word_1_452' title='bbox 1535 4665 1744 4751; x_wconf 90' lang='lat' dir='ltr'>predecessor</span> <span class='ocrx_word' id='word_1_453' title='bbox 1775 4687 1817 4729; x_wconf 90' lang='lat' dir='ltr'>ex</span> <span class='ocrx_word' id='word_1_454' title='bbox 1848 4666 2124 4750; x_wconf 88' lang='lat' dir='ltr'>superabundanti</span> <span class='ocrx_word' id='word_1_455' title='bbox 2148 4667 2187 4731; x_wconf 90' lang='lat' dir='ltr'>de</span> <span class='ocrx_word' id='word_1_456' title='bbox 2212 4675 2244 4731; x_wconf 91' lang='lat' dir='ltr'>et</span> <span class='ocrx_word' id='word_1_457' title='bbox 2268 4690 2366 4754; x_wconf 90' lang='grc'>00001</span> 
     </span>
     <span class='ocr_line' id='line_1_39' title="bbox 546 4773 2363 4860; baseline 0.003 -25"><span class='ocrx_word' id='word_1_458' title='bbox 546 4773 672 4836; x_wconf 87' lang='grc'>1010110</span> <span class='ocrx_word' id='word_1_459' title='bbox 694 4774 856 4838; x_wconf 87' lang='lat' dir='ltr'>evidentia</span> <span class='ocrx_word' id='word_1_460' title='bbox 880 4797 1070 4840; x_wconf 89' lang='lat' dir='ltr'>excessuum</span> <span class='ocrx_word' id='word_1_461' title='bbox 1091 4774 1307 4860; x_wconf 88' lang='lat' dir='ltr'>predictorum</span> <span class='ocrx_word' id='word_1_462' title='bbox 1331 4795 1389 4859; x_wconf 92' lang='lat' dir='ltr'>per</span> <span class='ocrx_word' id='word_1_463' title='bbox 1412 4773 1529 4836; x_wconf 86' lang='lat' dir='ltr'>multos</span> <span class='ocrx_word' id='word_1_464' title='bbox 1554 4794 1670 4857; x_wconf 84' lang='lat' dir='ltr'>magne</span> <span class='ocrx_word' id='word_1_465' title='bbox 1695 4773 1897 4836; x_wconf 87' lang='lat' dir='ltr'>auctoritatis</span> <span class='ocrx_word' id='word_1_466' title='bbox 1922 4773 2018 4855; x_wconf 87' lang='lat' dir='ltr'>viros,</span> <span class='ocrx_word' id='word_1_467' title='bbox 2036 4780 2068 4837; x_wconf 89' lang='lat' dir='ltr'>et</span> <span class='ocrx_word' id='word_1_468' title='bbox 2089 4781 2186 4838; x_wconf 88' lang='lat' dir='ltr'>testes</span> <span class='ocrx_word' id='word_1_469' title='bbox 2204 4775 2284 4839; x_wconf 91' lang='lat' dir='ltr'>alios</span> <span class='ocrx_word' id='word_1_470' title='bbox 2301 4775 2363 4840; x_wconf 90' lang='lat' dir='ltr'>fide</span> 
     </span>
     <span class='ocr_line' id='line_1_40' title="bbox 547 4878 2365 4968; baseline 0.002 -25"><span class='ocrx_word' id='word_1_471' title='bbox 547 4878 672 4965; x_wconf 86' lang='lat' dir='ltr'>dignos,</span> <span class='ocrx_word' id='word_1_472' title='bbox 696 4883 751 4966; x_wconf 92' lang='lat' dir='ltr'>qui</span> <span class='ocrx_word' id='word_1_473' title='bbox 774 4890 938 4968; x_wconf 89' lang='lat' dir='ltr'>presentes</span> <span class='ocrx_word' id='word_1_474' title='bbox 962 4884 994 4946; x_wconf 94' lang='lat' dir='ltr'>in</span> <span class='ocrx_word' id='word_1_475' title='bbox 1017 4884 1103 4947; x_wconf 89' lang='lat' dir='ltr'>dicta</span> <span class='ocrx_word' id='word_1_476' title='bbox 1126 4883 1256 4947; x_wconf 89' lang='lat' dir='ltr'>civitate</span> <span class='ocrx_word' id='word_1_477' title='bbox 1279 4889 1355 4945; x_wconf 91' lang='lat' dir='ltr'>tuuc</span> <span class='ocrx_word' id='word_1_478' title='bbox 1379 4880 1517 4962; x_wconf 89' lang='lat' dir='ltr'>fuerant,</span> <span class='ocrx_word' id='word_1_479' title='bbox 1542 4879 1805 4945; x_wconf 89' lang='lat' dir='ltr'>informationem</span> <span class='ocrx_word' id='word_1_480' title='bbox 1829 4882 1949 4968; x_wconf 91' lang='lat' dir='ltr'>recepit</span> <span class='ocrx_word' id='word_1_481' title='bbox 1972 4889 2104 4963; x_wconf 86' lang='lat' dir='ltr'>certam,</span> <span class='ocrx_word' id='word_1_482' title='bbox 2128 4883 2308 4968; x_wconf 86' lang='lat' dir='ltr'>plenariam</span> <span class='ocrx_word' id='word_1_483' title='bbox 2334 4893 2365 4948; x_wconf 90' lang='lat' dir='ltr'>et</span> 
     </span>
     <span class='ocr_line' id='line_1_41' title="bbox 545 4987 2362 5077; baseline 0.002 -27"><span class='ocrx_word' id='word_1_484' title='bbox 545 4987 682 5071; x_wconf 88' lang='lat' dir='ltr'>fidelem,</span> <span class='ocrx_word' id='word_1_485' title='bbox 700 4989 846 5075; x_wconf 90' lang='lat' dir='ltr'>quamvis</span> <span class='ocrx_word' id='word_1_486' title='bbox 868 4996 1000 5076; x_wconf 88' lang='lat' dir='ltr'>propter</span> <span class='ocrx_word' id='word_1_487' title='bbox 1023 4991 1302 5077; x_wconf 82' lang='lat' dir='ltr'>supervenientem</span> <span class='ocrx_word' id='word_1_488' title='bbox 1327 4989 1397 5072; x_wconf 87' lang='lat' dir='ltr'>ejus</span> <span class='ocrx_word' id='word_1_489' title='bbox 1421 4988 1544 5052; x_wconf 90' lang='lat' dir='ltr'>obitum</span> <span class='ocrx_word' id='word_1_490' title='bbox 1568 5010 1665 5074; x_wconf 91' lang='lat' dir='ltr'>super</span> <span class='ocrx_word' id='word_1_491' title='bbox 1688 4989 1863 5074; x_wconf 88' lang='lat' dir='ltr'>premissis,</span> <span class='ocrx_word' id='word_1_492' title='bbox 1881 4996 1975 5074; x_wconf 90' lang='lat' dir='ltr'>prout</span> <span class='ocrx_word' id='word_1_493' title='bbox 1992 4990 2117 5073; x_wconf 89' lang='lat' dir='ltr'>justitie</span> <span class='ocrx_word' id='word_1_494' title='bbox 2133 4989 2277 5053; x_wconf 90' lang='lat' dir='ltr'>debitum</span> <span class='ocrx_word' id='word_1_495' title='bbox 2294 4991 2362 5054; x_wconf 82' lang='lat' dir='ltr'>exi·</span> 
     </span>
     <span class='ocr_line' id='line_1_42' title="bbox 544 5095 2361 5183; baseline 0.001 -25"><span class='ocrx_word' id='word_1_496' title='bbox 544 5095 652 5180; x_wconf 88' lang='lat' dir='ltr'>gebat,</span> <span class='ocrx_word' id='word_1_497' title='bbox 665 5096 839 5181; x_wconf 89' lang='lat' dir='ltr'>procedere</span> <span class='ocrx_word' id='word_1_498' title='bbox 854 5098 989 5161; x_wconf 89' lang='lat' dir='ltr'>ulterius</span> <span class='ocrx_word' id='word_1_499' title='bbox 1006 5097 1211 5183; x_wconf 83' lang='lat' dir='ltr'>nequivisset.</span> <span class='ocrx_word' id='word_1_500' title='bbox 1224 5097 1303 5161; x_wconf 87' lang='lat' dir='ltr'>Post</span> <span class='ocrx_word' id='word_1_501' title='bbox 1319 5098 1410 5180; x_wconf 63' lang='grc'>01100</span> <span class='ocrx_word' id='word_1_502' title='bbox 1426 5096 1602 5177; x_wconf 90' lang='lat' dir='ltr'>decessum,</span> <span class='ocrx_word' id='word_1_503' title='bbox 1616 5117 1671 5159; x_wconf 93' lang='lat' dir='ltr'>nos</span> <span class='ocrx_word' id='word_1_504' title='bbox 1689 5096 1795 5160; x_wconf 92' lang='lat' dir='ltr'>divine</span> <span class='ocrx_word' id='word_1_505' title='bbox 1814 5096 2013 5182; x_wconf 91' lang='lat' dir='ltr'>providentie</span> <span class='ocrx_word' id='word_1_506' title='bbox 2030 5118 2162 5160; x_wconf 88' lang='lat' dir='ltr'>munere</span> <span class='ocrx_word' id='word_1_507' title='bbox 2179 5096 2219 5160; x_wconf 90' lang='lat' dir='ltr'>ad</span> <span class='ocrx_word' id='word_1_508' title='bbox 2236 5098 2361 5182; x_wconf 89' lang='lat' dir='ltr'>apicem</span> 
     </span>
     <span class='ocr_line' id='line_1_43' title="bbox 548 5202 2365 5292; baseline 0.002 -27"><span class='ocrx_word' id='word_1_509' title='bbox 548 5204 665 5267; x_wconf 90' lang='lat' dir='ltr'>summi</span> <span class='ocrx_word' id='word_1_510' title='bbox 688 5205 888 5289; x_wconf 88' lang='lat' dir='ltr'>apostolatus</span> <span class='ocrx_word' id='word_1_511' title='bbox 912 5206 1077 5292; x_wconf 90' lang='lat' dir='ltr'>assumpti,</span> <span class='ocrx_word' id='word_1_512' title='bbox 1095 5212 1162 5270; x_wconf 89' lang='lat' dir='ltr'>tam</span> <span class='ocrx_word' id='word_1_513' title='bbox 1185 5205 1315 5269; x_wconf 90' lang='lat' dir='ltr'>eosdem</span> <span class='ocrx_word' id='word_1_514' title='bbox 1339 5225 1490 5267; x_wconf 87' lang='lat' dir='ltr'>excessus</span> <span class='ocrx_word' id='word_1_515' title='bbox 1513 5225 1611 5289; x_wconf 92' lang='lat' dir='ltr'>quam</span> <span class='ocrx_word' id='word_1_516' title='bbox 1633 5205 1803 5289; x_wconf 88' lang='lat' dir='ltr'>preteritas</span> <span class='ocrx_word' id='word_1_517' title='bbox 1820 5203 1954 5288; x_wconf 89' lang='lat' dir='ltr'>injurias</span> <span class='ocrx_word' id='word_1_518' title='bbox 1971 5211 2003 5267; x_wconf 89' lang='lat' dir='ltr'>et</span> <span class='ocrx_word' id='word_1_519' title='bbox 2020 5202 2168 5287; x_wconf 85' lang='lat' dir='ltr'>offensas,</span> <span class='ocrx_word' id='word_1_520' title='bbox 2187 5225 2266 5289; x_wconf 90' lang='lat' dir='ltr'>quas</span> <span class='ocrx_word' id='word_1_521' title='bbox 2283 5206 2365 5269; x_wconf 90' lang='grc'>01001</span> 
     </span>
     <span class='ocr_line' id='line_1_44' title="bbox 546 5309 2362 5395; baseline 0.001 -23"><span class='ocrx_word' id='word_1_522' title='bbox 546 5309 642 5392; x_wconf 90' lang='lat' dir='ltr'>fama,</span> <span class='ocrx_word' id='word_1_523' title='bbox 659 5311 712 5374; x_wconf 91' lang='lat' dir='ltr'>vel</span> <span class='ocrx_word' id='word_1_524' title='bbox 728 5312 836 5376; x_wconf 90' lang='lat' dir='ltr'>verius</span> <span class='ocrx_word' id='word_1_525' title='bbox 859 5312 958 5376; x_wconf 90' lang='lat' dir='ltr'>refert</span> <span class='ocrx_word' id='word_1_526' title='bbox 978 5312 1121 5395; x_wconf 90' lang='lat' dir='ltr'>infamia,</span> <span class='ocrx_word' id='word_1_527' title='bbox 1139 5312 1215 5376; x_wconf 92' lang='lat' dir='ltr'>dicti</span> <span class='ocrx_word' id='word_1_528' title='bbox 1230 5311 1443 5375; x_wconf 88' lang='lat' dir='ltr'>bononienses</span> <span class='ocrx_word' id='word_1_529' title='bbox 1468 5310 1630 5374; x_wconf 90' lang='lat' dir='ltr'>nonnullis</span> <span class='ocrx_word' id='word_1_530' title='bbox 1654 5310 1728 5393; x_wconf 90' lang='lat' dir='ltr'>alijs</span> <span class='ocrx_word' id='word_1_531' title='bbox 1753 5310 1979 5374; x_wconf 81' lang='lat' dir='ltr'>Cardinalibus</span> <span class='ocrx_word' id='word_1_532' title='bbox 2007 5311 2153 5395; x_wconf 89' lang='lat' dir='ltr'>ejusdem</span> <span class='ocrx_word' id='word_1_533' title='bbox 2176 5318 2288 5376; x_wconf 87' lang='lat' dir='ltr'>sancte</span> <span class='ocrx_word' id='word_1_534' title='bbox 2312 5335 2362 5376; x_wconf 93' lang='lat' dir='ltr'>ro-</span> 
     </span>
     <span class='ocr_line' id='line_1_45' title="bbox 545 5417 2363 5505; baseline 0.001 -26"><span class='ocrx_word' id='word_1_535' title='bbox 545 5438 639 5481; x_wconf 88' lang='lat' dir='ltr'>mane</span> <span class='ocrx_word' id='word_1_536' title='bbox 662 5417 808 5483; x_wconf 89' lang='lat' dir='ltr'>Ecclesie</span> <span class='ocrx_word' id='word_1_537' title='bbox 831 5420 1006 5505; x_wconf 90' lang='lat' dir='ltr'>apostolice</span> <span class='ocrx_word' id='word_1_538' title='bbox 1030 5419 1121 5484; x_wconf 85' lang='lat' dir='ltr'>Sedis</span> <span class='ocrx_word' id='word_1_539' title='bbox 1137 5419 1270 5504; x_wconf 87' lang='lat' dir='ltr'>Legatis</span> <span class='ocrx_word' id='word_1_540' title='bbox 1287 5418 1405 5482; x_wconf 88' lang='lat' dir='ltr'>inferre</span> <span class='ocrx_word' id='word_1_541' title='bbox 1429 5417 1609 5504; x_wconf 88' lang='lat' dir='ltr'>nephandis</span> <span class='ocrx_word' id='word_1_542' title='bbox 1633 5417 1764 5480; x_wconf 89' lang='lat' dir='ltr'>ausibus</span> <span class='ocrx_word' id='word_1_543' title='bbox 1789 5426 2062 5503; x_wconf 89' lang='lat' dir='ltr'>presumpserunt,</span> <span class='ocrx_word' id='word_1_544' title='bbox 2080 5419 2126 5481; x_wconf 91' lang='lat' dir='ltr'>ita</span> <span class='ocrx_word' id='word_1_545' title='bbox 2142 5419 2226 5503; x_wconf 90' lang='lat' dir='ltr'>quod</span> <span class='ocrx_word' id='word_1_546' title='bbox 2244 5420 2313 5503; x_wconf 88' lang='lat' dir='ltr'>jam</span> <span class='ocrx_word' id='word_1_547' title='bbox 2331 5420 2363 5482; x_wconf 92' lang='lat' dir='ltr'>iu</span> 
     </span>
     <span class='ocr_line' id='line_1_46' title="bbox 547 5524 2362 5612; baseline 0.002 -26"><span class='ocrx_word' id='word_1_548' title='bbox 547 5545 649 5607; x_wconf 91' lang='lat' dir='ltr'>usum,</span> <span class='ocrx_word' id='word_1_549' title='bbox 666 5526 993 5612; x_wconf 88' lang='lat' dir='ltr'>consuetudinemque</span> <span class='ocrx_word' id='word_1_550' title='bbox 1016 5527 1209 5612; x_wconf 88' lang='lat' dir='ltr'>sacrilegam</span> <span class='ocrx_word' id='word_1_551' title='bbox 1231 5526 1456 5611; x_wconf 89' lang='lat' dir='ltr'>aggressiones</span> <span class='ocrx_word' id='word_1_552' title='bbox 1479 5532 1511 5588; x_wconf 91' lang='lat' dir='ltr'>et</span> <span class='ocrx_word' id='word_1_553' title='bbox 1534 5524 1749 5588; x_wconf 90' lang='lat' dir='ltr'>insecutiones</span> <span class='ocrx_word' id='word_1_554' title='bbox 1769 5524 1926 5588; x_wconf 90' lang='lat' dir='ltr'>dictorum</span> <span class='ocrx_word' id='word_1_555' title='bbox 1943 5524 2165 5590; x_wconf 79' lang='lat' dir='ltr'>Cardinalium</span> <span class='ocrx_word' id='word_1_556' title='bbox 2187 5525 2362 5590; x_wconf 83' lang='lat' dir='ltr'>deduxisse</span> 
     </span>
     <span class='ocr_line' id='line_1_47' title="bbox 545 5630 2357 5718; baseline 0.002 -24"><span class='ocrx_word' id='word_1_557' title='bbox 545 5631 709 5695; x_wconf 90' lang='lat' dir='ltr'>videretur</span> <span class='ocrx_word' id='word_1_558' title='bbox 732 5633 764 5694; x_wconf 93' lang='grc'>11</span> <span class='ocrx_word' id='word_1_559' title='bbox 788 5635 962 5718; x_wconf 87' lang='grc'>0000101100</span> <span class='ocrx_word' id='word_1_560' title='bbox 987 5634 1251 5698; x_wconf 88' lang='lat' dir='ltr'>considerationis</span> <span class='ocrx_word' id='word_1_561' title='bbox 1274 5633 1462 5697; x_wconf 90' lang='lat' dir='ltr'>scrutinium</span> <span class='ocrx_word' id='word_1_562' title='bbox 1486 5632 1689 5712; x_wconf 89' lang='lat' dir='ltr'>deducentes,</span> <span class='ocrx_word' id='word_1_563' title='bbox 1708 5632 1783 5695; x_wconf 89' lang='lat' dir='ltr'>licet</span> <span class='ocrx_word' id='word_1_564' title='bbox 1803 5630 1989 5695; x_wconf 89' lang='lat' dir='ltr'>eorumdem</span> <span class='ocrx_word' id='word_1_565' title='bbox 2004 5653 2195 5696; x_wconf 88' lang='lat' dir='ltr'>excessuum</span> <span class='ocrx_word' id='word_1_566' title='bbox 2211 5633 2357 5697; x_wconf 89' lang='lat' dir='ltr'>cumulus</span> 
     </span>
     <span class='ocr_line' id='line_1_48' title="bbox 544 5736 2361 5824; baseline 0.002 -25"><span class='ocrx_word' id='word_1_567' title='bbox 544 5736 765 5823; x_wconf 89' lang='lat' dir='ltr'>multiplicem,</span> <span class='ocrx_word' id='word_1_568' title='bbox 786 5739 986 5823; x_wconf 90' lang='lat' dir='ltr'>celeremque</span> <span class='ocrx_word' id='word_1_569' title='bbox 1010 5739 1197 5824; x_wconf 88' lang='lat' dir='ltr'>deposceret</span> <span class='ocrx_word' id='word_1_570' title='bbox 1218 5739 1341 5823; x_wconf 87' lang='lat' dir='ltr'>justitie</span> <span class='ocrx_word' id='word_1_571' title='bbox 1366 5740 1530 5820; x_wconf 86' lang='lat' dir='ltr'>ultionem,</span> <span class='ocrx_word' id='word_1_572' title='bbox 1547 5745 1656 5802; x_wconf 90' lang='lat' dir='ltr'>tamen</span> <span class='ocrx_word' id='word_1_573' title='bbox 1680 5737 1900 5802; x_wconf 88' lang='lat' dir='ltr'>misericordia</span> <span class='ocrx_word' id='word_1_574' title='bbox 1924 5738 1957 5801; x_wconf 91' lang='lat' dir='ltr'>in</span> <span class='ocrx_word' id='word_1_575' title='bbox 1979 5738 2072 5803; x_wconf 90' lang='lat' dir='ltr'>nobis</span> <span class='ocrx_word' id='word_1_576' title='bbox 2096 5739 2361 5824; x_wconf 83' lang='lat' dir='ltr'>superexaltante</span> 
     </span>
     <span class='ocr_line' id='line_1_49' title="bbox 543 5843 2357 5932; baseline 0.002 -26"><span class='ocrx_word' id='word_1_577' title='bbox 543 5843 711 5927; x_wconf 92' lang='lat' dir='ltr'>judicium,</span> <span class='ocrx_word' id='word_1_578' title='bbox 737 5845 869 5930; x_wconf 90' lang='lat' dir='ltr'>zeloque</span> <span class='ocrx_word' id='word_1_579' title='bbox 893 5846 1035 5909; x_wconf 85' lang='lat' dir='ltr'>zelantes</span> <span class='ocrx_word' id='word_1_580' title='bbox 1058 5846 1195 5909; x_wconf 90' lang='lat' dir='ltr'>salutem</span> <span class='ocrx_word' id='word_1_581' title='bbox 1218 5847 1371 5931; x_wconf 89' lang='lat' dir='ltr'>ipsorum,</span> <span class='ocrx_word' id='word_1_582' title='bbox 1395 5867 1432 5910; x_wconf 90' lang='lat' dir='ltr'>ac</span> <span class='ocrx_word' id='word_1_583' title='bbox 1456 5853 1622 5932; x_wconf 89' lang='lat' dir='ltr'>sperantes</span> <span class='ocrx_word' id='word_1_584' title='bbox 1654 5845 1739 5931; x_wconf 95' lang='lat' dir='ltr'>quod</span> <span class='ocrx_word' id='word_1_585' title='bbox 1763 5867 1820 5931; x_wconf 90' lang='lat' dir='ltr'>per</span> <span class='ocrx_word' id='word_1_586' title='bbox 1844 5845 2032 5931; x_wconf 87' lang='lat' dir='ltr'>patientiam</span> <span class='ocrx_word' id='word_1_587' title='bbox 2056 5852 2199 5908; x_wconf 90' lang='lat' dir='ltr'>nostram</span> <span class='ocrx_word' id='word_1_588' title='bbox 2221 5845 2260 5909; x_wconf 91' lang='lat' dir='ltr'>de</span> <span class='ocrx_word' id='word_1_589' title='bbox 2284 5867 2357 5932; x_wconf 94' lang='lat' dir='ltr'>pre·</span> 
     </span>
     <span class='ocr_line' id='line_1_50' title="bbox 545 5951 2361 6040; baseline 0.002 -27"><span class='ocrx_word' id='word_1_590' title='bbox 545 5951 638 6014; x_wconf 89' lang='lat' dir='ltr'>dictis</span> <span class='ocrx_word' id='word_1_591' title='bbox 663 5973 775 6015; x_wconf 90' lang='lat' dir='ltr'>eorum</span> <span class='ocrx_word' id='word_1_592' title='bbox 797 5953 983 6017; x_wconf 86' lang='lat' dir='ltr'>excessibus</span> <span class='ocrx_word' id='word_1_593' title='bbox 1005 5953 1056 6016; x_wconf 91' lang='lat' dir='ltr'>usi</span> <span class='ocrx_word' id='word_1_594' title='bbox 1079 5953 1199 6017; x_wconf 92' lang='lat' dir='ltr'>saniori</span> <span class='ocrx_word' id='word_1_595' title='bbox 1222 5953 1354 6017; x_wconf 90' lang='lat' dir='ltr'>oonsilio</span> <span class='ocrx_word' id='word_1_596' title='bbox 1377 5954 1566 6040; x_wconf 88' lang='lat' dir='ltr'>penitentes,</span> <span class='ocrx_word' id='word_1_597' title='bbox 1584 5954 1625 6017; x_wconf 90' lang='lat' dir='ltr'>ad</span> <span class='ocrx_word' id='word_1_598' title='bbox 1646 5953 1849 6017; x_wconf 90' lang='lat' dir='ltr'>devotionem</span> <span class='ocrx_word' id='word_1_599' title='bbox 1868 5959 1900 6015; x_wconf 92' lang='lat' dir='ltr'>et</span> <span class='ocrx_word' id='word_1_600' title='bbox 1924 5951 2139 6016; x_wconf 88' lang='lat' dir='ltr'>obedientiam</span> <span class='ocrx_word' id='word_1_601' title='bbox 2162 5961 2305 6016; x_wconf 89' lang='lat' dir='ltr'>nostram</span> <span class='ocrx_word' id='word_1_602' title='bbox 2330 5963 2361 6017; x_wconf 88' lang='lat' dir='ltr'>et</span> 
     </span>
     <span class='ocr_line' id='line_1_51' title="bbox 546 6059 2356 6146; baseline 0.001 -24"><span class='ocrx_word' id='word_1_603' title='bbox 546 6059 693 6142; x_wconf 87' lang='lat' dir='ltr'>ejusdem</span> <span class='ocrx_word' id='word_1_604' title='bbox 716 6081 847 6124; x_wconf 85' lang='lat' dir='ltr'>romane</span> <span class='ocrx_word' id='word_1_605' title='bbox 864 6059 1009 6124; x_wconf 82' lang='lat' dir='ltr'>Ecclesia</span> <span class='ocrx_word' id='word_1_606' title='bbox 1026 6061 1135 6146; x_wconf 90' lang='lat' dir='ltr'>pronis</span> <span class='ocrx_word' id='word_1_607' title='bbox 1151 6068 1183 6124; x_wconf 89' lang='lat' dir='ltr'>et</span> <span class='ocrx_word' id='word_1_608' title='bbox 1198 6060 1321 6124; x_wconf 90' lang='lat' dir='ltr'>devotis</span> <span class='ocrx_word' id='word_1_609' title='bbox 1339 6062 1452 6124; x_wconf 88' lang='lat' dir='ltr'>animis</span> <span class='ocrx_word' id='word_1_610' title='bbox 1468 6068 1659 6144; x_wconf 87' lang='lat' dir='ltr'>remearent,</span> <span class='ocrx_word' id='word_1_611' title='bbox 1676 6060 1806 6126; x_wconf 90' lang='lat' dir='ltr'>eosdem</span> <span class='ocrx_word' id='word_1_612' title='bbox 1822 6060 2041 6124; x_wconf 89' lang='lat' dir='ltr'>Bononienses</span> <span class='ocrx_word' id='word_1_613' title='bbox 2058 6059 2097 6123; x_wconf 88' lang='lat' dir='ltr'>de</span> <span class='ocrx_word' id='word_1_614' title='bbox 2114 6059 2255 6123; x_wconf 88' lang='lat' dir='ltr'>uberiori</span> <span class='ocrx_word' id='word_1_615' title='bbox 2270 6062 2356 6145; x_wconf 91' lang='lat' dir='ltr'>ejus·</span> 
     </span>
     <span class='ocr_line' id='line_1_52' title="bbox 544 6166 2359 6255; baseline 0.001 -25"><span class='ocrx_word' id='word_1_616' title='bbox 544 6167 617 6230; x_wconf 91' lang='lat' dir='ltr'>dem</span> <span class='ocrx_word' id='word_1_617' title='bbox 642 6166 787 6230; x_wconf 84' lang='lat' dir='ltr'>Ecclesia</span> <span class='ocrx_word' id='word_1_618' title='bbox 810 6168 915 6252; x_wconf 89' lang='lat' dir='ltr'>gratia</span> <span class='ocrx_word' id='word_1_619' title='bbox 932 6174 998 6231; x_wconf 90' lang='lat' dir='ltr'>tam</span> <span class='ocrx_word' id='word_1_620' title='bbox 1013 6189 1071 6254; x_wconf 90' lang='lat' dir='ltr'>per</span> <span class='ocrx_word' id='word_1_621' title='bbox 1088 6175 1213 6232; x_wconf 90' lang='lat' dir='ltr'>nostras</span> <span class='ocrx_word' id='word_1_622' title='bbox 1236 6167 1345 6232; x_wconf 90' lang='lat' dir='ltr'>literas</span> <span class='ocrx_word' id='word_1_623' title='bbox 1369 6169 1535 6254; x_wconf 88' lang='lat' dir='ltr'>speciales,</span> <span class='ocrx_word' id='word_1_624' title='bbox 1553 6190 1650 6254; x_wconf 89' lang='lat' dir='ltr'>quam</span> <span class='ocrx_word' id='word_1_625' title='bbox 1669 6189 1728 6255; x_wconf 91' lang='lat' dir='ltr'>per</span> <span class='ocrx_word' id='word_1_626' title='bbox 1751 6167 1899 6232; x_wconf 92' lang='lat' dir='ltr'>eumdem</span> <span class='ocrx_word' id='word_1_627' title='bbox 1916 6166 2122 6232; x_wconf 85' lang='lat' dir='ltr'>Cardinalcm</span> <span class='ocrx_word' id='word_1_628' title='bbox 2138 6168 2240 6230; x_wconf 89' lang='lat' dir='ltr'>sancti</span> <span class='ocrx_word' id='word_1_629' title='bbox 2256 6167 2359 6232; x_wconf 86' lang='lat' dir='ltr'>Marci</span> 
     </span>
     <span class='ocr_line' id='line_1_53' title="bbox 542 6273 2361 6363; baseline 0.001 -25"><span class='ocrx_word' id='word_1_630' title='bbox 542 6281 620 6339; x_wconf 90' lang='grc'>1010</span> <span class='ocrx_word' id='word_1_631' title='bbox 642 6273 920 6360; x_wconf 87' lang='lat' dir='ltr'>archiepiscopum</span> <span class='ocrx_word' id='word_1_632' title='bbox 942 6274 1206 6358; x_wconf 88' lang='lat' dir='ltr'>ebredunensem,</span> <span class='ocrx_word' id='word_1_633' title='bbox 1224 6281 1256 6339; x_wconf 88' lang='lat' dir='ltr'>ct</span> <span class='ocrx_word' id='word_1_634' title='bbox 1272 6275 1386 6340; x_wconf 91' lang='lat' dir='ltr'>iterato</span> <span class='ocrx_word' id='word_1_635' title='bbox 1403 6281 1479 6341; x_wconf 89' lang='lat' dir='ltr'>tnnc</span> <span class='ocrx_word' id='word_1_636' title='bbox 1495 6277 1527 6339; x_wconf 91' lang='lat' dir='ltr'>in</span> <span class='ocrx_word' id='word_1_637' title='bbox 1544 6277 1690 6363; x_wconf 90' lang='lat' dir='ltr'>partibus</span> <span class='ocrx_word' id='word_1_638' title='bbox 1707 6275 1770 6339; x_wconf 91' lang='lat' dir='ltr'>illis</span> <span class='ocrx_word' id='word_1_639' title='bbox 1787 6274 1931 6360; x_wconf 90' lang='lat' dir='ltr'>ejusdem</span> <span class='ocrx_word' id='word_1_640' title='bbox 1950 6274 2040 6338; x_wconf 86' lang='lat' dir='ltr'>Sedis</span> <span class='ocrx_word' id='word_1_641' title='bbox 2057 6275 2219 6358; x_wconf 90' lang='lat' dir='ltr'>nuncium,</span> <span class='ocrx_word' id='word_1_642' title='bbox 2236 6277 2361 6339; x_wconf 89' lang='lat' dir='ltr'>monui·</span> 
     </span>
     <span class='ocr_line' id='line_1_54' title="bbox 541 6381 2359 6470; baseline 0.001 -25"><span class='ocrx_word' id='word_1_643' title='bbox 541 6404 629 6464; x_wconf 89' lang='lat' dir='ltr'>mus,</span> <span class='ocrx_word' id='word_1_644' title='bbox 654 6381 880 6466; x_wconf 87' lang='lat' dir='ltr'>requisivimus</span> <span class='ocrx_word' id='word_1_645' title='bbox 904 6388 936 6445; x_wconf 90' lang='lat' dir='ltr'>et</span> <span class='ocrx_word' id='word_1_646' title='bbox 960 6382 1113 6445; x_wconf 89' lang='lat' dir='ltr'>attentius</span> <span class='ocrx_word' id='word_1_647' title='bbox 1136 6381 1255 6446; x_wconf 91' lang='lat' dir='ltr'>fuimus</span> <span class='ocrx_word' id='word_1_648' title='bbox 1278 6383 1450 6465; x_wconf 85' lang='lat' dir='ltr'>exhortati,</span> <span class='ocrx_word' id='word_1_649' title='bbox 1475 6385 1520 6448; x_wconf 90' lang='lat' dir='ltr'>cis</span> <span class='ocrx_word' id='word_1_650' title='bbox 1544 6405 1623 6449; x_wconf 90' lang='lat' dir='ltr'>sano</span> <span class='ocrx_word' id='word_1_651' title='bbox 1647 6390 1845 6470; x_wconf 89' lang='lat' dir='ltr'>paternoque</span> <span class='ocrx_word' id='word_1_652' title='bbox 1869 6381 2002 6446; x_wconf 87' lang='lat' dir='ltr'>consilio</span> <span class='ocrx_word' id='word_1_653' title='bbox 2030 6382 2202 6446; x_wconf 85' lang='lat' dir='ltr'>suadentes</span> <span class='ocrx_word' id='word_1_654' title='bbox 2229 6389 2359 6469; x_wconf 88' lang='grc'>01010-</span> 
     </span>
     <span class='ocr_line' id='line_1_55' title="bbox 542 6486 2360 6576; baseline 0.003 -24"><span class='ocrx_word' id='word_1_655' title='bbox 542 6489 647 6554; x_wconf 88' lang='lat' dir='ltr'>missis</span> <span class='ocrx_word' id='word_1_656' title='bbox 671 6494 703 6551; x_wconf 92' lang='lat' dir='ltr'>et</span> <span class='ocrx_word' id='word_1_657' title='bbox 725 6486 799 6571; x_wconf 90' lang='lat' dir='ltr'>alijs</span> <span class='ocrx_word' id='word_1_658' title='bbox 823 6508 884 6572; x_wconf 90' lang='lat' dir='ltr'>que</span> <span class='ocrx_word' id='word_1_659' title='bbox 909 6487 955 6551; x_wconf 91' lang='lat' dir='ltr'>eis</span> <span class='ocrx_word' id='word_1_660' title='bbox 979 6488 1064 6551; x_wconf 90' lang='lat' dir='ltr'>circa</span> <span class='ocrx_word' id='word_1_661' title='bbox 1093 6488 1153 6552; x_wconf 89' lang='lat' dir='ltr'>hec</span> <span class='ocrx_word' id='word_1_662' title='bbox 1183 6498 1313 6574; x_wconf 89' lang='lat' dir='ltr'>possent</span> <span class='ocrx_word' id='word_1_663' title='bbox 1345 6511 1512 6554; x_wconf 91' lang='lat' dir='ltr'>occurrere</span> <span class='ocrx_word' id='word_1_664' title='bbox 1544 6492 1786 6557; x_wconf 89' lang='lat' dir='ltr'>consideranter</span> <span class='ocrx_word' id='word_1_665' title='bbox 1818 6491 1966 6572; x_wconf 89' lang='lat' dir='ltr'>attentis,</span> <span class='ocrx_word' id='word_1_666' title='bbox 1990 6511 2054 6554; x_wconf 90' lang='lat' dir='ltr'>uon</span> <span class='ocrx_word' id='word_1_667' title='bbox 2086 6489 2360 6576; x_wconf 87' lang='lat' dir='ltr'>procrastinarent</span> 
     </span>
    </p>
   </div>
   <div class='ocr_carea' id='block_1_3' title="bbox 0 0 2750 7750">
    <p class='ocr_par' dir='ltr' id='par_1_3' title="bbox 0 0 2750 7750">
     <span class='ocr_line' id='line_1_56' title="bbox 0 0 2750 7750; baseline 0 4"><span class='ocrx_word' id='word_1_668' title='bbox 0 0 2750 7750; x_wconf 95' lang='lat' dir='ltr'> </span> 
     </span>
    </p>
   </div>
  </div>
 </body>
</html>
