5492 7750
787 659 1018 710 arnornurm
1046 659 1096 709 116
1125 657 1380 710 16616666666
1409 658 1514 708 16616
1542 658 1675 708 6111116
2087 637 2134 707 39

322 813 478 901 predicta,
503 813 698 895 civitatibus,
723 814 801 878 locis
825 821 857 877 et
880 815 1026 899 personis
1049 814 1089 878 16
1113 814 1184 899 ipsa
1208 813 1379 896 Societate,
1404 819 1436 877 et
1459 833 1659 899 quecumque
1683 833 1724 875 ex
1748 812 1804 894 eis,
1826 812 1877 875 vel
1902 813 1942 876 ob
1966 833 2005 876 66
2028 820 2138 877 666616

322 927 407 1004 6661,
424 921 552 1006 penitus
574 941 716 1004 revoces,
734 927 766 985 et
789 922 972 1006 specialiter
995 921 1254 985 constitutionem
1278 921 1398 984 1661661
1421 920 1460 984 16
1485 919 1598 983 Studio
1622 927 1654 982 et
1677 918 1879 983 studentibus
1896 919 2052 1003 Bononio,
2067 921 2138 984 uni·

322 1049 433 1092 versos
457 1035 489 1092 et
512 1027 656 1113 singulos
682 1028 737 1114 qui
769 1028 936 1092 occasione
965 1029 1102 1112 alicujus
1126 1028 1343 1113 predictorum
1366 1027 1425 1091 lesi
1447 1026 1644 1108 viderentur,
1669 1025 1841 1090 restituens
1864 1027 1897 1090 in
1921 1027 2082 1112 integrum
2105 1028 2137 1091 in

322 1134 471 1198 omnibus
495 1140 528 1198 et
550 1156 608 1220 per
632 1135 740 1198 omnia
763 1157 821 1198 sno
846 1136 944 1199 statui
960 1142 1057 1220 atque
1081 1134 1176 1216 fame,
1194 1134 1385 1198 remittendo
1409 1134 1575 1197 infamiam
1600 1154 1727 1198 omnem
1750 1139 1783 1196 et
1806 1154 1921 1219 penam
1946 1155 2008 1220 que
2029 1142 2138 1200 secute

322 1249 397 1306 sunt
420 1263 462 1306 611
485 1242 594 1328 aliquo
618 1243 845 1328 predictorum,
869 1243 915 1307 ita
938 1243 1023 1328 quod
1047 1263 1085 1306 ea
1109 1263 1172 1327 qua
1196 1242 1300 1306 medio
1324 1248 1468 1328 tempore
1492 1262 1549 1327 per
1573 1263 1627 1305 eos
1652 1247 1724 1305 acta
1748 1248 1832 1324 sunt,
1849 1263 1913 1306 nnn
1936 1241 2138 1306 obstantibus

322 1347 526 1433 supradietis,
547 1349 646 1412 robur
670 1348 836 1413 obtineant
859 1348 946 1433 quod
969 1349 1050 1412 alias
1074 1347 1252 1413 debuerant
1275 1349 1420 1412 obtinere
1444 1347 1487 1412 ad
1510 1348 1579 1430 hec,
1597 1347 1754 1430 civitates,
1771 1347 1843 1412 loca
1866 1356 1899 1412 et
1921 1370 2075 1434 personas
2099 1350 2138 1414 de

322 1454 393 1540 ipsa
419 1455 579 1519 Societate
601 1455 738 1541 recipias
763 1455 795 1518 iu
819 1461 873 1518 tua
897 1455 1001 1540 gratia
1025 1455 1257 1541 plenitudinem
1282 1455 1383 1518 61616
1412 1454 1513 1518 166166
1541 1455 1666 1518 firmam
1695 1475 1824 1540 pacem,
1848 1455 2031 1542 specialiter
2054 1479 2137 1521 mar-

322 1561 429 1625 chioni
453 1561 705 1644 Montisferrati,
729 1560 931 1644 Mediolano,
955 1561 1141 1644 Placentia,
1166 1561 1341 1643 Vercellis,
1364 1561 1527 1642 Bononia,
1551 1560 1727 1644 Faventia,
1750 1560 1960 1644 Alexandria,
1985 1563 2138 1646 Taurino,

322 1668 439 1752 Laudi,
463 1669 636 1754 Bergamo,
660 1669 783 1752 Brixia,
807 1669 951 1752 Mantus,
975 1669 1115 1753 Verone,
1140 1669 1263 1751 Ρ6166,
1287 1668 1446 1752 Vicentie,
1471 1668 1628 1751 Tarvisio,
1653 1668 1778 1753 Creme,
1802 1669 1962 1754 Ferraria,
1986 1678 2019 1735 61
2041 1673 2138 1736 comi-

322 1777 409 1840 tibus
432 1775 472 1839 de
495 1777 685 1860 Blandrat0,
703 1776 839 1862 aliisque
864 1776 942 1841 locis
965 1783 998 1841 et
1020 1777 1166 1863 personis
1191 1777 1388 1862 quibuslibet
1411 1776 1581 1840 Societatis
1606 1776 1761 1860 ejusdem,
1779 1777 1880 1841 166166
1900 1779 1998 1842 etiam
2013 1780 2140 1844 restitui

323 1884 478 1969 captivos,
496 1885 551 1968 qui
575 1890 649 1947 sunt
672 1884 758 1970 capti
782 1884 950 1948 occasione
972 1884 1070 1968 hujus
1094 1884 1251 1948 116661116
1276 1905 1348 1947 6661
1372 1883 1465 1946 bonis
1490 1904 1610 1966 eorum,
1628 1903 1666 1947 ac
1690 1883 1755 1947 alia
1778 1905 1839 1969 que
1856 1885 2022 1949 occasione
2039 1887 2139 1972 ipsius

323 1990 481 2054 discordie
506 1998 602 2076 capta
624 1998 699 2054 sunt
722 1991 775 2056 vel
799 1990 939 2054 detenta.
964 1990 1101 2077 Insuper
1125 2012 1252 2077 quoqne
1276 1989 1377 2055 166166
1401 1990 1471 2054 fieri
1494 1997 1642 2076 patentes
1665 1989 1775 2054 literas
1799 1999 1955 2077 exparte
1986 1993 2044 2056 filii
2074 1995 2137 2076 tui,

324 2098 380 2182 qni
403 2118 517 2183 pacem
540 2104 572 2160 et
596 2097 800 2162 concordiam
829 2098 925 2161 istam
957 2105 1061 2162 ratum
1092 2098 1225 2162 habebit
1249 2104 1282 2161 et
1304 2097 1429 2161 firmam
1453 2104 1485 2160 et
1508 2097 1649 2161 remittet
1673 2096 1736 2160 illis
1760 2097 1799 2161 de
1824 2097 1984 2163 Societata
2012 2121 2139 2164 omnem

324 2224 503 2286 rancorem,
520 2203 785 2286 malivolentiam,
802 2203 937 2288 injurias
954 2210 986 2268 et
1002 2203 1151 2268 offensas.
1168 2204 1227 2268 Η11
1243 2225 1319 2268 1616
1336 2204 1391 2289 (161
1407 2210 1482 2268 6661
1498 2204 1537 2268 16
1556 2203 1716 2268 Societate
1729 2204 1910 2288 jamdicta,
1927 2205 1969 2269 ad
1984 2206 2139 2271 honoram

324 2310 386 2374 Dei
410 2311 638 2396 omnipotentis
661 2318 694 2374 et
716 2309 861 2375 Ecclesia
885 2317 994 2376 sancte
1018 2333 1075 2375 sue
1103 2333 1141 2376 ac
1169 2313 1233 2394 161,
1257 2312 1333 2376 1661
1358 2311 1416 2375 tibi
1443 2333 1501 2397 pro
1525 2310 1666 2374 subsidio
1689 2317 1774 2375 terre
1798 2318 1909 2376 sancte
1932 2313 1965 2376 in
1988 2315 2138 2401 expensis

324 2418 470 2502 ejusdem
495 2418 664 2482 Societatis
688 2439 746 2505 per
768 2418 933 2482 biennium
955 2419 1073 2482 milites
1098 2419 1360 2504 quadringentos,
1378 2439 1415 2482 ac
1440 2417 1633 2500 civitatibus,
1650 2418 1728 2482 locis
1752 2425 1785 2482 et
1807 2420 1952 2504 personis
1968 2427 2022 2484 tue
2039 2421 2139 2508 impe-

325 2525 399 2588 riali
422 2525 614 2589 excellentie
638 2525 867 2589 adherentibus
890 2532 958 2589 tam
981 2526 1207 2590 ecclesiasticis
1231 2547 1328 2611 qnam
1352 2525 1541 2608 mundanis,
1565 2525 1687 2590 saciant
1708 2546 1822 2611 pacem
1852 2535 1885 2590 st
1910 2527 2140 2593 inviolabiliter

325 2639 463 2715 servent,
488 2632 686 2696 remittentes
711 2633 757 2696 eis
781 2653 908 2696 omnem
931 2653 1109 2714 rancorem,
1133 2633 1397 2715 malivolentiam,
1414 2632 1550 2716 injurias
1574 2639 1606 2696 et
1629 2631 1778 2715 offensas,
1795 2653 1834 2697 ac
1857 2642 2009 2698 revocent
2032 2636 2139 2700 omnia

324 2740 443 2822 banna,
468 2739 722 2822 constitutiones,
748 2739 923 2802 sententias
947 2745 980 2803 et
1003 2739 1236 2822 ordinamenta,
1260 2760 1322 2824 que
1346 2739 1491 2803 fecerunt
1515 2739 1567 2803 vel
1590 2739 1811 2825 imposuerunt
1835 2741 2035 2824 civitatibus,
2060 2743 2138 2808 locis

326 2854 358 2911 61
380 2838 526 2931 personis
551 2845 711 2932 imperiali
735 2853 788 2909 tue
812 2846 993 2910 celsitudini
1017 2846 1266 2928 adherentibus,
1291 2853 1323 2911 et
1347 2867 1546 2932 quecumque
1571 2867 1612 2910 ex
1636 2846 1683 2910 eis
1707 2852 1817 2910 secuta
1845 2855 1920 2910 sunt
1942 2849 1995 2912 vel
2023 2850 2063 2914 ob
2092 2870 2141 2914 ea.

327 2953 491 3039 Captivos,
509 2953 563 3037 qui
588 2953 756 3016 occasione
779 2953 876 3037 hujus
900 2953 1057 3018 discordie
1081 2954 1167 3039 capti
1192 2960 1266 3017 sunt
1289 2975 1361 3017 cum
1386 2953 1478 3018 bonis
1501 2973 1627 3036 eornm,
1644 2959 1676 3018 et
1697 2953 1762 3016 alia
1779 2975 1840 3040 (166
1857 2956 2025 3020 6661161666
2041 2956 2142 3042 ipsius

326 3059 483 3124 discordie
508 3066 603 3145 captu
627 3066 701 3123 sunt
717 3059 769 3124 vel
793 3059 934 3143 detenta,
950 3061 1132 3144 restituant,
1150 3061 1195 3124 116
1212 3060 1297 3144 qnod
1320 3060 1512 3124 adherentes
1537 3060 1595 3123 tibi
1619 3060 1766 3124 similiter
1784 3061 1830 3124 616
1847 3061 1968 3126 1661661
1984 3069 2016 3126 61
2032 3063 2140 3127 obser·

325 3175 412 3232 vent.
436 3168 503 3231 Alii
528 3175 636 3232 autem
660 3168 779 3254 captivi
803 3167 978 3232 secundum
999 3170 1053 3253 jus
1075 3169 1200 3254 1111116111
1217 3169 1437 3250 166111666161,
1454 3176 1579 3233 666116
1595 3169 1739 3254 legatum
1755 3177 1846 3233 tuum
1862 3171 1895 3234 in
1911 3170 2140 3236 Lombardiam

325 3297 384 3362 pro
407 3297 486 3361 pace
511 3275 717 3340 reformanda
740 3277 823 3340 16161
847 3275 1009 3340 discordes
1029 3276 1160 3340 16116116
1177 3276 1413 3340 1661111661616.
1436 3277 1688 3340 Constitutiones
1704 3298 1791 3359 vero,
1809 3277 1898 3362 leges
1914 3285 1946 3342 61
1962 3285 2083 3342 6161616
2099 3279 2141 3344 ab

325 3382 473 3447 Ecclesia
496 3403 630 3446 romana
653 3389 685 3447 61
718 3383 858 3446 16166616
889 3383 1156 3469 imperatoribus,
1181 3391 1215 3447 et
1236 3384 1419 3469 specialiter
1442 3405 1462 3447 a
1489 3390 1536 3466 16,
1562 3391 1675 3448 666116
1704 3384 1882 3467 hereticos,
1906 3391 2139 3471 receptatores,

326 3489 522 3572 defensores,
540 3489 706 3553 credentes
731 3497 763 3554 et
786 3489 929 3554 16616166
953 3511 1064 3554 661616
1088 3491 1244 3555 hactenus
1267 3491 1483 3577 promulgata,
1500 3492 1553 3554 vel
1572 3491 1781 3576 imposterum
1798 3492 2044 3577 promulganda,
2061 3494 2140 3557 reci-

325 3597 417 3684 piant
447 3604 479 3660 et
510 3596 682 3660 observent
713 3597 943 3661 inviolabiliter
974 3605 1006 3661 et
1033 3597 1205 3661 efficaciter
1230 3606 1442 3683 exequantur,
1467 3597 1747 3662 constitutionibus
1775 3598 2023 3684 municipalibus
2047 3599 2141 3663 editis

326 3710 438 3768 contra
460 3703 542 3767 tales
570 3703 776 3768 nihilominus
801 3704 834 3767 in
858 3705 924 3767 suis
947 3704 1025 3768 locis
1041 3705 1175 3768 firmiter
1193 3705 1412 3769 observandis.
1429 3705 1611 3769 Potestates
1628 3712 1746 3787 antem,
1764 3705 1920 3769 Consules
1937 3713 1970 3770 et
1984 3706 2140 3771 Rectores

326 3811 493 3874 civitatum
516 3810 716 3897 aliorumque
740 3810 893 3893 locorum,
918 3833 1118 3896 quocumque
1143 3813 1271 3877 nomine
1295 3818 1496 3894 censeantur,
1518 3812 1630 3896 jurent
1661 3811 1744 3897 quod
1776 3812 1833 3875 1116
1862 3812 2000 3877 fideliter
2032 3813 2140 3878 obscr-

325 3917 458 4000 vabunt,
484 3917 579 4002 idque
603 3939 690 4022 suoq
698 3918 809 4001 jurare
833 3918 955 3982 1661661
978 3939 1189 4002 66666666166,
1210 3927 1365 4005 ponentes
1389 3939 1444 3982 eas
1468 3919 1500 3983 in
1524 3919 1652 3983 statutis
1676 3919 1843 3983 civitatum
1870 3920 2069 4006 aliorumque
2093 3921 2140 3985 lo·

326 4045 447 4109 corum,
469 4025 525 4089 illa
548 4025 622 4089 inde
646 4046 851 4111 nequaquam
874 4025 1083 4112 imposterum
1107 4025 1253 4091 deleturi.
1277 4027 1405 4091 Statuta
1429 4027 1536 4091 omnia
1559 4027 1740 4092 communia
1764 4034 1797 4090 et
1818 4027 2037 4113 particularia,
2054 4027 2140 4093 facta

326 4139 438 4196 contra
460 4132 623 4196 Ecclesiae
647 4139 679 4196 et
703 4132 953 4197 eeclesiasticam
977 4134 1170 4216 libertatem,
1188 4135 1314 4220 penitus
1335 4142 1486 4199 revocent
1509 4134 1549 4198 16
1572 4135 1638 4198 6616
1655 4135 1946 4218 constitutionibus,
1963 4135 2093 4200 deleant
2108 4143 2140 4200 61

325 4259 364 4303 66
387 4239 440 4303 161
463 4241 509 4303 616
534 4240 653 4303 similia
676 4239 715 4304 16
740 4246 846 4304 661616
871 4262 935 4304 666
958 4247 1133 4305 resumant.
1158 4241 1388 4306 Lateranensis
1413 4263 1539 4327 quoque
1562 4247 1683 4306 statuta
1706 4241 1833 4306 concilii
1849 4249 1881 4305 et
1897 4242 2140 4306 constitutiones

325 4368 344 4409 a
368 4347 471 4430 nobis,
489 4353 520 4410 61
541 4347 631 4432 leges
655 4369 674 4410 a
698 4354 729 4411 te
754 4339 851 4433 super
875 4348 913 4411 116
934 4347 1047 4430 611166,
1065 4348 1246 4430 observent,
1264 4356 1297 4412 et
1316 4351 1428 4432 jurent
1450 4349 1659 4435 imposterum
1676 4349 1860 4432 observare,
1877 4369 2015 4435 suosque
2029 4350 2140 4434 jurare

325 4452 681 4518 166166166666666161.
706 4453 808 4518 Porro
831 4454 993 4539 predictos
1017 4454 1270 4540 quadringentos
1295 4455 1411 4519 milites
1434 4455 1466 4520 in
1491 4455 1606 4538 66616,
1630 4455 1797 4538 16616616,
1813 4455 1978 4520 161661116
2001 4456 2061 4520 sub
2085 4477 2140 4520 no·

325 4567 392 4624 stra
416 4569 448 4624 61
463 4561 596 4646 speciali
612 4560 787 4646 apostolice
805 4560 897 4625 Sedis
913 4562 1112 4646 protectione
1129 4562 1320 4648 suscipimus
1337 4583 1410 4626 cum
1426 4563 1573 4628 omnibus
1590 4563 1682 4627 bonis
1699 4563 1775 4644 suis,
1792 4562 1953 4647 iidemque
1969 4569 2141 4628 teneantur

325 4668 371 4732 ire
395 4670 427 4732 in
452 4670 499 4732 tui
522 4669 691 4755 passagio,
718 4668 803 4754 qnod
826 4690 846 4732 a
868 4676 900 4733 te
924 4675 1080 4733 statutum
1103 4676 1152 4733 est
1179 4676 1211 4734 61
1241 4691 1260 4734 6
1290 4691 1424 4734 1661666
1455 4669 1603 4734 Ecclesia
1634 4670 1858 4756 approbatum.
1884 4670 1935 4734 Tu
1965 4692 2058 4756 argo,
2082 4671 2141 4736 filii

325 4776 499 4859 carissime,
516 4775 700 4862 supradicta
725 4777 832 4839 omnia
856 4798 914 4862 pro
934 4783 1025 4862 parte
1042 4785 1098 4840 tua
1122 4797 1241 4860 serves,
1258 4777 1341 4841 sicut
1364 4777 1564 4863 imperialem
1585 4777 1678 4841 decet
1699 4778 1922 4860 constantiam,
1939 4778 2139 4861 inconcussa,

325 4904 363 4948 ac
386 4905 483 4969 super
506 4883 566 4948 hoe
590 4884 692 4966 nobis,
711 4884 807 4968 juxta
831 4890 976 4947 tenorem
1006 4905 1102 4968 quem
1125 4883 1185 4947 tibi
1208 4885 1465 4966 transmittimus,
1489 4891 1562 4948 tuas
1585 4891 1733 4970 patentes
1757 4905 1849 4948 cures
1876 4906 1978 4970 nsque
2001 4885 2043 4948 61
2065 4907 2139 4972 pro-

325 4991 446 5054 ximam
470 4990 663 5055 dominicam
686 4991 836 5054 instantis
860 4989 1107 5076 quadragesime
1132 4992 1349 5055 transmittere
1373 4992 1501 5074 literas,
1522 4999 1576 5056 166
1604 4992 1785 5077 majestatis
1808 4992 1936 5078 typario
1959 4992 2139 5078 insignitas.

414 5097 536 5162 Datum
558 5097 712 5162 Laterani
737 5098 830 5162 nonis
850 5097 1004 5182 januarii,
1029 5097 1234 5184 pontificatus
1257 5098 1359 5164 nostri
1382 5117 1467 5163 6666
1490 5099 1670 5164 undecimo.

1102 5429 1111 5445 ι’
1179 5401 1286 5466 XXV.

1072 5581 1168 5664 1227,
1194 5581 1212 5643 1
1233 5580 1398 5664 februarii.

716 5758 768 5822 Ex
792 5758 967 5823 Tabulario
991 5758 1079 5822 Max.
1103 5759 1245 5842 Bonan,
1269 5759 1302 5822 in
1326 5759 1466 5844 Rapistro
1490 5759 1584 5842 Nono,
1609 5781 1635 5823 6.
1663 5762 1702 5824 15
1728 5782 1752 5824 r.

415 5972 464 6036 De
492 5973 679 6037 remissione
711 5981 742 6037 ct
773 5974 943 6038 concordia
976 5975 1425 6061 166161616116111616161616
1450 5974 1769 6039 6111616116116616
1795 5975 2028 6041 Constitutione
2052 5977 2139 6040 faeta

326 6101 422 6166 super
447 6079 569 6144 Studio.

413 6257 597 6321 Eridericus
630 6257 692 6322 Dei
716 6259 823 6343 gratia
847 6279 1053 6323 romanorum
1077 6259 1258 6345 Imperator
1289 6281 1416 6346 semper
1439 6259 1625 6345 Augustus,
1649 6260 1856 6325 Hierusalem
1880 6266 1912 6324 et
1937 6261 2045 6326 Sicilie
2068 6283 2137 6344 rex,

325 6364 517 6430 Rectoribus
541 6366 708 6430 civitatum
740 6367 933 6450 Mediolani,
957 6358 1143 6452 Placentia,
1167 6368 1332 6450 Bononio,
1356 6368 1575 6452 Alexandria,
1599 6369 1775 6451 Thaurini,
1799 6369 1939 6451 Laudis,
1962 6368 2136 6454 Faventia,

325 6471 487 6558 Pergami,
511 6473 634 6556 Brixia,
658 6473 802 6557 Mantua,
818 6474 959 6559 Verona,
982 6475 1836 6561 Ρ6166,11666116,16111111,Ο1616666,Μ616111661
1858 6477 1979 6543 Montis
2000 6477 2137 6561 Eerrati,
