5492 7750
1417 648 1657 699 MONUMENTA

629 809 797 873 civitatum
812 807 959 873 Bononio
982 813 1014 871 et
1033 805 1149 871 Ymole
1175 811 1208 869 et
1223 803 1426 870 districtuum
1441 827 1563 889 eorum,
1581 815 1613 872 et
1628 807 1761 872 cuilibet
1777 830 1888 873 earum
1904 809 2023 894 poterit
2038 809 2197 892 invenire,
2215 809 2315 896 possit
2332 831 2448 897 capere

629 923 661 980 et
684 916 828 981 detinere
851 939 910 982 sua
934 915 1136 997 auctoritate,
1153 922 1185 979 et
1208 934 1281 979 cum
1305 915 1417 978 nuntio
1433 920 1466 978 et
1481 915 1549 978 sine
1567 916 1678 981 nuntio
1695 915 1858 999 Comanis,
1875 937 1976 1002 usque
1994 917 2036 981 ad
2059 917 2311 983 satisfactionem
2328 919 2448 984 residui

628 1025 705 1090 dicti
728 1025 849 1108 salarii,
866 1023 951 1110 quod
968 1023 1131 1089 residuum
1154 1029 1203 1086 est
1227 1022 1312 1108 quod
1332 1021 1504 1088 aOomuni
1528 1022 1675 1087 Bononie
1699 1023 1841 1109 recipere
1858 1024 1998 1088 debebat
2016 1025 2117 1088 libras
2140 1025 2294 1092 duomilia
2318 1033 2447 1091 centum

627 1133 881 1215 bononeuorum,
901 1139 934 1196 et
956 1131 1121 1196 residuum
1144 1129 1229 1216 quod
1253 1129 1396 1215 recipere
1417 1129 1556 1194 debebat
1573 1151 1592 1192 a
1609 1129 1745 1198 Comuni
1761 1131 1876 1196 Ymole
1893 1137 1942 1196 est
1958 1131 2114 1196 librarum
2130 1139 2259 1197 centum
2274 1133 2447 1219 sexaginta

627 1264 686 1307 sex
701 1249 734 1306 et
748 1241 912 1306 soldorum
928 1239 1083 1304 tredecim
1098 1245 1131 1304 et
1146 1239 1352 1303 denariorum
1368 1246 1507 1323 quatuor
1522 1237 1777 1323 bononeuorum,
1793 1247 1825 1304 11
1841 1261 1942 1326 usque
1960 1240 2002 1304 ad
2021 1239 2275 1306 satisfactionem
2298 1249 2330 1306 et
2353 1242 2446 1306 resti·

625 1350 782 1416 tutionem
805 1349 1024 1435 predictarum
1045 1347 1202 1410 libramm
1224 1346 1358 1431 triginta
1389 1347 1530 1432 quinque
1554 1367 1613 1432 pro
1635 1346 1753 1411 damno
1785 1368 1941 1433 equorum
1972 1369 2104 1414 suorum
2136 1349 2390 1432 vulneratorum,
2414 1356 2447 1414 et

624 1479 726 1543 usque
743 1457 785 1521 ad
800 1455 1055 1520 satisfactionem
1069 1453 1288 1541 predictarum
1302 1453 1459 1518 librarum
1474 1460 1676 1518 octocentum
1696 1453 1940 1518 bononeuorum
1956 1464 1988 1519 et
2006 1477 2176 1520 usurarum
2197 1457 2343 1542 preteriti
2364 1463 2446 1521 tem·

623 1565 710 1652 poris
734 1571 767 1629 et
789 1563 891 1628 futuri
913 1562 956 1627 ad
978 1568 1164 1648 computum
1186 1561 1350 1626 soldorum
1374 1561 1471 1624 trium
1495 1582 1553 1646 pro
1576 1561 1661 1624 libra
1684 1561 1717 1625 in
1740 1583 1843 1644 anno;
1865 1583 1946 1648 quas
1969 1563 2072 1645 dedit,
2097 1585 2155 1628 seu
2179 1563 2256 1628 dara
2281 1563 2368 1646 fecit,
2386 1585 2444 1650 pro

623 1673 709 1740 dioto
733 1673 863 1738 domiuo
886 1671 1022 1736 Alberto
1047 1669 1263 1735 Cazainimico
1286 1690 1345 1755 pro
1368 1668 1613 1754 recuperatione
1641 1677 1673 1732 ot
1701 1669 1921 1755 redemptione
1949 1670 2166 1756 predictarum
2192 1691 2370 1758 cupparum
2393 1693 2444 1736 ar·

623 1780 714 1867 genti
736 1787 768 1844 et
791 1774 1045 1860 oolariorumtll,
1062 1783 1094 1840 et
1117 1796 1224 1840 rerum
1247 1797 1327 1861 quas
1351 1775 1465 1840 habuit
1486 1775 1590 1839 dietus
1614 1776 1761 1840 dominus
1784 1775 1940 1842 Albertus
1964 1784 1999 1842 ut
2018 1778 2166 1862 superius
2190 1783 2312 1842 tactum
2328 1785 2395 1860 est;
2412 1785 2445 1844 et

622 1909 725 1974 usque
741 1888 783 1952 111
798 1886 1052 1952 satisfactionem
1067 1884 1285 1970 predictarum
1297 1883 1434 1947 duarum
1449 1904 1663 1969 pancerarum
1680 1882 1867 1948 robatorum
1879 1883 1911 1948 in
1925 1885 2055 1948 civitate
2070 1885 2217 1950 Bononia
2231 1886 2283 1950 vel
2296 1885 2443 1951 districtu

623 2002 655 2060 et
678 2016 779 2081 usqua
811 1994 852 2058 ad
882 1993 1136 2058 satisfactionem
1166 1991 1323 2056 librarum
1350 1991 1462 2055 decem
1490 1990 1614 2054 milium
1646 1997 1773 2054 monete
1803 1990 1982 2056 Mediolani
2011 2013 2070 2079 pro
2101 1992 2219 2057 menda
2249 1993 2442 2077 injuriarum

621 2123 772 2185 suarum;
789 2109 821 2165 11
842 2121 944 2186 usque
968 2099 1010 2163 ad
1032 2097 1286 2162 satisfactionem
1308 2098 1464 2162 librarum
1488 2097 1604 2182 viginti
1627 2097 1725 2162 trium
1748 2097 1949 2162 tertiolorum
1971 2119 2029 2184 pro
2053 2099 2204 2185 expensis
2229 2121 2313 2164 nunc
2337 2099 2442 2183 factis,

622 2208 823 2294 [secundum]
847 2206 932 2293 quod
956 2207 989 2271 in
1012 2206 1150 2292 scriptis,
1173 2205 1382 2291 petitionibus
1405 2211 1438 2268 et
1461 2204 1611 2290 capitulis
1634 2211 1666 2270 et
1690 2204 1826 2268 testibus
1850 2213 1882 2269 11
1909 2205 1942 2270 11
1973 2207 2195 2271 consciliatam
2225 2213 2258 2270 et
2288 2206 2442 2293 scriptam

620 2317 718 2403 hujus
748 2315 925 2402 questionis
949 2321 981 2380 et
1004 2313 1148 2379 conscilii
1171 2320 1204 2378 et
1231 2312 1397 2398 usquead
1424 2312 1677 2376 satisfactionem
1701 2312 1893 2377 damnorum
1916 2319 1949 2377 et
1978 2313 2133 2378 interesse
2165 2323 2198 2379 et
2225 2335 2441 2400 expensarum

621 2424 721 2489 futuri
743 2423 897 2510 temporis
925 2423 1068 2487 omniurn
1090 2421 1317 2507 predictorum.
1344 2419 1441 2485 Salvo
1473 2421 1501 2485 si
1531 2421 1570 2484 de
1596 2420 1710 2484 minori
1735 2421 1915 2506 quantitate
1940 2420 2046 2486 iurare
2070 2421 2226 2505 voluerit,
2251 2421 2336 2508 quod
2361 2443 2441 2507 qua·

619 2539 714 2597 tenus
737 2531 843 2595 minus
866 2531 1032 2612 iuraverit,
1056 2528 1220 2594 concessio
1244 2528 1388 2614 predicta
1411 2527 1652 2592 minorificatur.

711 2638 883 2704 Millesimo
907 2637 1126 2702 ducentesimo
1149 2637 1388 2723 septuagesimo
1412 2643 1545 2721 quarto,
1570 2635 1622 2699 die
1643 2635 1770 2699 sabbati
1801 2643 1915 2722 quarto
1943 2636 2082 2722 augusti.
2107 2635 2266 2702 Dominus
2289 2636 2440 2702 Julianus

621 2748 820 2831 Quinterius,
834 2746 938 2831 judex
960 2752 994 2810 et
1016 2745 1156 2808 vicarius
1178 2743 1255 2808 dicti
1278 2743 1399 2808 domini
1420 2743 1597 2808 Potestatis
1619 2743 1810 2825 Mediolani,
1828 2744 2051 2830 pronuntiavit
2073 2751 2206 2830 propter
2229 2746 2300 2829 ejus
2324 2745 2439 2809 absen-

615 2857 706 2939 tiam,
731 2854 909 2920 secundum
931 2852 1017 2939 quod
1039 2851 1187 2937 superius
1211 2851 1392 2916 continetur
1416 2857 1448 2915 et
1472 2851 1631 2936 scriptum
1655 2859 1713 2914 est.

706 2963 826 3028 Actum
849 2961 881 3026 in
905 2961 1026 3048 palatio
1050 2981 1169 3045 magno
1196 2958 1349 3024 Comunis
1378 2958 1572 3042 Mediolani,
1596 2958 1800 3044 presentibus
1825 2967 1885 3024 etc.
1909 2957 2008 3024 Petro
2032 2959 2176 3046 Epirouo
2200 2968 2232 3025 et
2255 2960 2437 3026 Beuaoorto

617 3071 783 3156 Pagriono
807 3075 839 3134 et
862 3067 1019 3134 Arderico
1043 3088 1062 3131 a
1085 3066 1216 3130 Villano
1244 3073 1276 3130 et
1307 3065 1445 3131 Girardo
1478 3066 1695 3131 Guartamaoo
1724 3073 1756 3130 et
1785 3065 1945 3132 Bertravo
1976 3067 2015 3131 de
2047 3068 2199 3153 Osenago
2230 3074 2263 3133 et
2289 3069 2436 3155 pluribus

619 3179 691 3243 aliis
715 3184 776 3242 ato.

705 3285 821 3370 Ibique
843 3283 1054 3349 incontinenti
1081 3303 1190 3347 coram
1213 3282 1290 3369 ipsis
1313 3283 1446 3347 Vioario
1469 3290 1501 3347 et
1531 3281 1677 3364 testibus,
1702 3282 1864 3368 predictus
1893 3282 2041 3346 dominus
2066 3283 2271 3349 Guillielmus
2294 3284 2436 3371 prestitit

617 3401 649 3458 et
672 3393 750 3458 fecit
771 3391 952 3479 predictum
974 3397 1212 3456 sacramentum
1239 3411 1297 3454 seu
1319 3397 1532 3472 sacramenta,
1554 3389 1586 3454 in
1608 3390 1756 3456 omnibus
1780 3397 1812 3454 et
1835 3411 1893 3476 per
1916 3391 2041 3473 omnia,
2066 3399 2201 3478 excepto
2225 3391 2311 3478 quod
2333 3392 2436 3456 mino·

617 3500 755 3566 rificavit
778 3506 810 3564 et
833 3499 974 3563 detraxit
997 3496 1096 3561 libras
1120 3497 1487 3583 centumquinquaginta
1510 3497 1711 3562 tertiolorum
1731 3498 1771 3562 ds
1788 3498 2052 3562 extimationibus
2073 3498 2293 3584 predictarum
2315 3520 2434 3563 rerum.

704 3607 776 3695 Ego
799 3607 942 3672 Ubertus
965 3606 1005 3670 de
1028 3606 1185 3688 Arviavo,
1206 3605 1350 3669 notarius
1374 3612 1406 3670 et
1428 3605 1535 3670 scriba
1560 3605 1694 3670 Camere
1718 3607 1833 3694 palatii
1856 3607 2009 3672 Comunis
2032 3606 2219 3689 Mediolani,
2243 3607 2367 3693 scripsi.

1351 3967 1353 3972 Ι
1426 3873 1605 3939 xxxma

1389 4071 1486 4154 1278,
1510 4071 1554 4135 29
1578 4073 1659 4136 iulii.

911 4267 965 4333 Ex
987 4268 1130 4332 Archino
1154 4266 1243 4331 Max.
1266 4268 1402 4351 bonon,
1428 4268 1460 4332 in
1484 4267 1624 4354 Reqistro
1644 4289 1757 4353 presso.
1781 4269 1837 4333 lib.
1862 4269 1909 4351 1.,
1932 4291 1997 4334 car.
2023 4272 2088 4334 484
2112 4291 2138 4334 1.

701 4465 741 4529 11
765 4465 893 4530 nomine
917 4464 1065 4547 Domini,
1090 4486 1194 4528 amen.
1219 4463 1315 4528 Anno
1338 4463 1470 4529 Domini
1491 4465 1662 4529 millesimo
1686 4465 1904 4530 ducentesimo
1929 4466 2168 4552 septuagesimo
2192 4474 2325 4552 octavo,
2350 4469 2431 4534 indi-

614 4575 719 4638 ctione
742 4579 852 4655 11111,
877 4573 928 4636 die
952 4573 1080 4637 veneris
1103 4577 1218 4657 quarto
1242 4571 1399 4636 kalendas
1423 4573 1569 4657 augusti,
1594 4573 1798 4658 pontificatus
1821 4571 1942 4638 domini
1965 4573 2093 4638 Nicolai
2115 4596 2200 4661 pape
2227 4576 2318 4641 tercii
2346 4597 2431 4642 anno

611 4681 726 4768 primo.
746 4682 864 4745 Pateat
886 4679 1046 4744 universis
1070 4701 1129 4765 per
1152 4680 1212 4743 hoc
1234 4679 1400 4765 publicum
1422 4680 1671 4744 instrumentum
1694 4680 1779 4765 quod
1802 4680 1930 4767 providi
1952 4681 2013 4744 viri
2029 4681 2226 4747 Antbolinus
2243 4683 2283 4748 de
2299 4683 2431 4750 Manno·

610 4790 688 4873 lino,
705 4789 817 4854 doctor
839 4788 959 4873 legum,
976 4794 1009 4851 et
1023 4786 1215 4851 Liazarinus
1231 4786 1271 4850 de
1286 4786 1477 4870 Liazarinis,
1495 4786 1609 4851 sindici
1630 4786 1817 4872 Potestatis,
1835 4787 2015 4874 Capitanei,
2033 4788 2178 4854 Ooosillii
2195 4797 2227 4855 et
2245 4789 2431 4857 Communis

612 4897 752 4962 civitatis
774 4895 931 4979 Bononia,
953 4895 987 4958 in
1009 4895 1174 4981 presentia
1194 4893 1257 4958 mei
1272 4894 1369 4958 Pauli
1384 4894 1502 4959 notarii
1518 4900 1549 4958 et
1565 4895 1696 4958 testium
1712 4895 1976 4982 subscriptorum,
1995 4918 2105 4962 coram
2120 4899 2322 4963 sanctissimo
2338 4907 2430 4985 patre

611 5013 644 5069 et
666 5003 796 5069 domino
820 5003 978 5068 Nicholao
1001 5002 1111 5066 divina
1133 5001 1336 5087 providentia
1359 5022 1484 5065 summo
1506 5001 1674 5084 Pontifice,
1699 5009 1731 5066 et
1754 5003 1994 5069 venerabilibus
2018 5004 2165 5090 patribus
2189 5005 2327 5072 dominis
2351 5007 2429 5072 Osr-
2464 5041 2466 5046 ·

610 5112 783 5194 dinalibus,
799 5110 903 5176 silicet
925 5109 1055 5174 domino
1079 5108 1222 5174 Ordonio
1238 5109 1468 5192 tusculanensi,
1485 5116 1517 5174 et
1534 5108 1662 5174 domiuo
1678 5108 1908 5196 B[entivegna]
1926 5112 2096 5176 albanensi
2112 5113 2282 5200 episcopis,
2299 5115 2428 5181 domino

609 5218 799 5303 A[noherio]
822 5218 908 5282 tituli
931 5218 1035 5282 sancti
1055 5216 1218 5300 Prasadis,
1235 5216 1364 5281 domino
1388 5215 1611 5300 G[uillielmo],
1628 5217 1714 5282 tituli
1734 5219 1837 5282 sancti
1857 5217 1970 5301 Marci,
1988 5219 2116 5284 domino
2134 5220 2280 5286 Gerardo
2296 5223 2429 5289 basilice

609 5325 780 5391 duodecim
802 5326 1033 5412 Apostolorum
1055 5324 1253 5411 presbiteris,
1269 5323 1399 5388 domino
1423 5323 1568 5407 l[acobo]
1592 5331 1702 5389 sancta
1724 5325 1827 5389 Maris
1844 5326 1876 5390 in
1894 5325 2068 5410 Cosmidin,
2086 5327 2215 5394 domino
2233 5329 2427 5414 G[otifredo]

610 5434 713 5498 sancti
736 5433 871 5519 Georgij
887 5433 928 5497 ad
943 5433 1075 5497 Vallum
1091 5452 1235 5514 aureum,
1259 5431 1388 5496 domino
1411 5431 1583 5515 M[attheo]
1603 5439 1713 5497 sancto
1734 5432 1837 5496 Maria
1855 5434 1887 5498 in
1902 5434 2046 5518 Porticn,
2063 5441 2095 5499 et
2110 5436 2240 5501 domino
2256 5437 2428 5522 Jor[dano]

609 5541 713 5606 sancti
727 5541 906 5623 Eustachii,
924 5539 1067 5605 diaconis
1083 5538 1309 5604 Oardinalibus
1326 5539 1500 5623 constituti,
1517 5540 1663 5604 fecerunt
1685 5540 1857 5626 quamdam
1881 5542 2152 5627 protestacionem
2176 5544 2209 5607 in
2233 5544 2292 5608 1111
2308 5546 2426 5610 verba:

609 5648 649 5712 In
672 5648 801 5712 nomine
824 5646 966 5730 Domini,
991 5667 1095 5711 amen.
1119 5647 1187 5712 Nos
1209 5647 1406 5712 Antholinus
1430 5647 1468 5711 de
1492 5646 1687 5729 Manaolino,
1705 5647 1816 5711 doctor
1839 5648 1960 5732 legum,
1978 5654 2010 5713 ot
2032 5648 2223 5715 Liazarinus
2248 5651 2426 5716 11111111-

609 5755 698 5838 rinis,
715 5755 830 5820 sindici
843 5754 1030 5838 Potestatis,
1046 5753 1225 5841 Capitonei,
1243 5753 1377 5838 Consilij
1395 5761 1427 5818 et
1443 5753 1628 5818 Communis
1644 5754 1783 5818 civitatis
1795 5755 2019 5838 Bononiensis,
2032 5763 2249 5842 protestamur
2266 5759 2353 5844 quod
2367 5781 2426 5846 per

608 5863 865 5949 recognioionem
898 5863 1050 5946 dominii,
1078 5862 1230 5942 dicionis,
1252 5862 1354 5944 juris,
1376 5861 1612 5946 jurisdicionis,
1636 5863 1805 5946 potestatis
1836 5883 1874 5927 ac
1901 5863 2117 5949 principatus,
2143 5885 2239 5950 quam
2271 5866 2426 5931 faciemus

608 5971 736 6035 nomine
752 5971 938 6053 Potestatis,
955 5969 1135 6056 Oapitanei,
1153 5968 1287 6053 Consilij
1304 5975 1336 6032 et
1353 5968 1538 6034 Communis
1555 5969 1741 6033 eorumdem
1761 5992 1820 6055 pro
1838 5971 1908 6056 ipsa
1928 5971 2068 6054 civitate,
2085 5973 2247 6037 territorio
2262 5995 2302 6038 ac
2319 5974 2425 6038 distri·

607 6085 662 6142 ctu
684 6067 860 6165 ipsius,'et
883 6077 1042 6142 universis
1066 6082 1098 6141 et
1121 6077 1255 6162 singulis
1283 6076 1501 6161 predictorum
1532 6076 1689 6159 civitatis,
1713 6079 1866 6143 territorii
1897 6085 1929 6142 et
1959 6079 2141 6163 districtus,
2166 6080 2317 6146 videlicet
2340 6082 2426 6167 quod

607 6185 721 6250 civitas
743 6185 951 6250 bononiensis
975 6185 1100 6269 atejus
1125 6183 1320 6248 territorium
1348 6205 1386 6248 ao
1409 6183 1571 6248 districtus
1595 6183 1636 6248 ad
1659 6185 1791 6249 beatum
1812 6186 1957 6269 Petrum,
1975 6187 2086 6251 celesti
2105 6188 2198 6273 regni
2214 6189 2423 6275 clavigerum,

606 6301 638 6358 et
662 6294 703 6357 ad
722 6315 791 6377 ros,
808 6292 1009 6358 sanctissime
1032 6292 1142 6375 Pater,
1159 6291 1286 6355 domine
1308 6290 1445 6356 Niohole
1468 6313 1554 6378 papa
1570 6291 1652 6375 III.,
1670 6313 1708 6356 ac
1731 6292 1771 6356 ad
1796 6315 1997 6358 successores
2017 6301 2141 6359 vestros
2165 6317 2315 6362 romanos
2337 6296 2424 6361 Pon·

686 6527 725 6591 (l)
745 6524 798 6576 Sic.
