5490 7750
776 676 1008 727 sracranrm
1036 677 1087 724 an
1115 676 1374 726 raouassoans
1404 675 1510 726 runis
1539 676 1672 726 c1v1n1s
2059 655 2132 726 133

317 834 463 918 auferas,
490 855 616 916 casses,
640 833 763 915 irrites,
788 839 820 896 et
842 832 986 896 totaliter
1010 831 1141 895 aboleas
1165 840 1197 895 et
1220 832 1378 914 annulles,
1399 831 1519 895 dictum
1544 830 1693 895 Studium
1715 832 1868 916 generale
1892 854 1964 896 cunr
1989 832 2137 897 omnibns

317 941 514 1027 privilegijs,
540 940 751 1026 indulgentijs
783 947 815 1002 et
842 938 957 1024 gratijs
981 938 1174 1024 supradictis
1203 937 1402 1002 restituendo
1425 943 1457 1001 et
1479 938 1709 1023 reintegrando
1732 937 1853 1002 eisdem
1877 939 1910 1002 in
1934 941 2082 1005 orrrnibus
2105 949 2137 1004 et

315 1069 373 1134 per
397 1049 505 1112 omnia
531 1049 614 1111 sicut
637 1046 718 1110 illud
741 1053 815 1109 ante
838 1045 1054 1131 patrationem
1078 1045 1236 1108 dictorum
1259 1065 1450 1109 excessuum
1466 1045 1665 1109 obtinebant.
1684 1044 1804 1110 Omnes
1827 1045 1959 1133 insuper
1982 1069 2137 1133 personas

316 1155 552 1219 ecclesiasticas
576 1161 609 1218 et
631 1154 811 1236 seculares,
836 1161 902 1216 tam
926 1153 1083 1234 civitatis,
1108 1153 1278 1216 comitatus
1302 1159 1334 1214 et
1357 1152 1521 1216 districtus
1544 1152 1761 1238 predictorum
1791 1175 1888 1238 quam
1919 1175 2136 1241 quoscumque

316 1262 397 1326 alios
421 1263 519 1325 etiam
542 1262 687 1326 forenses
710 1261 765 1346 qui
789 1266 940 1325 contenta
963 1260 994 1322 in
1020 1259 1141 1323 eisdem
1164 1280 1261 1344 super
1289 1259 1375 1324 dicta
1406 1259 1687 1342 reconciliatione,
1712 1266 1744 1324 et
1768 1261 1841 1346 alijs
1865 1283 1962 1347 super
1985 1262 2137 1348 predictis

317 1369 607 1450 declarationibus,
633 1368 907 1432 moderationibus
931 1375 963 1431 at
987 1366 1243 1452 suppletionibus
1267 1367 1382 1430 litteris
1407 1367 1524 1430 nostris
1547 1367 1702 1431 confectis
1734 1369 1960 1454 approbabunt
1983 1377 2016 1432 ct
2038 1371 2138 1433 ratifi-

317 1477 437 1541 cabnnt
460 1477 501 1540 ab
525 1475 867 1540 excommunicationis
891 1495 949 1538 seu
971 1473 1341 1538 excommunicationum
1376 1475 1536 1538 sententia
1559 1475 1612 1538 vel
1636 1477 1822 1559 sententijs,
1846 1497 1943 1561 quam
1973 1476 2026 1540 vel
2057 1499 2137 1563 quas

317 1591 449 1670 propter
475 1605 628 1647 excessus
652 1589 684 1647 et
708 1583 820 1668 culpas
851 1582 928 1647 clim
958 1589 1070 1646 contra
1103 1582 1321 1646 venerabilem
1353 1580 1502 1645 Fratrem
1533 1589 1677 1646 nostrum
1701 1582 1928 1666 Bertrandum,
1952 1585 2138 1671 episcopum

317 1691 500 1775 ostiensem,
520 1699 597 1754 tunc
621 1692 653 1754 in
676 1691 823 1776 partibus
846 1690 909 1753 illis
933 1690 1107 1775 apostolice
1133 1689 1225 1752 Sedis
1248 1689 1403 1773 legatum,
1428 1697 1461 1753 ct
1483 1690 1564 1753 alios
1586 1691 1728 1775 prelatos
1752 1697 1785 1753 et
1808 1711 1962 1776 personas
1986 1692 2138 1756 ecclcsia-

316 1799 414 1863 sticas
439 1806 514 1863 tuuc
538 1799 713 1862 existentes
738 1798 770 1862 in
794 1798 945 1862 comitiva
968 1797 1131 1884 ipsiusac
1154 1796 1331 1860 familiares
1357 1797 1511 1880 ciusdem,
1529 1819 1588 1862 nec
1611 1819 1674 1862 non
1696 1797 1849 1862 officiales
1865 1798 1991 1884 prefate
2007 1821 2139 1864 romane

315 1905 460 1970 Ecclesia
484 1913 560 1970 tunc
583 1907 616 1969 in
641 1907 782 1988 civitate,
807 1907 960 1969 comitatu
984 1913 1016 1968 ct
1040 1905 1186 1968 districtu
1210 1905 1362 1990 predictis
1386 1913 1558 1988 morantes,
1580 1905 1729 1970 faciendo
1750 1906 1897 1988 insultus,
1915 1928 2138 1992 aggressurae,

317 2014 536 2100 spoliationes,
554 2013 746 2094 obsidiones,
764 2013 868 2094 cedes,
881 2013 1131 2094 vulnerationes,
1150 2013 1324 2097 captiones,
1339 2012 1550 2095 detentiores,
1569 2013 1837 2077 incarcerationes
1854 2020 1886 2076 et
1903 2014 1966 2077 alia
1984 2014 2138 2079 adversus

317 2142 371 2184 eos
395 2121 554 2185 maleficia
578 2120 794 2206 perpetrando
818 2120 980 2206 flagitioso
1004 2126 1036 2183 et
1058 2119 1216 2204 sacrilego
1241 2141 1321 2183 ausu
1346 2121 1542 2202 commissos,
1563 2142 1621 2206 per
1644 2141 1812 2207 processus
1843 2127 1969 2185 nostros
2000 2129 2032 2186 et
2061 2123 2138 2186 dicti

316 2228 434 2312 Legati
458 2228 640 2312 dictamque
664 2228 924 2291 constitutionem
948 2233 979 2291 et
1003 2226 1083 2290 alios
1108 2246 1261 2308 canones,
1287 2248 1343 2290 seu
1367 2248 1424 2312 pcr
1447 2227 1658 2312 provincialia
1682 2234 1715 2291 et
1738 2228 1897 2292 sinodalia
1920 2235 2041 2292 statuta
2065 2251 2137 2314 prc-

317 2334 403 2399 dicta
427 2335 479 2398 vel
503 2335 584 2398 alias
608 2335 837 2420 premissorum
862 2335 1029 2398 occasione
1053 2334 1094 2397 ab
1117 2334 1246 2398 homine
1270 2334 1323 2396 vel
1346 2355 1365 2395 a
1387 2335 1460 2417 jure
1484 2335 1627 2420 prolatas
1655 2336 1906 2420 quomodolibet,
1924 2335 2136 2418 incurrerunt,

316 2442 489 2505 dummodo
514 2442 678 2505 humiliter
701 2443 852 2528 petierint
876 2463 910 2506 se
935 2442 1060 2505 absolvi
1083 2463 1120 2504 ac
1144 2441 1338 2504 restitutioni
1363 2441 1459 2505 realis
1483 2447 1515 2506 et
1539 2442 1715 2528 corporalis
1739 2441 1961 2528 possessionis,
1979 2449 2011 2506 et
2035 2443 2136 2528 qnasi,

317 2549 473 2632 civitatis,
499 2551 668 2614 comitatus
693 2557 725 2613 et
748 2550 910 2614 districtus
943 2571 979 2613 ac
1014 2549 1093 2612 meri
1125 2558 1157 2612 et
1181 2549 1273 2611 mixti
1297 2549 1423 2633 imperij
1448 2557 1481 2612 ct
1504 2550 1684 2613 omnimode
1711 2549 1962 2634 jurisdictionis,
1987 2571 2046 2614 nec
2073 2572 2137 2614 non

319 2663 498 2720 ceterorum
521 2656 640 2719 iurium
664 2656 881 2740 predictorum
904 2655 963 2720 tibi
983 2655 1150 2740 recipienti
1168 2662 1276 2719 nostro
1293 2663 1325 2718 et
1348 2655 1507 2718 dictorum
1531 2676 1752 2726 successorum
1776 2677 1814 2720 ac
1837 2677 1969 2721 romane
1993 2656 2137 2721 Ecclesia

317 2764 455 2846 nomine,
473 2763 631 2845 faciende,
652 2771 684 2827 et
706 2763 990 2848 recognitionibus,
1016 2762 1293 2845 ratificationibus,
1318 2763 1603 2848 acceptationibus,
1629 2763 1906 2846 affirmationibus,
1924 2764 2138 2828 confirmatio-

317 2871 422 2952 nibus,
447 2871 748 2955 emologationibus,
773 2893 845 2934 cum
869 2872 1122 2934 iurarnentorum
1145 2870 1406 2956 prestationibus,
1425 2870 1686 2955 obligationibus,
1704 2873 1802 2935 etiam
1825 2893 1922 2957 super
1939 2871 2023 2935 dicto
2041 2893 2139 2936 censu

318 2987 350 3042 et
374 2979 447 3062 alijs
471 2979 619 3043 omnibus
643 2984 675 3042 ct
698 2979 834 3064 singulis
859 2979 1016 3042 contentis
1041 2978 1073 3041 in
1097 2979 1190 3042 dictis
1214 2979 1329 3042 litteris
1354 2978 1536 3064 specialiter
1552 2985 1584 3041 et
1601 3000 1752 3065 expresse
1774 2979 2003 3061 consenserint,
2020 3000 2139 3065 easque

318 3085 454 3148 fecerint
476 3094 508 3149 et
532 3084 779 3170 adimpleverint
807 3093 842 3148 ut
873 3085 1044 3171 prefertur,
1069 3085 1167 3148 salvis
1191 3093 1299 3148 tamen
1330 3085 1535 3148 manentibus
1559 3084 1840 3168 declarationibus,
1865 3085 2138 3149 moderationibus

318 3200 350 3255 et
374 3192 630 3278 suppletionibus
656 3191 865 3278 supradictis,
891 3199 1018 3278 recepto
1043 3193 1140 3255 etiam
1165 3192 1253 3277 prius
1279 3191 1319 3254 ab
1342 3192 1463 3256 eisdem
1486 3191 1526 3255 de
1550 3192 1664 3257 stando
1689 3192 1849 3256 mandatis
1872 3193 2017 3257 Ecclesia
2041 3199 2138 3278 atquc

318 3301 435 3364 nostris
459 3300 567 3364 debito
591 3300 782 3382 iuramento,
799 3321 857 3385 per
880 3307 911 3363 te
937 3300 987 3363 vel
1011 3300 1110 3363 alium
1134 3322 1190 3363 sen
1215 3301 1296 3363 alios
1319 3301 1351 3362 iu
1375 3300 1555 3364 sacerdotio
1580 3301 1770 3364 constitutos
1794 3301 1886 3364 iuxta
1908 3301 2054 3365 Ecclesia
2074 3301 2137 3364 for·-

318 3428 404 3470 mam
436 3407 604 3488 absolvas,
629 3407 787 3472 mandans
811 3408 857 3471 eis
881 3407 941 3471 snb
965 3407 1072 3471 debito
1104 3407 1247 3471 eiusdem
1279 3408 1405 3493 prestiti
1436 3409 1625 3490 iuramenti,
1650 3408 1736 3493 qnod
1759 3409 1862 3494 passis
1889 3408 2041 3472 iniuriam
2071 3409 2139 3473 sive

317 3515 455 3597 damna,
480 3515 507 3577 si
539 3536 602 3578 neu
631 3515 863 3597 satisfecerint,
887 3514 1088 3578 satisfaciant
1117 3522 1335 3600 competenter
1359 3521 1391 3578 et
1414 3515 1532 3578 similia
1555 3516 1594 3578 de
1619 3523 1725 3579 cetero
1749 3537 1813 3578 non
1837 3517 2055 3598 committant,
2080 3537 2139 3580 nec

316 3623 590 3686 committentibus
622 3623 826 3686 consentiant
856 3623 908 3686 vel
931 3621 1126 3705 adhereant,
1152 3622 1209 3686 sed
1232 3623 1278 3685 cis
1302 3623 1336 3685 in
1358 3622 1478 3686 talibus
1502 3623 1638 3709 penibus
1663 3623 1903 3704 contradicant,
1928 3630 1960 3686 et
1984 3630 2140 3708 quantum

317 3730 350 3793 iu
374 3751 408 3792 se
432 3729 552 3793 fuerint
575 3729 752 3815 impediant
775 3730 972 3793 contrarium
987 3736 1219 3814 presumentes.
1237 3729 1317 3794 Cum
1334 3730 1398 3792 illis
1415 3751 1541 3815 quoque
1559 3730 1703 3816 personis
1720 3730 1945 3794 ecclesiasticis
1962 3753 2002 3794 ex
2019 3730 2140 3794 eisdem

318 3837 372 3923 qui
396 3837 548 3923 predictis
572 3837 666 3922 ligati
688 3838 859 3921 sentcntijs
882 3858 940 3923 pcr
964 3836 1202 3922 simplieitatem
1227 3844 1259 3901 et
1282 3837 1360 3900 iuris
1385 3837 1619 3922 ignorantiam,
1645 3859 1708 3901 non
1733 3838 1898 3901 tamenin
1922 3844 2140 3924 contemptum

318 3945 468 4026 clavium,
494 3944 603 4007 divina
627 3944 732 4008 officia
756 3945 962 4008 celebrarunt
977 3945 1028 4008 vel
1045 3965 1079 4007 se
1096 3945 1300 4028 ingesserunt
1320 3945 1451 4026 eisdem,
1468 3966 1566 4030 super
1586 3945 1825 4029 irregularitate
1849 3967 1946 4030 quam
1969 3951 2141 4031 propterea

317 4059 558 4133 contraxerunt,
577 4051 622 4114 eis
645 4051 732 4137 prius
757 4051 798 4114 ad
822 4059 948 4136 tempus
973 4052 1064 4114 iuxta
1087 4059 1141 4114 tue
1165 4052 1366 4115 discretionis
1391 4051 1559 4115 arbitrium
1584 4073 1757 4116 asnorum
1782 4053 1930 4116 ordinum
1949 4052 2139 4117 executione

317 4159 492 4244 suspensis,
510 4158 623 4222 eadem
647 4159 839 4222 auctoritate
861 4159 1037 4244 dispenses,
1055 4159 1205 4223 iniunctis
1229 4159 1275 4222 eis
1299 4180 1395 4246 super
1418 4160 1480 4224 hoc
1503 4159 1681 4245 penitentia
1704 4160 1839 4222 salutari
1862 4166 1895 4224 et
1918 4160 1991 4244 alijs
2015 4181 2076 4245 que
2101 4160 2141 4223 de

314 4267 388 4350 jure
412 4267 533 4330 fuerint
556 4266 754 4351 iniungenda
777 4274 873 4352 prout
890 4267 1071 4330 animarum
1087 4288 1218 4331 suarum
1234 4267 1331 4330 saluti
1347 4269 1538 4352 cognoveris
1555 4267 1718 4353 expedire.
1735 4267 1885 4331 Prcfatos
1902 4289 2029 4353 quoqne
2047 4267 2140 4332 (lom-

319 4394 431 4456 mune,
456 4373 710 4438 Universitatem
737 4381 770 4438 et
799 4374 970 4460 populum,
995 4375 1140 4459 aliasque
1164 4375 1401 4439 Universitates
1429 4384 1460 4439 et
1492 4375 1682 4440 Communia
1713 4376 1882 4438 comitatus
1915 4383 1947 4438 et
1977 4374 2140 4439 districtus

318 4481 461 4566 ipsorum
485 4489 517 4544 et
540 4480 721 4566 singulares
745 4503 899 4567 personas
924 4503 1035 4546 eorum
1058 4503 1100 4546 ex
1120 4489 1196 4545 tunc
1213 4482 1404 4546 anctoritate
1424 4483 1570 4569 predicta
1594 4482 1745 4546 restituas
1768 4483 1800 4545 in
1825 4483 1987 4567 integrum
2011 4482 2053 4546 ad
2075 4483 2140 4568 pri-

320 4588 437 4651 stinum
463 4595 598 4670 statum,
624 4588 761 4670 famam,
785 4589 923 4652 honores
947 4596 979 4652 et
1002 4589 1173 4674 privilegia
1197 4598 1229 4653 et
1260 4590 1324 4652 alia
1356 4591 1464 4654 omnia
1495 4597 1527 4653 et
1555 4590 1700 4675 singula,
1725 4590 1771 4654 ita
1794 4590 1880 4674 quod
1904 4597 2006 4653 status
2030 4610 2141 4653 eornm

318 4695 486 4759 occasione
511 4696 562 4758 vel
586 4716 684 4759 causa
715 4695 871 4759 dictorum
905 4718 1096 4760 excessuum
1127 4702 1159 4760 et
1182 4698 1350 4783 culparum
1374 4719 1411 4761 ac
1435 4697 1594 4762 dictarum
1618 4719 1774 4784 penarum
1798 4705 1831 4761 et
1853 4697 2085 4760 sententiarum
2109 4704 2141 4760 et

318 4823 527 4888 processuum
550 4823 823 4889 quorumcumque
848 4804 1076 4889 premissorum
1101 4805 1269 4868 occasione
1291 4811 1483 4888 secutorum,
1501 4805 1534 4868 in
1551 4806 1659 4890 aliquo
1675 4826 1738 4869 non
1755 4805 1885 4868 vacillet
1902 4825 1960 4868 nec
1976 4813 2142 4868 remaneat

320 4910 513 4991 diminutus,
538 4909 594 4973 sed
618 4910 761 4995 predicto
788 4911 901 4974 Studio
925 4911 1070 4995 generali
1094 4933 1131 4976 ac
1163 4913 1297 4998 pristino
1328 4919 1433 4995 statu,
1458 4913 1563 4994 farae,
1587 4912 1782 4995 honoribus,
1807 4912 1987 4997 privilegijs
2011 4917 2043 4975 ot
2067 4912 2123 4995 alij

319 5016 483 5101 beneficijs
515 5024 547 5080 et
578 5017 701 5081 iuribus
725 5019 819 5103 plene
851 5018 883 5080 in
908 5019 1055 5082 omnibus
1087 5019 1251 5104 gaudeant
1281 5027 1313 5083 et
1344 5026 1476 5083 utantur
1506 5020 1588 5083 sicut
1619 5027 1694 5083 ante
1717 5019 1878 5105 predictos
1901 5039 2070 5104 processus
2102 5041 2139 5082 ac

320 5125 538 5211 predictorum
561 5126 817 5190 commissionem
841 5148 1031 5190 excessuum
1056 5128 1102 5190 uti
1127 5135 1275 5212 poterant
1300 5135 1331 5191 et
1352 5128 1493 5213 gaudere
1510 5127 1549 5191 de
1566 5129 1699 5213 speciali
1716 5136 1825 5192 nostra
1841 5135 1873 5190 et
1889 5127 2031 5191 eiusdem
2051 5126 2142 5191 Sedis

321 5232 427 5316 gratia
452 5241 484 5296 et
507 5233 682 5318 apostolico
706 5232 906 5319 plenitudine
929 5234 1108 5319 potestatis.

408 5339 529 5403 Datum
553 5340 718 5423 Arinioni,
743 5341 1026 5426 decimoseptimo
1051 5341 1208 5404 kalendas
1234 5342 1314 5425 iulij,
1335 5342 1539 5427 pontificatus
1564 5343 1664 5406 nostri
1687 5364 1772 5407 anno
1797 5349 1898 5406 sexto.

1150 5626 1308 5690 nxtun.

1088 5806 1184 5888 1340,
1214 5807 1252 5868 15
1277 5809 1367 5870 alnas.

589 5999 641 6062 Ex
666 6000 778 6064 codem
802 6007 889 6065 tomo
914 6001 1032 6066 Codicis·
1055 6003 1240 6087 dr'prlcarolici
1263 6002 1461 6086 bononiensia,
1485 6025 1571 6066 num.
1596 6003 1679 6086 III.,
1705 6027 1731 6068 c.
1759 6007 1819 6067 311
1849 6026 1873 6066 r.

409 6195 605 6260 Benedictus
629 6197 809 6283 episcopus,
834 6219 946 6262 servus
970 6220 1137 6264 servornm
1160 6199 1237 6281 Dei,
1261 6200 1439 6263 venerabili
1463 6199 1555 6263 fratri
1578 6199 1796 6283 Beltramino,
1821 6201 1971 6286 episcopo
1995 6224 2142 6283 cumano,

321 6303 497 6388 apostolice
522 6303 614 6368 Sedis
639 6306 766 6388 nuncio,
791 6307 929 6370 salutem
953 6314 986 6371 ct
1009 6308 1218 6393 apostolicam
1244 6308 1508 6372 benedictionem.

411 6410 572 6484 Quoniam
597 6413 680 6476 sicut
702 6435 761 6499 per
784 6414 870 6477 viros
894 6423 1045 6500 expertos
1069 6424 1102 6479 et
1126 6416 1158 6478 in
1182 6415 1393 6500 regiminibus
1417 6417 1584 6480 civitatum
1607 6425 1639 6480 et
1663 6417 1800 6481 aliorum
1823 6417 1969 6481 locorum
1990 6419 2142 6504 probatos

321 6518 467 6581 civitates
492 6526 523 6582 et
547 6519 618 6584 loca
643 6521 785 6606 ipsorum
810 6523 981 6587 commissa
1009 6523 1157 6608 regimini
1189 6524 1311 6588 utiliter
1341 6524 1573 6610 gubernantur,
1599 6525 1643 6588 sic
1675 6547 1733 6610 per
1763 6525 1949 6610 inexpertos
1981 6532 2012 6589 et
2044 6547 2143 6591 noros
