5490 7750
642 622 715 692 128
1431 636 1673 688 nonuusnra

638 797 760 883 gentijs
784 805 816 860 et
839 796 954 880 gratijs
979 793 1171 880 supradictis
1195 793 1337 880 gaudere
1361 793 1444 858 sicut
1472 799 1546 856 ante
1575 792 1734 878 predictos
1758 813 1910 857 excessus
1934 801 1967 856 et
1990 793 2120 879 culpas,
2144 815 2279 879 percos
2303 796 2457 862 adversus

638 905 782 990 prefatos
812 905 973 989 Legatum
998 909 1030 967 et
1060 923 1228 968 romanam
1251 901 1432 966 Ecclesiam
1454 907 1668 988 perpetratos,
1693 921 1731 964 ac
1754 921 1923 985 processus
1948 901 2108 986 predictos
2132 902 2229 987 potiri
2253 910 2402 990 poterant
2424 913 2457 970 et

639 1013 792 1097 gaudere,
810 1032 874 1075 non
898 1010 1100 1075 obstantibus
1124 1009 1378 1094 quibuscumque
1402 1007 1572 1093 contrarijs
1596 1009 1629 1072 iu
1652 1007 1745 1071 dictis
1761 1007 2031 1072 reconciliationis
2047 1007 2192 1091 ejusdem
2213 1011 2265 1074 uel
2289 1012 2456 1096 quibusvis

638 1120 713 1204 alijs
736 1119 838 1182 literis
861 1118 980 1182 nostris
1004 1115 1179 1198 contentis,
1203 1136 1262 1202 per
1286 1136 1348 1201 que
1371 1115 1496 1179 nullum
1524 1115 1727 1200 presentibus
1758 1114 2023 1201 impedimentum
2046 1115 2155 1180 afferri
2178 1118 2230 1181 vel
2254 1119 2456 1184 obstaculum

637 1229 786 1292 volumus
814 1225 975 1310 interponi
1007 1223 1178 1311 quominus
1213 1223 1463 1306 declarationes,
1488 1222 1724 1286 moderationes
1756 1230 1788 1287 et
1818 1223 2038 1308 suppletiones
2069 1225 2254 1309 hujusmodi
2284 1233 2316 1290 et
2347 1227 2455 1292 omnia

637 1341 788 1400 contenta
819 1332 1022 1419 presentibus
1053 1330 1155 1395 literis
1185 1330 1317 1416 plenum
1349 1336 1587 1415 cousequantur
1614 1329 1764 1394 effectum
1787 1337 1819 1394 et
1843 1330 2066 1394 inconcussam
2089 1331 2230 1396 habeant
2253 1333 2455 1418 firmitatem,

638 1441 787 1507 omnibus
809 1449 840 1504 et
865 1439 1000 1524 singulis
1023 1438 1055 1502 in
1079 1436 1201 1502 eisdem
1224 1437 1325 1501 literis
1349 1437 1507 1502 contentis
1532 1437 1801 1502 reconciliationis
1831 1437 1975 1521 ejusdcm
2010 1439 2178 1520 contentis,
2203 1449 2362 1524 quatenus
2391 1463 2456 1506 non

638 1549 770 1614 obviant
793 1547 1014 1634 presentibus,
1039 1545 1091 1609 vel
1114 1545 1175 1608 nisi
1200 1551 1358 1630 quatenus
1389 1566 1447 1630 per
1475 1545 1556 1608 alias
1580 1545 1691 1608 literas
1715 1553 1841 1610 nostras
1866 1544 1987 1630 aliquid
2011 1546 2155 1610 extiterit
2178 1547 2397 1632 immutatum,
2420 1551 2455 1618 iu

637 1679 695 1721 suo
719 1656 833 1720 robore
858 1654 1030 1718 duraturis.
1055 1651 1162 1717 Tenor
1186 1659 1294 1716 autem
1317 1651 1393 1715 dicti
1418 1651 1594 1716 sindioatus
1618 1674 1675 1715 seu
1698 1653 1912 1738 procurator-ij
1937 1653 2011 1716 talis
2035 1661 2102 1717 est:

732 1790 747 1822 ‹
770 1763 811 1827 ln
839 1763 956 1826 Citristi
979 1763 1114 1843 nomiae,
1137 1781 1245 1842 amen,
1270 1761 1444 1844 etptoriose
1468 1759 1571 1824 Maria
1602 1759 1756 1845 Virpinis,
1779 1762 1887 1823 matris
1909 1761 1992 1844 ejus,
2016 1763 2183 1826 rusticitatis
2209 1763 2343 1846 ejusdem
2372 1787 2456 1830 anno

637 1874 796 1936 millesima
818 1871 1022 1934 trecentesimo
1044 1868 1287 1954 qnadr‘opesimo,
1304 1869 1467 1932 indictione
1492 1876 1605 1950 arturo,
1622 1868 1671 1932 die
1694 1875 1803 1952 pirano
1825 1870 1938 1932 atensis
1959 1870 2069 1952 aprilis
2076 1893 2087 1952 ;
2112 1869 2263 1936 Generale
2288 1871 2455 1937 Corrsiiinrn

640 1979 818 2044 Gomtnttrtis
841 1985 867 2042 et
888 1977 994 2061 populi
1016 1977 1144 2040 ciuitatis
1166 1974 1378 2056 Bononiensis,
1402 1982 1613 2059 representans
1635 1977 1861 2040 orrirersitatem
1886 1975 1963 2038 dicte
1984 1977 2112 2040 ciuitatis
2128 1984 2154 2040 et
2177 1977 2333 2044 distr-ierus
2349 1982 2455 2065 ipsius,

637 2090 718 2152 etin
744 2107 802 2172 quo
824 2107 876 2150 sert
895 2105 955 2170 per·
978 2083 1059 2169 qnod
1081 2104 1194 2168 mopna
1217 2089 1244 2146 et
1267 2085 1461 2166 prtarttunrtis
1484 2082 1588 2146 ardtm
1611 2084 1729 2167 nepotis
1752 2082 1825 2146 dicti
1850 2081 2027 2145 Cornrnunis
2049 2090 2076 2146 et
2098 2085 2209 2168 populi
2239 2087 2456 2174 ertjuscumque

636 2195 832 2276 conditionis,
862 2200 974 2256 aratore
1003 2191 1048 2254 rel
1073 2190 1221 2274 ponderis
1251 2192 1398 2272 existant,
1432 2192 1523 2252 etiarn
1554 2191 1580 2252 si
1610 2189 1647 2252 de
1676 2189 1859 2253 alienatione
1889 2189 1935 2254 ret
1964 2190 2159 2256 distractione
2186 2194 2456 2280 qualiumcumque

636 2301 783 2366 boaormn
810 2322 861 2364 sert
878 2301 1004 2383 jttrirtru
1029 2300 1124 2382 ipsius
1146 2298 1283 2380 ciuitatis,
1307 2299 1465 2360 corrritatns
1490 2297 1532 2360 rel
1554 2297 1711 2360 districtus
1732 2303 1885 2382 reperetur,
1908 2304 2092 2380 tractantur,
2116 2301 2345 2384 erarninantnr,
2369 2303 2454 2366 ortti-

636 2417 755 2474 nantur
777 2416 803 2472 ct
826 2409 1044 2487 terminantur,
1061 2412 1088 2469 et
1111 2406 1250 2486 tractari,
1267 2407 1451 2486 eraruinori,
1471 2405 1615 2468 ordinari
1636 2412 1662 2468 et
1685 2406 1848 2468 terminari
1870 2413 2098 2488 consueuerant,
2122 2414 2149 2470 et
2172 2411 2337 2472 terminata
2360 2409 2455 2474 robur

630 2523 815 2602 perpetuam
839 2513 948 2579 babere
969 2520 1130 2578 cetrsentur
1149 2520 1175 2576 et
1197 2511 1306 2576 babere
1329 2519 1557 2592 cortuteterunt,
1581 2511 1675 2574 simul
1697 2511 1740 2575 otl
1762 2511 1964 2596 infrascripta
1986 2513 2160 2596 tractanda,
2182 2515 2370 2599 ordinanda,
2393 2525 2454 2582 ter·

635 2625 785 2688 rainaudo
809 2631 835 2688 et
855 2623 1032 2707 parapanda
1054 2621 1223 2705 specialiter
1244 2620 1347 2684 liabita
1370 2621 1492 2685 licentia
1519 2619 1765 2706 Conprepotionis
1784 2622 1880 2704 ipsius
1898 2619 2026 2704 Coust'lij
2039 2643 2059 2684 a
2074 2625 2262 2686 sanctissimo
2278 2627 2311 2688 in
2330 2624 2455 2690 Christo

628 2739 722 2816 patre
753 2739 779 2794 et
803 2731 937 2794 Borrrino
968 2737 1087 2808 nostre,
1111 2729 1234 2792 domino
1264 2727 1426 2792 Benedicta
1454 2728 1559 2792 ditina
1584 2728 1779 2812 procidentia
1796 2749 1882 2812 papa
1904 2728 2094 2812 duodecima,
2117 2732 2156 2794 tle
2178 2753 2239 2815 qna
2262 2739 2376 2796 condat
2393 2755 2454 2818 per

630 2839 756 2922 papales
779 2840 895 2920 literas,
916 2837 1000 2900 autu
1017 2837 1128 2920 papali
1145 2836 1294 2919 pendenti
1315 2835 1463 2918 bullatas,
1486 2838 1637 2898 corrroeati
1658 2842 1684 2898 et
1707 2835 1891 2899 coadurnrti:
1914 2837 2047 2900 uidelicet
2069 2836 2177 2901 nobilis
2201 2839 2285 2903 utiles
2307 2840 2451 2904 dominns

630 2945 730 3032 Niper
761 2947 798 3010 de
829 2945 964 3009 Retectis
994 2945 1031 3008 de
1055 2944 1185 3024 Brixia,
1211 2943 1344 3006 Potestas
1367 2945 1495 3006 cititotis
1518 2942 1672 3026 Bononio,
1696 2943 1839 3006 dontinus
1862 2942 2030 3008 Jacobinus
2052 2944 2090 3008 de
2113 2945 2226 3030 Bepio,
2252 2949 2325 3011 tices
2344 2969 2453 3032 pererit

640 3053 800 3138 Capitonei
816 3054 891 3116 dicte
908 3054 1036 3116 ciritotis
1051 3059 1077 3115 et
1088 3053 1208 3136 populi,
1224 3051 1262 3114 de
1284 3071 1429 3114 cortsertsu
1453 3057 1479 3114 et
1505 3052 1655 3114 talantate
1678 3051 1888 3114 Antionarttm
1904 3058 1931 3114 et
1950 3049 2115 3114 Consulatu
2133 3055 2306 3117 eorumdem
2326 3058 2453 3120 ciritatis

633 3169 659 3226 et
680 3162 788 3245 populi
804 3160 956 3245 presentis
979 3162 1089 3224 mensis
1115 3161 1240 3243 aprilis,
1265 3167 1291 3222 et
1313 3160 1371 3242 ipsi
1394 3159 1486 3240 ijttent
1510 3159 1642 3220 Arttiani
1651 3209 1660 3241 ,
1684 3160 1769 3221 omni
1790 3160 1969 3222 anctoritate
1993 3181 2053 3244 qna
2073 3159 2270 3244 fnnpunctttr
2292 3163 2386 3226 simul
2408 3165 2453 3228 rel

631 3269 752 3332 dicisim
776 3270 809 3332 irt
828 3268 946 3352 palatio
968 3287 1043 3330 noro
1066 3267 1138 3330 dicti
1164 3265 1341 3329 Courrnttrris
1362 3286 1434 3328 sona
1457 3286 1679 3349 carnpanatutrn
1702 3267 1798 3348 upsins
1816 3264 1994 3328 Communis
2019 3287 2140 3350 roceque
2160 3288 2327 3350 precanum
2347 3291 2451 3353 prece·

633 3375 782 3458 dentibus,
799 3383 832 3438 nt
854 3376 948 3437 rnoris
970 3381 1022 3456 est,
1039 3376 1210 3458 corrprepoti
1228 3395 1288 3456 pro
1312 3373 1520 3456 infrascriptis
1543 3371 1676 3435 Sindicis
1699 3373 1741 3434 ati
1757 3371 1958 3456 irtfrrtscripta
1976 3374 2191 3436 constituendis
2207 3383 2233 3438 et
2248 3376 2434 3441 ordinandis
2441 3403 2452 3462 ,·

632 3485 663 3546 in
688 3505 746 3568 qno
770 3483 890 3567 quidem
918 3481 1049 3544 Consilio
1073 3480 1281 3563 interfuerunt
1310 3480 1521 3563 infrascripti,
1545 3481 1598 3564 qui
1620 3479 1658 3543 de
1679 3500 1809 3544 nuntero
1832 3481 2041 3544 elutiarrorurn
2066 3488 2092 3544 et
2118 3479 2287 3545 Consulatu
2314 3491 2341 3547 et
2373 3483 2451 3548 Con·

631 3592 822 3654 siiiariorum
843 3589 966 3672 fociant
989 3589 1073 3652 ultro
1097 3597 1157 3651 tres
1174 3595 1281 3671 partes
1303 3588 1524 3668 Antianarurn,
1552 3585 1718 3649 Consulum
1742 3593 1769 3650 et
1796 3585 2049 3650 Consilioriorum
2073 3589 2283 3672 predictorum
2296 3641 2303 3670 ,
2327 3594 2452 3656 nomina

632 3719 764 3783 putarunt
787 3699 998 3760 Atilianorum
1030 3703 1056 3760 et
1091 3695 1344 3759 t'ortsitiariorurn
1356 3743 1364 3776 ,
1397 3696 1450 3778 pai
1480 3694 1705 3776 interfuerunt,
1729 3701 1801 3758 sunt
1830 3694 1902 3758 iter:
1933 3695 2076 3758 dontinus
2104 3694 2248 3760 Titadeus
2278 3699 2350 3761 olim
2379 3699 2452 3764 bone

631 3806 774 3868 memorie
796 3805 913 3868 domini
937 3803 1046 3886 Barnej
1067 3803 1104 3866 tte
1130 3801 1265 3886 Pepalis,
1289 3803 1432 3865 ‹terraintts
1455 3801 1611 3864 Mattheus
1642 3803 1798 3886 qnondam
1820 3803 1938 3865 domini
1959 3800 2171 3886 Bottbolomej
2192 3805 2229 3868 de
2260 3804 2375 3888 t'rsijs,
2398 3807 2451 3870 do-

631 3915 734 3976 rniuns
758 3911 860 3976 Lucas
892 3911 1009 3974 domini
1037 3910 1207 3993 Bertolucij
1227 3910 1264 3974 de
1289 3909 1389 3973 Pretis
1413 3957 1552 3973 .....
1565 3945 1568 3952 v
1578 3957 1786 3972 .......
1811 3909 1867 3990 (¹),
1891 3910 2034 3973 dontinus
2057 3909 2215 3974 Jairannes
2241 3911 2450 3996 Caldarinns,

630 4020 733 4083 doctor
755 4019 965 4100 decretorum,
982 4018 1126 4080 dontinus
1142 4017 1299 4081 Joltanrtes
1321 4017 1358 4080 de
1385 4016 1553 4099 Gnsbertis,
1569 4017 1787 4100 tepora-doctor
1798 4066 1806 4099 ,
1822 4017 1965 4080 tioruintts
1987 4015 2179 4082 Laurentius
2202 4020 2319 4084 damini
2342 4020 2450 4086 Jacobi

630 4128 668 4190 de
691 4126 893 4210 Butriparijs,
911 4126 1011 4210 ieprtm
1036 4125 1155 4206 doctor,
1179 4126 1321 4189 dominns
1348 4124 1457 4188 Petrus
1480 4125 1518 4188 tte
1541 4123 1823 4206 Boracornatribtts,
1839 4125 1939 4209 tepora
1955 4125 2075 4208 doctor,
2099 4126 2243 4190 dominas
2267 4127 2450 4194 Dinarelltts

629 4233 667 4296 tte
694 4233 904 4314 Gitirillerijs,
927 4233 1072 4294 dontinus
1103 4229 1250 4294 Nicotaus
1279 4231 1316 4295 de
1347 4231 1549 4316 Aeropuidis,
1566 4231 1708 4294 dotrtintts
1734 4230 1902 4294 [tainorum
1924 4232 1961 4295 de
1986 4230 2191 4316 Oddofredis,
2215 4235 2357 4299 dontinus
2381 4237 2451 4301 Ma-

531 4397 535 4404 .
629 4341 752 4402 eatinus
783 4340 820 4403 de
849 4347 947 4402 ceretro
977 4339 1083 4403 Sancti
1114 4339 1215 4421 Petri,
1246 4339 1389 4402 rlarrrirtrts
1417 4339 1575 4402 Joltonnes
1604 4339 1641 4402 de
1672 4337 1851 4402 Presbiteris
1876 4339 2067 4423 jttsperitns,
2099 4340 2241 4404 dominus
2272 4344 2452 4408 Alerander

631 4445 714 4532 Lapi
737 4447 857 4530 juder,
892 4447 1037 4510 dorrrinus
1071 4446 1235 4530 Philippus
1262 4447 1300 4510 de
1330 4445 1540 4528 bbsclterarijs
1579 4446 1680 4530 lcpnm
1709 4446 1827 4526 dodon,
1853 4445 1973 4510 Paulus
2001 4447 2039 4510 de
2070 4446 2227 4530 Liaearijs
2261 4450 2450 4515 decretorum

632 4555 735 4618 ttoctor
738 4602 1147 4618 .............
1171 4555 1230 4637 t2);
1253 4554 1422 4638 ibidemque
1439 4553 1560 4637 prefati
1583 4553 1726 4636 Potestas,
1758 4552 1949 4637 Vicesperens
1978 4552 2172 4637 Capitonens,
2196 4556 2233 4619 de
2255 4578 2400 4622 coruscasti
2425 4568 2451 4624 et

636 4663 786 4726 roiurttate
807 4662 958 4725 dictorum
978 4661 1173 4724 dorniuorum
1189 4662 1399 4724 Atilianorum
1424 4668 1451 4724 et
1477 4659 1655 4743 Cortstttttrn,
1673 4668 1700 4724 et
1716 4662 1774 4744 ipsi
1796 4661 1876 4724 idern
1899 4662 2073 4725 Antianiet
2092 4661 2237 4726 Consules
2252 4664 2289 4728 de
2304 4687 2449 4730 consensu

631 4776 658 4833 et
680 4770 830 4833 uoluntate
849 4768 1104 4832 Conciliat-torum
1121 4767 1229 4832 ibidem
1246 4770 1447 4850 existentium,
1461 4775 1487 4832 et
1504 4770 1561 4853 ipsi
1576 4789 1679 4831 ornnes
1698 4767 1884 4851 Consiliarii,
1901 4789 1970 4830 cttnt
1985 4771 2163 4833 auctoritate
2179 4778 2205 4834 et
2220 4792 2364 4836 cerasensn
2376 4794 2450 4857 pre·

628 4877 778 4940 dictarunt
802 4875 969 4959 Potestatis,
994 4875 1209 4959 Vicesperentis
1238 4874 1398 4959 Capitanei
1418 4882 1444 4938 et
1467 4875 1678 4939 Antianarrtm
1701 4883 1728 4939 et
1754 4874 1921 4938 Consulum
1939 4876 2160 4958 predictorum,
2184 4884 2211 4940 et
2233 4880 2326 4942 simut
2349 4901 2451 4944 ornnes

625 4983 759 5068 predicti
781 4991 939 5067 tornqttant
971 4982 1157 5047 bbtioersitos
1181 4989 1207 5046 et
1233 4981 1399 5046 Corrtrrtune
1422 4983 1499 5045 dicte
1521 4984 1650 5046 ciritatis
1665 4990 1692 5046 et
1702 4983 1813 5066 popuii
1828 5004 1863 5046 ac
1878 4983 2034 5046 districtus
2050 4985 2155 5066 iprsins,
2172 4992 2198 5048 et
2222 4983 2451 5052 lbtirersitotetn

628 5097 721 5154 totam
744 5091 910 5154 setttadttnt
935 5111 1032 5154 rnores
1055 5098 1082 5153 et
1104 5091 1198 5174 lepem
1222 5089 1436 5172 ruunicipolem
1461 5078 1588 5152 ciuitatis
1610 5096 1637 5153 et
1654 5090 1765 5172 popuii
1787 5088 2032 5172 bononiensium,
2057 5097 2090 5153 ttt
2113 5090 2269 5174 dicebant,
2294 5115 2450 5177 represen-

630 5205 738 5280 tonteS,
763 5205 789 5261 et
812 5205 969 5282 tamquam
990 5198 1131 5282 pectorale
1157 5196 1327 5260 Consilium
1350 5197 1523 5260 earttntdem
1546 5197 1589 5259 ott
1612 5199 1737 5260 inuicem
1764 5198 1988 5278 torreordautes,
2007 5197 2157 5281 fecerant,
2180 5202 2400 5264 coristittteruut
2425 5210 2452 5266 et

627 5305 853 5368 ordinat-erunt
876 5307 1011 5388 ipsorum
1043 5312 1070 5367 et
1093 5305 1169 5367 dicte
1191 5306 1334 5386 cititatis,
1362 5302 1538 5367 Communis
1562 5312 1588 5368 et
1607 5305 1727 5388 papati,
1750 5325 1785 5367 ac
1816 5303 2025 5367 Unirersitatis
2042 5306 2180 5388 predicte
2204 5305 2351 5380 Sindicos
2373 5307 2450 5372 Pro·

632 5419 788 5476 certatores
811 5421 837 5476 et
862 5410 999 5474 Nttncias
1021 5413 1172 5495 speciales,
1188 5412 1308 5474 dilectos
1332 5419 1358 5473 et
1380 5411 1569 5475 honorabiles
1591 5414 1667 5475 cites
1690 5419 1716 5476 et
1738 5411 1960 5475 arnbariatores
1982 5433 2052 5475 suos
2073 5414 2106 5475 r'n
2130 5411 2227 5476 Curia
2242 5413 2359 5478 donnini
2369 5437 2451 5499 pape

631 5526 658 5583 et
680 5527 852 5582 sacrosante
877 5539 1001 5582 cornone
1024 5517 1155 5582 Ecclesie
1178 5518 1336 5581 dominnm
1362 5517 1489 5582 Petrum
1511 5519 1549 5581 de
1573 5518 1754 5603 Bompetris,
1779 5519 1877 5602 tepora
1902 5518 2062 5600 doctorem,
2086 5527 2113 5584 et
2140 5522 2321 5605 rnapistrttm
2344 5520 2450 5586 Bona·

631 5633 790 5690 rerttnra'nt
815 5624 966 5708 Jacobini,
989 5625 1123 5689 absentes
1146 5633 1302 5710 tamqnam
1322 5633 1487 5709 presentes,
1512 5629 1555 5689 ito
1578 5633 1678 5690 tattren
1702 5625 1784 5710 qaod
1807 5627 1865 5710 ipsi
1894 5627 1939 5689 rel
1970 5647 2074 5690 eorum
2104 5628 2271 5691 alterans
2297 5649 2366 5691 cttrtt
2389 5631 2451 5694 alio

626 5754 687 5817 per
709 5735 788 5816 ipsos
813 5735 844 5796 in
868 5734 1027 5797 correerdia
1050 5733 1258 5797 constituenda
1280 5733 1322 5794 ad
1339 5734 1490 5816 predicta,
1506 5736 1533 5796 si
1555 5734 1597 5796 ad
1618 5733 1672 5797 ltoc
1694 5733 1868 5797 deterreriut
1892 5734 1995 5814 sunta,
2012 5740 2039 5797 et
2062 5755 2121 5796 non
2146 5734 2268 5798 dirisim
2290 5737 2405 5818 possint
2424 5745 2451 5800 et

631 5839 757 5904 debeant
781 5843 887 5925 crepui
910 5841 1121 5924 infrascripta,
1137 5841 1306 5924 specialiter·
1328 5841 1370 5902 ad
1393 5862 1423 5905 se
1436 5843 1681 5926 presentandum
1706 5839 1878 5904 norrtt'rtibtts
1899 5839 2008 5925 quibus
2022 5861 2128 5924 supra,
2145 5861 2246 5904 corant
2263 5845 2450 5906 sanctissimo

624 5954 717 6031 patre
740 5955 766 6011 et
790 5948 911 6011 daunino
933 5946 1097 6011 Benedicta
1119 5948 1224 6010 dicium
1241 5948 1436 6031 procidentia
1455 5971 1539 6032 pmpa
1559 5949 1734 6011 duodecimo
1753 5947 1935 6031 prefatoque
1952 5968 2076 6011 romane
2091 5946 2223 6011 Ecclesie
2243 5969 2360 6012 samma
2371 5971 2450 6032 poa·

629 6055 717 6138 tifice,
741 6064 768 6120 et
796 6056 1116 6120 reterendissimorttnt
1134 6063 1266 6139 patrant
1289 6056 1484 6119 dominarum
1511 6055 1729 6120 Cttrtlinalium
1753 6055 1847 6118 Sacra
1873 6054 2003 6140 Coitepio
2026 6062 2053 6117 et
2076 6057 2109 6116 in
2133 6075 2320 6140 qttocnrrtqne
2345 6055 2450 6119 Carisi-

628 6164 668 6226 lia
691 6184 743 6227 seu
772 6163 955 6227 Consistoria
972 6163 1096 6248 publico
1119 6163 1164 6226 rel
1181 6165 1305 6246 priuata
1327 6163 1443 6245 prefati
1465 6167 1648 6227 strictissitni
1664 6165 1767 6249 patris
1791 6163 1835 6226 tel
1854 6163 1937 6244 aiibi,
1948 6169 2045 6246 prout
2067 6165 2254 6226 sanctissimo
2270 6165 2360 6247 patri
2381 6164 2416 6248 pi
2437 6199 2450 6210 ·

628 6273 735 6354 atterit,
752 6279 778 6335 et
795 6272 837 6335 att
853 6273 948 6355 ipsius
963 6270 1169 6334 omnimodam
1186 6270 1378 6351 uoluntatem,
1396 6277 1421 6334 et
1437 6270 1479 6333 ad
1493 6271 1737 6354 approbandum,
1755 6270 1972 6353 ratifeandttut
1989 6277 2015 6333 et
2030 6269 2277 6352 confirmandum
2294 6272 2326 6333 in
2344 6291 2451 6334 eorum

711 6505 733 6567 (1
758 6507 785 6554 st
806 6505 832 6567 2)
853 6501 1006 6554 Occurrunt
1026 6501 1227 6570 quamplurima
1246 6501 1300 6552 alia
1320 6500 1439 6564 aomina,
1459 6515 1528 6568 quas
1548 6499 1689 6552 brevitatis
1708 6517 1791 6552 cause
1809 6500 1980 6552 omittuntur.
