5490 7750
790 618 1021 668 senosanam
1050 619 1100 668 nn
1129 618 1382 668 rnorsssoans
1411 619 1516 668 anars
1545 617 1721 668 onnonrcr
2086 597 2159 666 173

346 771 422 834 dnm
446 773 479 835 in
503 771 640 836 ecclesia
665 773 768 835 sancti
792 771 1014 858 Appolliuaris
1038 771 1257 854 morabantur,
1275 772 1320 834 ita
1344 770 1429 856 quod
1454 770 1560 834 omnia
1583 770 1668 833 bona
1692 769 1849 832 dictarum
1867 769 2074 832 ecclesiarum
2092 789 2163 830 sau·

347 879 391 942 cti
414 879 637 965 Appollinaris
661 886 693 942 et
718 879 820 942 sancti
843 877 1007 944 Ambrosii
1024 879 1119 942 simul
1136 879 1288 942 uniantur
1304 886 1337 942 et
1352 879 1601 963 conjungantur,
1619 886 1650 940 et
1668 876 1706 940 dc
1724 885 1829 940 cetero
1848 877 1910 939 sint
1926 877 2034 958 unita;
2053 875 2165 938 dantes

346 985 479 1072 insuper
503 986 579 1050 dicti
603 985 751 1050 dominus
774 985 953 1072 Episcopus
977 992 1009 1050 et
1033 985 1187 1050 Canonici
1210 985 1340 1072 plenam
1363 993 1395 1049 et
1418 985 1554 1048 liberam
1576 991 1769 1070 potestatem
1799 984 1924 1070 prefato
1953 982 2165 1068 archipresbi-

347 1099 416 1156 tero
441 1093 656 1157 transserendi
680 1092 721 1157 ad
745 1093 913 1158 ecclesiam
937 1093 1041 1156 sancti
1064 1091 1228 1158 Ambrosii
1252 1091 1367 1155 fratres
1392 1091 1468 1156 olim
1499 1101 1733 1156 commorantes
1758 1091 1790 1154 in
1814 1091 1949 1155 ecclesia
1972 1091 2075 1153 sancti
2097 1089 2165 1174 Ap-

346 1200 523 1286 polliuaris,
548 1207 580 1264 et
605 1222 663 1264 sua
687 1201 878 1265 auctoritate
909 1200 1051 1263 intrandi
1082 1199 1315 1285 possessionem
1347 1199 1430 1263 dicte
1463 1199 1597 1263 ecclesie
1633 1199 1735 1262 sancti
1767 1197 1931 1262 Ambrosii
1963 1206 1995 1260 et
2025 1197 2166 1260 omnium

347 1307 523 1389 bonorum,
548 1307 715 1371 mobilium
739 1315 771 1370 et
795 1307 1023 1388 immobilium,
1046 1307 1168 1390 jurium
1192 1313 1224 1369 ct
1246 1306 1410 1370 actionum
1434 1305 1476 1370 ad
1500 1306 1669 1370 ecclesiam
1693 1306 1796 1369 sancti
1818 1305 1981 1368 Ambrosii
2005 1305 2166 1390 pertinen·

347 1414 437 1478 tium.
454 1414 508 1478 Ad
531 1413 590 1478 hec
614 1413 762 1479 dominus
787 1413 1002 1478 Thomasinns
1019 1413 1058 1477 de
1077 1412 1285 1498 Gallopcnsio
1296 1414 1335 1476 (ll
1353 1420 1384 1476 et
1402 1413 1549 1477 dominns
1565 1413 1698 1476 Passins
1711 1412 1836 1498 Ugonis
1854 1411 1892 1476 de
1909 1411 2037 1495 Ymola,
2055 1410 2167 1474 sindici

347 1521 533 1586 Gommunis
556 1522 773 1604 bononiensia,
791 1521 832 1584 ad
857 1521 975 1584 dietam
998 1520 1201 1585 concordiam
1218 1520 1470 1584 confirmandam
1494 1520 1659 1584 constituti
1676 1519 1746 1584 ricc
1764 1528 1795 1584 et
1812 1520 1939 1584 nomine
1958 1521 2057 1606 ipsius
2075 1521 2167 1583 t‘om-

347 1630 462 1711 mnnis,
476 1629 633 1693 habentes
649 1628 789 1714 speciale
806 1627 994 1691 mandatum
1010 1628 1052 1691 ad
1069 1627 1176 1692 omnia
1193 1634 1225 1691 et
1242 1627 1371 1714 singula
1388 1626 1588 1712 complenda,
1606 1628 1689 1690 utin
1707 1627 1918 1690 instrumento
1936 1627 2054 1712 scripto
2070 1646 2166 1689 manu

347 1736 480 1822 Ugolini
503 1736 542 1800 de
566 1736 681 1798 Brixia
704 1735 820 1798 notarii
845 1734 970 1820 plenius
996 1736 1194 1818 continetur,
1219 1735 1288 1798 vice
1314 1756 1351 1798 ac
1382 1735 1510 1798 nomine
1542 1733 1727 1798 Communis
1757 1733 1919 1816 Bononio,
1944 1755 2005 1820 que
2029 1740 2167 1796 tractata

346 1844 477 1908 fuerunt
499 1865 557 1929 per
581 1843 743 1907 dominum
768 1841 964 1928 Episcopum
989 1849 1021 1905 ct
1044 1842 1228 1928 Capitulum
1252 1841 1482 1906 bononiensem
1506 1849 1538 1904 et
1560 1862 1619 1927 per
1636 1841 1835 1905 Potestatem
1852 1847 1883 1903 et
1899 1841 2058 1904 Antianos
2075 1841 2168 1904 Conr-

348 1951 452 2014 mnnis
475 1950 698 2032 bononiensis,
723 1957 759 2014 ut
782 1971 881 2034 supra
904 1949 1095 2034 premissum
1120 1956 1185 2032 cst,
1211 1950 1242 2012 in
1267 1950 1421 2036 petitione
1446 1948 1630 2013 Communis
1655 1948 1802 2013 Bononie
1831 1948 1915 2011 facta
1941 1947 2069 2011 domino
2091 1946 2168 2034 Epi-

348 2079 444 2143 scopo
468 2064 500 2120 ct
525 2057 674 2143 Capitulo
699 2056 905 2134 bononiensi,
930 2064 1079 2141 presente
1106 2056 1190 2120 dicto
1215 2055 1343 2120 dominc
1367 2055 1508 2120 Rizardo
1532 2056 1571 2120 de
1595 2055 1694 2138 Villa,
1716 2055 1882 2120 Potestute
1907 2054 2113 2136 bononiensi,
2137 2063 2169 2118 et

348 2164 532 2246 mandante,
551 2170 781 2228 consenserunt
805 2163 957 2249 predictis
981 2164 1129 2228 omnibns
1153 2169 1185 2227 et
1210 2169 1317 2226 ratum
1338 2163 1531 2246 habuerunt,
1549 2172 1580 2226 et
1601 2164 1857 2249 juspatronatns,
1876 2171 2031 2247 quantum
2049 2162 2090 2224 ad
2106 2162 2169 2224 cle·

347 2271 486 2336 ctionem
510 2293 567 2334 seu
591 2271 863 2356 presentationem
880 2277 1015 2357 spectat,
1039 2271 1230 2335 remiserunt
1247 2292 1399 2356 expresse
1424 2270 1507 2334 dicto
1531 2270 1806 2356 archipresbitero
1826 2291 1863 2334 ac
1885 2270 2052 2351 dederunt,
2070 2269 2169 2354 stipu-

346 2379 428 2442 lanti
451 2387 483 2443 et
506 2378 676 2465 recipienti
699 2378 769 2443 vice
794 2385 825 2441 et
848 2378 976 2442 nomine
1000 2378 1102 2463 ipsius
1125 2378 1229 2463 plebis
1253 2385 1286 2441 et
1311 2376 1444 2441 ecclesie
1469 2377 1572 2441 sancti
1596 2378 1770 2460 Ambrosii,
1793 2377 1883 2440 salvo
1905 2377 2169 2463 jurepatronatns

347 2485 409 2571 ipsi
434 2485 603 2550 Communi
628 2485 659 2548 in
684 2485 830 2549 omnibus
856 2486 938 2567 aliis,
956 2485 1001 2548 ita
1026 2485 1110 2570 quod
1133 2485 1216 2548 idom
1232 2485 1493 2570 Archipresbiter
1516 2491 1548 2548 et
1572 2485 1621 2548 sni
1646 2506 1847 2547 successores
1871 2485 2006 2548 liberam
2030 2484 2170 2548 babeant

348 2593 537 2656 electionem
561 2593 694 2656 rectoris
718 2593 750 2657 in
774 2592 860 2656 dicta
884 2593 1020 2656 ecclesia
1045 2592 1148 2656 sancti
1164 2592 1345 2674 Ambrosii3
1363 2592 1585 2678 promittentes
1602 2591 1738 2677 predicti
1757 2591 1891 2674 Sindici,
1909 2593 2036 2655 nomine
2053 2599 2084 2654 ct
2100 2591 2169 2655 rice

346 2700 447 2786 ipsius
464 2699 660 2781 Communis,
682 2699 826 2785 predicta
850 2699 957 2762 omnia
982 2698 1148 2763 attendere
1172 2704 1204 2762 et
1229 2699 1401 2763 observare
1423 2707 1455 2762 et
1479 2719 1543 2762 nou
1559 2699 1784 2762 contravenire
1801 2720 1858 2785 pcr
1879 2719 1912 2762 se
1929 2699 1980 2762 rel
1996 2720 2054 2784 per
2071 2699 2169 2761 aliurn

348 2828 404 2871 seu
421 2807 502 2871 alios
520 2805 686 2870 occasione
711 2806 819 2891 aliqua
844 2806 896 2869 rel
919 2806 1109 2892 exceptione
1130 2807 1214 2890 juris
1237 2806 1289 2869 rel
1310 2806 1398 2888 facti,
1416 2806 1475 2869 sub
1500 2827 1584 2892 pena
1608 2804 1696 2868 mille
1720 2805 1876 2868 librarum
1901 2805 2115 2892 imperialium
2139 2811 2170 2869 et

347 2915 544 3000 obligatione
567 2914 726 2978 bonorum
750 2914 827 2978 dicti
851 2913 1037 2978 Communis
1061 2921 1092 2977 et
1117 2914 1291 2978 refectione
1308 2915 1537 3000 impensarum,
1555 2914 1919 3000 solemnistipnlationc
1937 2915 2102 2999 premissa,
2120 2935 2170 2977 ar-

348 3021 579 3108 chipresbitero
605 3021 768 3107 sepedicto
792 3043 849 3108 pro
870 3043 903 3086 se
921 3021 1050 3106 suisque
1068 3021 1307 3086 successoribus
1324 3021 1501 3108 stipulanti,
1519 3029 1551 3084 ct
1567 3021 1652 3108 quod
1670 3021 1789 3084 dictum
1808 3020 1983 3086 Commune
2001 3029 2032 3084 et
2049 3020 2170 3084 Sindici

349 3129 486 3215 predicti
509 3129 684 3193 defendent
705 3129 825 3193 dictum
841 3129 1005 3192 dominnm
1022 3129 1338 3216 Archipresbiterum
1355 3137 1388 3192 ct
1405 3129 1589 3215 Capitulum
1606 3129 1710 3214 plebis
1728 3128 1938 3193 Montisbellii
1954 3137 1985 3192 et
2002 3129 2170 3192 ecelesiam

349 3239 451 3302 sancti
475 3237 639 3301 Ambrosii
668 3259 687 3300 a
720 3237 864 3322 qualibet
896 3237 960 3301 alia
983 3259 1137 3323 persona,
1163 3259 1223 3322 qne
1255 3236 1374 3300 dictam
1405 3238 1574 3302 ecclesiam
1605 3238 1708 3301 sancti
1733 3237 1896 3302 Arrrbrosii
1930 3236 1981 3300 vel
2013 3244 2169 3301 rectorem

350 3345 450 3430 ipsius
486 3345 680 3430 inquietaret
711 3366 767 3408 seu
799 3345 998 3430 questionem
1030 3351 1142 3408 contra
1174 3347 1277 3430 ipsam
1311 3351 1454 3408 irroraret
1485 3367 1582 3431 snper
1602 3346 1848 3432 juspatronatns
1874 3353 2029 3430 quantum
2054 3344 2095 3408 ad
2116 3345 2170 3429 jus

347 3453 555 3539 presentandi
586 3474 642 3516 seu
673 3452 835 3538 elegendi,
860 3459 892 3516 et
917 3451 1003 3537 quod
1026 3450 1146 3516 facient
1170 3453 1259 3516 illam
1284 3453 1438 3516 desistere
1462 3453 1503 3517 ab
1527 3453 1583 3516 illa
1606 3454 1830 3518 molestatione
1862 3475 1919 3516 scu
1948 3453 2080 3538 querela
2110 3453 2170 3516 sub

349 3582 433 3646 pena
457 3560 613 3647 predicta,
631 3560 676 3623 ita
700 3559 786 3644 qnod
809 3581 893 3645 pena
917 3561 948 3624 in
975 3560 1061 3625 omni
1086 3560 1235 3646 Capitulo
1258 3567 1290 3624 ct
1313 3583 1372 3646 pro
1397 3561 1542 3646 quolibet
1559 3561 1708 3647 Capitnlo
1727 3562 1820 3625 toties
1837 3561 1901 3647 peti
1919 3560 2019 3647 possit
2036 3568 2066 3623 ct
2083 3560 2171 3645 exigi

349 3669 474 3753 quoties
506 3667 660 3732 commiss
691 3667 805 3749 fuerit,
830 3689 976 3753 peneque
1008 3668 1114 3730 soluta
1145 3668 1197 3731 rol
1231 3689 1309 3750 non,
1335 3668 1420 3731 dicta
1451 3669 1543 3732 firma
1570 3669 1634 3732 sint
1665 3676 1696 3732 et
1727 3675 1808 3732 rata.
1833 3668 1986 3732 Preterea
2018 3668 2171 3732 Nicolaus

351 3773 486 3836 Gradiui
510 3773 664 3855 notarius,
691 3772 840 3836 Sindicus
856 3794 913 3836 seu
936 3773 1133 3837 Procurator
1157 3773 1427 3858 parochianorum
1452 3774 1551 3859 ipsius
1576 3774 1709 3838 ecclesie
1734 3774 1837 3838 sancti
1856 3774 2030 3856 Ambrosii,
2048 3773 2170 3837 liabens

351 3879 392 3943 ad
417 3881 477 3944 hoc
501 3880 641 3966 speciale
665 3880 863 3962 mandatum,
880 3887 916 3943 ut
939 3881 971 3943 in
997 3881 1109 3944 charta
1134 3881 1253 3966 scripta
1270 3902 1365 3944 manu
1383 3881 1507 3944 Mathai
1522 3882 1650 3945 Alberti
1666 3882 1705 3945 de
1721 3882 1829 3946 Libris
1845 3882 1963 3944 notarii
1979 3881 2169 3962 continetur,

353 4008 373 4050 a
397 3987 489 4052 dietis
513 3987 729 4073 parochianis,
749 3987 819 4051 sice
843 4009 880 4052 ac
904 3987 1033 4052 nomine
1058 3987 1200 4073 ipsorum
1221 3988 1501 4073 parochianorum,
1518 3989 1689 4071 consensit,
1707 3989 1794 4052 dedit
1819 3997 1850 4052 et
1873 3988 1996 4052 remisit
2019 4009 2170 4074 expresse

355 4116 447 4159 omne
470 4097 523 4180 jus
540 4103 740 4180 patronatus,
758 4096 784 4158 si
802 4094 887 4180 quod
903 4095 1025 4159 habent
1048 4097 1173 4160 ratione
1195 4097 1451 4182 juspatronatns,
1469 4105 1524 4160 aut
1548 4097 1787 4161 consuetudinis
1812 4097 1843 4160 in
1868 4096 2012 4182 predicta
2036 4096 2171 4160 ecclesia

352 4203 455 4266 saneti
478 4201 662 4285 Ambrosii,
687 4203 772 4266 dicto
803 4202 931 4267 domino
960 4203 1058 4267 Petro
1083 4204 1351 4290 archipresbitero
1377 4203 1479 4286 plebis
1503 4204 1714 4268 Montisbcllii
1742 4204 1910 4290 stipulanti
1942 4213 1974 4268 et
2004 4203 2171 4290 recipienti

351 4310 421 4374 vioe
446 4332 483 4375 ac
508 4311 636 4373 nomine
660 4309 743 4374 dicte
767 4309 870 4396 plebis
894 4317 926 4373 et
950 4310 1084 4374 ecclesie
1108 4311 1213 4374 saneti
1236 4310 1401 4374 Ambrosii
1424 4311 1602 4394 antedicto,
1628 4311 1674 4375 ita
1699 4312 1784 4397 quod
1808 4311 1943 4375 liberem
1967 4311 2085 4375 habeat
2109 4311 2172 4374 ele·

350 4417 486 4481 ctionem
518 4417 651 4480 rectoris
676 4417 707 4480 in
731 4416 817 4480 dicta
840 4417 977 4480 ecclesia
1001 4418 1105 4481 sancti
1130 4417 1313 4500 Ambrosii,
1338 4418 1527 4504 promittens
1551 4419 1583 4481 in
1608 4419 1755 4482 omnibus
1779 4427 1811 4482 et
1834 4440 1892 4504 per
1916 4418 2033 4500 omnia,
2057 4425 2089 4482 ct
2112 4417 2171 4480 sub

354 4524 467 4588 eadem
491 4545 585 4610 pena,
610 4523 786 4587 secundnm
811 4522 897 4609 quod
922 4522 1044 4587 Sindici
1069 4524 1256 4588 Communis
1281 4524 1426 4589 Bononie
1451 4525 1586 4612 predicti
1610 4526 1824 4612 promiserunt
1842 4527 1969 4590 nomine
1987 4525 2171 4589 Communis

351 4630 496 4695 Bononia
521 4637 557 4694 ut
580 4631 727 4717 superins
757 4631 947 4714 continetur,
972 4631 1086 4695 eodem
1110 4632 1161 4695 die
1188 4632 1334 4726 Bononia
1359 4633 1391 4696 in
1416 4653 1545 4696 camera
1568 4633 1689 4697 domini
1712 4632 1842 4697 Andree
1866 4633 2079 4719 infrascripti,
2100 4654 2171 4718 prc-

348 4739 493 4802 sentibus
524 4739 660 4802 testibus
692 4739 879 4825 presbiteris
910 4738 1085 4804 Formento
1115 4746 1147 4803 et
1171 4739 1381 4804 Aldevrando
1405 4740 1604 4826 cappellanis
1628 4741 1772 4805 sacristia
1797 4741 1931 4805 ecclesie
1957 4741 2060 4804 sancti
2082 4740 2171 4804 Petri

349 4846 555 4910 bononiensis
580 4854 611 4910 et
636 4847 864 4910 Oamclcvario
888 4847 1015 4929 clerico,
1033 4847 1162 4912 domino
1187 4848 1339 4912 Gabriele
1364 4848 1525 4934 quondam
1549 4849 1671 4912 domini
1694 4849 1843 4913 Ubertini
1867 4849 2019 4935 episcopi,
2036 4849 2165 4913 domino

345 4954 525 5018 Arimundo
550 4954 670 5017 domini
691 4954 821 5018 Albriei
846 4953 885 5017 de
911 4953 1028 5018 Sancto
1054 4955 1152 5020 Petro
1177 4965 1209 5020 ot
1232 4956 1304 5020 aliis
1328 4956 1484 5042 pluribus,
1503 4957 1650 5020 dominus
1674 4957 1823 5020 Andreas
1847 4955 1976 5021 Renzus
1993 4957 2165 5021 canonicus

345 5061 551 5124 bononiensis
573 5063 685 5146 jacens
710 5062 848 5125 inlecto
881 5061 1043 5144 infirmus,
1068 5063 1219 5126 omnibus
1243 5071 1274 5126 et
1298 5063 1433 5148 singulis
1457 5063 1649 5149 supradietis
1681 5065 1860 5145 consensit,
1885 5072 1917 5128 et
1941 5085 1979 5127 ea
2003 5065 2110 5128 omnia
2134 5073 2165 5128 ct

346 5168 475 5252 singula
509 5169 701 5254 approbarit
725 5176 756 5232 ct
780 5169 962 5232 ratificarit.
987 5168 1109 5234 Eodem
1134 5170 1186 5234 die
1210 5170 1242 5234 in
1267 5191 1394 5234 eanrera
1418 5171 1539 5234 domini
1567 5171 1689 5234 Prioris
1721 5171 1823 5234 sancti
1855 5171 2034 5235 Salvatoris
2066 5172 2164 5236 bono·

348 5275 477 5357 niensis,
503 5276 706 5361 presentibus
731 5276 866 5339 testibus
890 5275 1019 5340 dominc
1043 5275 1195 5341 Gabriele
1220 5284 1252 5340 et
1276 5277 1404 5341 domino
1428 5277 1607 5343 Arimnndo
1631 5279 1793 5364 predictis,
1818 5279 1972 5363 magistro
1997 5279 2163 5343 Bernardo

345 5383 509 5470 parmensi
532 5389 565 5446 et
589 5384 743 5468 magistro
767 5383 912 5447 Berardo
941 5384 980 5447 de
1005 5383 1192 5467 Gamerirm,
1218 5385 1365 5448 dominus
1397 5385 1490 5449 Oddo
1515 5386 1696 5472 prepositus
1719 5386 1886 5468 Ferentio,
1911 5387 2083 5451 canonicus
2108 5387 2164 5450 bo-

347 5491 520 5574 noniensis,
535 5491 647 5574 jacens
671 5492 704 5554 in
728 5491 811 5556 lecto
836 5491 990 5573 infirmus,
1016 5492 1163 5555 omnibus
1187 5493 1379 5578 supradictis
1403 5494 1574 5574 consensit,
1592 5500 1624 5556 et
1648 5514 1686 5556 ea
1711 5494 1816 5558 onmia
1842 5506 1873 5556 ct
1897 5494 2024 5579 singula
2050 5515 2165 5580 appro-

345 5596 435 5660 bavit
459 5605 491 5661 ct
513 5598 696 5662 ratificavit.
713 5599 837 5664 Eodem
861 5621 946 5664 anno
970 5606 1002 5664 ct
1027 5600 1200 5664 indictione
1224 5600 1378 5686 predicta,
1396 5600 1447 5664 die
1468 5600 1709 5686 decimaquarta
1726 5602 1865 5665 intrante
1882 5609 2030 5688 augusto,
2047 5602 2080 5665 in
2096 5602 2164 5664 sala

346 5704 459 5768 domus
483 5705 654 5790 presbiteri
676 5706 892 5792 Bombologni
915 5707 1122 5793 infrascripti,
1139 5707 1343 5793 presentibus
1367 5707 1502 5772 testibus
1526 5709 1704 5793 presbitero
1722 5709 1895 5774 Gnillelmo
1913 5709 2046 5773 ecclesie
2063 5710 2165 5773 sancti

344 5812 507 5898 Prosperi,
532 5812 662 5877 domino
687 5814 840 5879 Gabriele
865 5821 897 5878 et
921 5815 1049 5879 domino
1074 5815 1254 5880 Arimnndo
1278 5815 1441 5901 predictis,
1467 5823 1498 5879 et
1522 5816 1657 5880 Nicolao
1681 5816 1826 5898 Gradiui,
1848 5816 1978 5881 Matheo
2003 5816 2165 5903 quondam

344 5920 471 5984 Alberti
496 5921 535 5984 de
559 5921 667 5984 Libris
691 5929 722 5986 ct
747 5922 818 5986 aliis
842 5922 1006 6008 pluribus,
1031 5923 1178 5987 dominus
1212 5925 1370 6011 presbiter
1400 5925 1643 6010 Bombolognns
1668 5925 1917 6011 archipresbiter
1948 5925 2164 6007 bononiensis,

345 6029 492 6092 omnibus
518 6034 550 6092 et
574 6028 709 6113 singulis
733 6029 926 6115 supradictis
951 6031 1121 6112 consensit,
1139 6038 1171 6094 ct
1195 6053 1233 6094 ea
1258 6031 1365 6094 omnia
1389 6039 1421 6095 ct
1442 6032 1570 6117 singula
1586 6031 1778 6118 approbarit
1796 6041 1827 6096 et
1844 6032 2024 6096 ratificarit.
2042 6031 2165 6094 Eodem

344 6133 396 6198 die
420 6135 566 6200 Bononio
591 6137 623 6199 in
649 6136 747 6201 Curia
771 6137 884 6200 domus
913 6158 970 6200 seu
995 6137 1126 6224 hospitii
1150 6139 1313 6224 qnondam
1336 6139 1456 6204 domini
1479 6139 1714 6205 Aldrerandini
1739 6139 1777 6203 de
1797 6138 2076 6225 PrendipartibuS,
2093 6160 2164 6224 pre·

345 6243 488 6306 sentibus
513 6243 606 6307 dictis
631 6242 776 6326 testibus,
802 6243 949 6308 dominus
975 6243 1097 6328 Tisins,
1122 6245 1253 6310 Electus
1278 6247 1439 6310 feltrensis
1463 6256 1494 6311 et
1519 6247 1719 6330 belunensis,
1746 6247 1917 6311 canonicus
1940 6246 2163 6328 bononiensis,

424 6476 463 6540 (ι)
485 6475 536 6526 sa.
