5484 7746
669 675 899 726 SPECTANTIA
919 676 970 726 AD
991 676 1155 727 GLASSEM
1174 677 1541 729 ARCHIDIAOONORUM
1559 679 1661 729 EGOL.
1682 677 1820 730 BONON.
2076 659 2151 730 259

1201 1044 1293 1109 XIV.

1092 1259 1188 1342 1219,
1211 1261 1256 1324 22
1279 1261 1398 1346 aprilis,

958 1471 1146 1538 Excedam
1171 1479 1272 1557 tomo,
1297 1496 1384 1538 num.
1407 1473 1534 1540 XLIII.

425 1687 590 1752 Honorius
615 1684 728 1751 III.(¹)
745 1686 899 1770 magistro
924 1685 1046 1768 Gratia,
1071 1686 1239 1772 capellano
1264 1694 1384 1770 nostro,
1408 1685 1646 1752 Archidiacono
1670 1687 1870 1752 bononiensi.

425 1795 628 1859 Auctoritate
651 1793 848 1880 presentium
873 1793 941 1875 tibi,
966 1793 1093 1878 tuisque
1118 1795 1356 1859 successoribus
1380 1795 1595 1880 indulgemus,
1619 1802 1665 1878 ut,
1686 1816 1750 1859 non
1774 1794 1922 1859 obstante
1946 1793 2056 1879 aliqua
2079 1815 2153 1858 con-

336 1902 515 1984 suetudine,
539 1922 600 1986 quc
625 1899 787 1965 canonicis
811 1900 921 1963 obviat
944 1900 997 1964 vel
1020 1899 1156 1984 derogat
1180 1901 1344 1984 institutis,
1366 1902 1506 1966 officium
1529 1908 1561 1966 et
1581 1901 1839 1986 jurisdictionem
1863 1899 2153 1982 archidiaconatus,

300 2013 304 2020 '
336 2010 418 2074 sicut
441 2009 483 2073 ad
507 2030 564 2073 vos
588 2007 764 2072 secundum
787 2028 947 2071 canonum
970 2007 1117 2071 instituta
1139 2008 1192 2071 vel
1219 2008 1433 2094 approbatam
1464 2009 1727 2074 consuetudinem
1752 2009 1951 2093 dignoscitur
1973 2008 2152 2094 pertinere,

335 2118 436 2182 libera
464 2137 502 2180 ac
524 2115 680 2202 plenarie,
697 2115 845 2178 submoto
869 2115 1042 2198 cujuslibet
1065 2117 1226 2180 contrario
1250 2117 1347 2180 etiam
1372 2117 1549 2202 apostolico
1574 2117 1750 2198 obstaculo,
1768 2115 1886 2201 exequi
1907 2115 2059 2179 valeatis:
2078 2136 2153 2179 con·

336 2224 536 2307 tradiciones,
561 2223 667 2310 siqui
691 2223 820 2303 fuerint,
845 2222 896 2286 vel
920 2222 1067 2304 rebelles,
1092 2243 1149 2308 per
1174 2244 1325 2287 censuras
1348 2223 1593 2308 ecclesiasticas,
1618 2223 1835 2310 appellatione
1859 2223 2046 2308 postposita,
2068 2243 2153 2286 com·

337 2331 506 2419 pascendo.
523 2330 613 2394 Nulli
637 2351 714 2415 argo
739 2329 867 2393 omnino
891 2329 1057 2393 hominurn
1081 2329 1176 2392 liceat
1199 2330 1283 2394 hane
1307 2331 1461 2416 paginam
1484 2341 1591 2394 nostre
1616 2331 1830 2395 concessionis
1852 2329 2154 2414 infringe1·e,velei

337 2461 417 2503 ausu
441 2439 612 2502 temerario
637 2437 814 2518 contrairc3
839 2437 866 2500 ai
891 2437 962 2521 quis
986 2444 1095 2500 autem
1118 2437 1178 2501 hoc
1202 2445 1363 2502 attentare
1386 2439 1627 2523 presumpserit,
1647 2437 1902 2522 indignationem
1926 2436 2153 2522 omnipotentis

336 2546 399 2610 Dei
423 2567 460 2610 ac
484 2545 651 2609 beatorum
675 2545 765 2608 Petri
788 2551 820 2607 et
842 2543 948 2626 Pauli,
974 2545 1192 2628 apostolorum
1216 2545 1295 2627 eius,
1321 2566 1354 2608 se
1377 2545 1503 2608 noverit
1525 2545 1738 2608 incursurum.

424 2653 546 2717 Datum
569 2651 673 2716 Roma
698 2651 784 2737 apud
808 2657 954 2714 nanctum
977 2650 1121 2734 Petrum,
1144 2650 1267 2715 decimu
1291 2651 1448 2715 kalendas
1472 2652 1560 2735 maij,
1585 2651 1789 2737 pontificatue
1814 2651 1915 2716 nostri
1938 2671 2022 2714 anno
2046 2651 2152 2714 tertio.

1208 2973 1282 3038 XV.

1095 3189 1192 3272 1219,
1215 3190 1259 3251 22
1281 3190 1400 3272 aprilis.

966 3401 1018 3465 Ex
1043 3402 1155 3466 eodem
1179 3408 1277 3484 tomo,
1302 3423 1387 3466 num.
1413 3402 1534 3467 XLIV.

425 3617 591 3683 Honorius
615 3615 727 3681 lita)
743 3614 904 3702 Episcopo
929 3615 1129 3679 bononiensi.

424 3724 629 3790 Presantium
652 3723 711 3788 tibi
735 3724 926 3787 auctoritate
949 3722 1155 3808 precipiendo
1180 3721 1370 3786 mandamus
1402 3732 1434 3786 et
1457 3723 1631 3788 districtius
1663 3724 1863 3806 inhibemus,
1887 3744 1927 3786 ue
1956 3742 2070 3786 causas
2101 3743 2152 3786 ec·

336 3834 532 3898 clesiasticas
557 3839 589 3896 et
613 3831 687 3913 alia,
712 3851 773 3916 que
798 3829 917 3894 debent
940 3829 1115 3894 secundum
1140 3830 1296 3894 canonica
1320 3829 1477 3912 instituta,
1494 3830 1548 3894 vel
1572 3831 1785 3916 approbatam
1809 3829 2072 3894 consuetudinem
2096 3849 2154 3914 per
2233 3837 2237 3848 ’

336 3942 489 4005 dilectum
511 3939 612 4003 filium
636 3938 866 4004 bononiensem
889 3936 1164 4001 Archidiaconum
1195 3936 1356 4022 expediri,
1382 3938 1531 4022 cuiquam
1555 3937 1758 4024 expedienda
1782 3939 1979 4020 committes,
2004 3936 2072 4000 alva
2095 3957 2153 4022 per

336 4049 416 4113 alios
440 4046 631 4132 exequaris,
655 4066 719 4109 nou
751 4044 899 4108 obstante
930 4065 1027 4130 super
1049 4043 1120 4108 ·hoc
1144 4044 1253 4129 aliqua
1277 4044 1525 4127 consuetudine,
1551 4066 1612 4130 que
1645 4045 1806 4110 canonicis
1830 4043 1940 4109 obviat
1962 4049 1995 4106 et
2018 4043 2153 4128 derogat

336 4154 499 4220 institutis.
524 4152 679 4238 Alioquin
703 4152 831 4217 novaris
854 4172 913 4215 noe
937 4151 1115 4215 venerabili
1139 4151 1233 4214 fratri
1255 4158 1364 4215 nostro
1388 4150 1549 4238 Episcopo
1573 4152 1720 4216 imolensi
1744 4158 1776 4215 et
1797 4151 1921 4216 dilectis
1944 4150 2018 4213 filiis
2041 4149 2153 4214 faven-

334 4265 401 4328 tino
425 4269 457 4326 et
481 4259 627 4324 imolensi
649 4257 827 4344 Propositis
851 4259 884 4322 in
908 4257 1069 4322 mandatis
1093 4257 1230 4341 dedisse,
1255 4265 1290 4322 ut
1313 4265 1344 4322 te
1369 4259 1410 4322 ab
1435 4259 1555 4343 injuria
1579 4259 1679 4345 ipsius
1702 4258 1943 4342 Archidiaconi,
1967 4277 2064 4344 super
2090 4257 2154 4342 hijs

335 4369 510 4434 monitione
533 4367 701 4454 premissa,
726 4387 783 4452 per
807 4387 959 4430 censuras
984 4365 1230 4448 ecclesiasticas,
1256 4366 1474 4452 appellatione
1499 4373 1633 4450 remota,
1658 4373 1873 4454 compescant.

423 4477 546 4542 Datum
569 4476 673 4540 Rome
697 4473 783 4561 apud
808 4481 955 4540 sanctum
977 4474 1122 4558 Petrum,
1144 4474 1267 4538 decimo
1291 4474 1449 4538 kalendas
1472 4475 1561 4559 maij,
1586 4475 1791 4561 pontificatus
1815 4475 1916 4539 nostri
1940 4495 2024 4538 anno
2048 4473 2154 4537 tertia.

1198 4793 1290 4858 XVI.

1092 5007 1188 5091 1219,
1212 5009 1256 5071 22
1279 5010 1397 5093 aprilio.

966 5222 1154 5286 Excedam
1178 5229 1275 5306 tomo,
1299 5244 1386 5286 num.
1411 5222 1519 5286 XLII.

423 5438 590 5503 Honorius
614 5436 677 5502 ΙΙΙ.
692 5435 731 5502 (3)
747 5436 902 5522 magistro
928 5437 1051 5519 Gratia,
1076 5437 1244 5523 capellano
1268 5443 1388 5520 nostro,
1412 5437 1651 5502 Archidiacono
1676 5443 1708 5502 et
1732 5437 1881 5524 Capitulo
1905 5439 2105 5504 bononiensi.

422 5545 474 5609 Ex
498 5551 590 5631 parta
614 5551 723 5608 vestra
754 5544 846 5608 nobis
875 5544 983 5608 extitit
1005 5543 1236 5629 supplicatum,
1260 5550 1296 5608 ut
1319 5566 1391 5608 cum
1415 5545 1448 5608 in
1472 5544 1605 5630 capellis
1628 5544 1777 5629 plebatus
1801 5545 2008 5611 bononiensis
2031 5553 2064 5612 et
2085 5548 2153 5634 pla·

334 5654 429 5718 batus
452 5651 623 5734 Medicina,
641 5672 679 5716 ac
703 5659 813 5716 sancto
836 5651 939 5722 Mario
964 5651 1003 5715 de
1027 5651 1244 5734 Monteovolo‚
1261 5658 1372 5716 sancte
1395 5651 1499 5715 Maria
1523 5651 1563 5715 de
1587 5658 1693 5716 castro
1710 5653 1813 5716 sancti
1828 5653 1928 5736 Petri,
1946 5656 2049 5719 sancti
2064 5655 2154 5720 Petri

335 5761 374 5824 de
399 5759 596 5844 Cestagnolo
627 5759 768 5842 Minore,
792 5766 824 5823 et
848 5759 951 5823 sancti
974 5759 1143 5824 Michaelis
1166 5758 1206 5823 da
1229 5759 1406 5843 Argelata,
1431 5758 1574 5822 ecclesiis
1599 5759 1733 5824 diecesis
1757 5760 1963 5825 bononiensis
1984 5763 2038 5846 jus
2061 5762 2152 5826 insti·

334 5867 445 5931 tuendi
468 5866 589 5930 habere
613 5865 809 5949 noscamini,
833 5866 1016 5951 corrigendi
1047 5873 1079 5930 et
1106 5865 1302 5931 destituendi
1333 5865 1521 5930 facultatem
1552 5887 1612 5930 nec
1642 5888 1707 5931 non
1736 5867 1993 5951 jurisdictionem
2022 5869 2153 5955 plenam

334 5973 657 6059 dignaremurvobis
687 5973 867 6059 vestrisque
899 5974 1136 6038 successoribus
1165 5973 1340 6038 concedere
1368 5973 1402 6036 in
1425 5973 1555 6038 eisdem.
1580 5973 1648 6038 Nos
1679 5974 1778 6059 igitur
1801 5976 1917 6039 vestris
1945 5977 2152 6062 supplicatio·

335 6082 428 6145 nibus
452 6080 598 6145 inclinati
621 6079 761 6165 benigne
785 6080 877 6144 vobis
902 6081 1105 6144 concedimus
1128 6081 1303 6167 postulate,
1328 6081 1520 6144 auctoritate
1544 6080 1742 6166 presentium
1766 6089 1954 6164 statuentes,
1978 6084 2152 6148 111111111-

414 6347 453 6412 (l)
472 6344 515 6396 Ex
533 6361 590 6414 reg.
609 6343 724 6396 Honorii
743 6343 812 6410 III.,
832 6361 875 6412 ep.
895 6347 956 6410 370,
975 6344 1023 6397 tol.
1043 6347 1085 6410 78,
1104 6343 1273 6412 Macula,
1292 6344 1384 6397 XXII.
1404 6346 1507 6414 aprilis.

298 6497 299 6502 Ἰ
413 6437 452 6500 (2)
472 6434 514 6485 Ex
531 6451 587 6503 rag.
606 6432 645 6485 II.
664 6433 778 6485 Honorii
797 6433 864 6498 111.,
884 6450 927 6502 ep.
948 6437 1009 6500 371,
1028 6433 1076 6486 111.
1097 6437 1139 6501 78,
1158 6433 1325 6502 Meam,
1345 6434 1438 6486 XXII.
1456 6435 1559 6504 aprilis.

413 6526 453 6590 (Β)
473 6523 514 6574 Ex
533 6539 589 6592 reg.
609 6521 646 6574 II.
665 6522 779 6574 Honorii
799 6522 867 6589 111.‚
887 6539 929 6592 ep.
949 6523 1078 6588 11],111.
1098 6527 1140 6589 85,
1159 6523 1325 6589 arcam„
1345 6524 1436 6576 XXII.
1457 6525 1559 6593 aprilis.
