5490 7750
823 677 1054 728 SPECTANTIA
1083 679 1134 728 AD
1162 679 1417 731 PROFESSORES
1446 680 1553 730 JURIS
1581 680 1715 732 elvlnls
2127 661 2173 732 91

359 855 524 920 personas,
540 836 697 900 beneficia
721 835 949 918 ecelesiastica,
967 856 1028 920 que
1053 834 1094 899 ad
1116 841 1206 899 tuam
1230 836 1435 900 collationem
1458 837 1583 901 ratione
1607 836 1889 901 archidiaconatus
1906 842 1939 900 et
1956 835 2086 900 abbatie
2107 857 2179 922 pre·

358 942 516 1007 dictorum
539 943 711 1028 pertinent,
736 941 929 1025 conferrent,
946 949 1117 1028 ceteraque
1138 965 1200 1028 que
1224 944 1348 1008 ratione
1377 943 1659 1008 archidiaconatus
1682 950 1715 1007 et
1743 943 1874 1008 abbatie
1897 944 2114 1029 predictorum
2138 942 2180 1006 ad

358 1056 450 1113 tuum
466 1056 612 1135 spectant
629 1049 778 1132 officium,
794 1048 895 1112 libere
911 1069 1064 1112 exercere
1082 1048 1217 1113 valeres.
1233 1048 1266 1113 N
1267 1070 1302 1113 os
1318 1055 1425 1113 autem
1442 1049 1588 1114 volentes
1605 1070 1777 1136 personam
1793 1055 1884 1114 tuam
1900 1049 2012 1113 favore
2029 1051 2180 1135 prosequi

359 1156 463 1242 gratie
486 1156 661 1242 amplioris,
686 1156 750 1220 tuis
774 1155 1062 1242 supplicationibus
1086 1155 1246 1238 inclinati,
1271 1156 1462 1220 auctoritate
1485 1156 1544 1221 tibi
1567 1157 1765 1243 presentium
1787 1156 2010 1242 indulgemus,
2035 1163 2071 1220 ut
2094 1157 2179 1243 apud

360 1263 477 1328 Sedens
499 1262 688 1348 predictam,
705 1265 757 1327 vel
781 1262 974 1348 ubicumque
992 1262 1070 1326 alibi
1086 1262 1184 1326 etiam
1205 1263 1326 1348 absquo
1345 1263 1476 1328 lieentia
1503 1285 1560 1328 seu
1583 1263 1717 1350 speciali
1740 1263 1892 1328 mandato
1918 1263 2011 1328 Sedis
2035 1263 2181 1348 ejusdem

359 1371 479 1434 morari
506 1371 646 1435 volueris
679 1392 779 1456 usque
803 1369 844 1433 ad
868 1369 1043 1433 triennium
1066 1369 1252 1453 hujusmodi
1274 1369 1408 1451 fruetus,
1432 1370 1576 1434 redditus
1600 1376 1633 1434 et
1655 1377 1842 1456 proventus,
1863 1370 1957 1435 dictis
1982 1370 2180 1435 distributio·

359 1477 453 1541 nibus
478 1477 647 1541 dumtaxat
671 1477 832 1563 exeeptis,
857 1497 930 1541 cum
954 1497 993 1540 ea
1016 1476 1204 1558 integritate
1235 1477 1419 1564 percipere,
1444 1497 1517 1540 cum
1548 1499 1612 1563 qua
1643 1477 1716 1542 illos
1743 1478 1926 1564 perciperes
1950 1478 1977 1541 si
2000 1478 2033 1541 in
2058 1477 2179 1542 eisdem

359 1585 502 1650 ecelesiis
518 1584 687 1667 resideres,
705 1590 738 1648 et
758 1583 799 1647 ad
815 1583 1021 1647 residendum
1044 1584 1078 1647 in
1102 1583 1147 1647 eis
1171 1584 1301 1648 interim
1324 1584 1454 1648 minime
1478 1585 1630 1668 tenearis,
1647 1605 1706 1649 nee
1723 1584 1764 1648 ad
1787 1584 1820 1648 id
1844 1606 1864 1648 a
1887 1606 2049 1670 quoquam
2068 1586 2179 1649 valeas

359 1693 535 1774 coarctari,
556 1691 735 1777 predictum
759 1691 890 1777 insuper
914 1691 1052 1755 officium
1077 1691 1269 1755 visitationis
1293 1691 1489 1778 impendere,
1513 1692 1756 1777 procurationes
1780 1693 1935 1778 recipere,
1960 1713 1998 1756 ae
2022 1693 2178 1758 beneficia

359 1799 504 1886 predicta
525 1799 681 1883 conferre,
696 1799 793 1883 juxta
808 1799 976 1862 literarum
992 1797 1210 1884 predictarum
1226 1805 1364 1881 tenores,
1381 1820 1483 1884 usque
1508 1799 1549 1862 ad
1572 1798 1694 1864 dietum
1717 1800 1890 1864 triennium
1913 1821 1972 1886 per
1995 1799 2179 1884 hujusmodi

359 1929 513 1994 personas
535 1907 636 1971 libere
660 1907 788 1990 valeas3
806 1905 1089 1970 nonobstantibus
1106 1905 1360 1991 quibuscumque
1381 1905 1669 1971 Constitutionibus
1687 1907 1893 1992 generalibus
1910 1913 1966 1972 aut
1982 1908 2179 1994 specialibus

358 2036 455 2102 super
478 2016 538 2080 hoc
563 2015 595 2078 in
619 2014 816 2079 contrarium
840 2013 954 2095 editis,
979 2034 1036 2076 seu
1060 2013 1256 2098 quibuslibet
1287 2013 1415 2077 statutis
1447 2021 1479 2078 et
1510 2014 1795 2079 consuetudinibus
1827 2015 1996 2079 contrariis
2021 2015 2181 2079 dictarum

359 2121 578 2202 ecelesiarum,
599 2121 795 2205 juramento,
820 2119 1061 2184 confirmatione
1085 2119 1169 2184 dicte
1194 2118 1287 2184 Sedis
1310 2119 1363 2182 vel
1387 2141 1589 2205 quacumque
1613 2120 1764 2184 firmitate
1790 2121 1855 2185 alia
1879 2121 2050 2204 roboratis,
2075 2128 2132 2185 aut
2155 2122 2183 2184 si

359 2229 503 2294 locorum
531 2227 711 2292 Ordinariis
742 2227 783 2291 ab
814 2227 927 2292 eadem
959 2227 1000 2290 sit
1032 2225 1114 2291 Sede
1143 2248 1330 2291 eoncessum
1360 2227 1412 2291 vel
1436 2227 1564 2291 interim
1594 2227 1806 2311 concedatur,
1832 2227 1918 2314 quod
1943 2228 2004 2314 ipsi
2027 2250 2181 2314 personas

359 2345 390 2400 et
419 2335 590 2400 canonicos
619 2334 763 2419 aliosque
787 2334 994 2399 beneficiatos
1019 2334 1229 2398 ecclesiarum
1251 2354 1383 2398 suarum
1407 2334 1574 2398 civitatum
1597 2341 1630 2398 et
1653 2333 1816 2399 dicessum
1840 2336 2033 2421 compellere
2057 2337 2182 2422 possint

359 2466 416 2530 per
439 2443 691 2508 subtractionem
720 2463 852 2506 suorum
883 2447 1114 2528 proventuum,
1139 2449 1196 2505 aut
1219 2441 1300 2504 alias
1324 2441 1365 2506 ad
1388 2441 1594 2506 residendum
1617 2443 1831 2528 personaliter
1854 2443 1888 2506 in
1911 2443 2048 2526 eisdem,
2073 2465 2130 2508 seu
2154 2444 2181 2508 si

360 2551 518 2638 Capitulis
542 2550 700 2614 dictarum
724 2550 933 2614 ecclesiarum
957 2549 998 2612 ab
1023 2548 1136 2612 eadem
1152 2549 1193 2612 sit
1211 2548 1293 2612 Sede
1310 2548 1470 2613 indultum
1487 2549 1572 2634 quod
1588 2550 1640 2614 vel
1664 2549 1792 2614 interim
1816 2550 1980 2636 indulgeri
2003 2551 2180 2637 contingat,

360 2659 445 2744 quod
468 2658 624 2744 personis,
641 2657 803 2722 canonicis
828 2663 860 2720 et
882 2656 1082 2721 beneficiatis
1106 2657 1249 2742 ipsarum
1273 2655 1483 2720 ecclesiarum
1505 2657 1639 2740 fruetus,
1655 2657 1800 2721 redditus
1825 2663 1857 2722 et
1879 2664 2055 2743 proventus
2072 2680 2182 2744 perso-

359 2773 503 2848 natuum,
520 2765 725 2850 dignitatum,
742 2763 980 2850 prebendarum
996 2770 1028 2827 et
1044 2762 1283 2846 beneficiorum,
1301 2784 1362 2848 que
1386 2763 1419 2826 in
1443 2764 1489 2827 eis
1513 2763 1669 2846 obtinent,
1686 2764 1869 2828 ministrare
1894 2766 1929 2828 in
1952 2765 2100 2829 absentia
2124 2766 2181 2828 mi-

359 2875 444 2937 nime
468 2879 641 2937 teneantur
665 2878 698 2936 et
721 2871 762 2934 ad
787 2871 819 2934 id
842 2871 991 2956 compelli
1015 2891 1079 2934 non
1102 2871 1226 2956 possint
1247 2892 1305 2956 per
1329 2870 1454 2934 litteras
1478 2871 1673 2956 apostolicas
1704 2893 1768 2936 non
1801 2872 1957 2936 facientes
1988 2873 2118 2958 plenam
2149 2880 2182 2936 et

359 3002 547 3066 expressam
571 3001 608 3044 ae
636 2979 676 3044 de
700 2979 798 3043 verbo
822 2978 864 3042 ad
887 2978 1022 3042 verbum
1045 2977 1085 3041 de
1109 2977 1232 3042 indulto
1255 2977 1441 3062 hujusmodi
1464 2979 1669 3061 mentionem,
1694 2985 1726 3043 et
1758 2979 1954 3064 quibuslibet
1985 2979 2181 3066 privilegiis,

359 3088 567 3172 indulgentiis
599 3095 632 3151 et
662 3086 763 3150 literis
795 3085 879 3149 dicte
912 3084 1021 3166 Sedis,
1055 3105 1328 3170 quorumcumque
1361 3091 1509 3148 tenorum
1538 3086 1700 3169 existant,
1725 3108 1784 3172 per
1807 3107 1869 3171 que
1892 3087 2095 3172 presentibus
2119 3108 2183 3151 non

359 3216 513 3282 expressa
537 3195 590 3258 vel
613 3194 755 3260 totaliter
779 3215 843 3258 non
867 3193 989 3257 inserta
1011 3191 1144 3256 effectus
1168 3192 1265 3277 hujus
1289 3199 1398 3258 nostre
1422 3193 1527 3278 gratie
1541 3193 1700 3280 'impediri
1723 3195 1831 3258 valeat
1860 3196 1912 3258 vel
1936 3194 2069 3277 differri,
2087 3201 2120 3258 et
2142 3195 2182 3258 de

359 3304 475 3389 quibus
499 3323 698 3388 quorumque
722 3301 797 3366 totis
821 3300 986 3364 tenoribus
1010 3299 1159 3364 habenda
1183 3301 1224 3364 sit
1248 3301 1282 3364 in
1306 3300 1423 3364 nostris
1447 3300 1562 3364 litteris
1592 3301 1712 3365 mentio
1743 3302 1910 3387 specialis3
1934 3303 2063 3388 proviso
2096 3301 2182 3386 quod

358 3409 543 3493 hujusmodi
574 3408 731 3472 beneficia
762 3407 878 3473 debitis
902 3407 1030 3471 interim
1054 3406 1215 3492 obsequiis
1239 3427 1303 3471 non
1327 3406 1536 3490 fraudentur,
1561 3413 1593 3472 et
1616 3408 1797 3471 animarum
1821 3430 1899 3472 cura
1923 3409 1955 3472 in
1980 3409 2041 3492 eis,
2066 3409 2182 3494 quibus

358 3517 415 3581 illa
438 3517 593 3598 imminet,
613 3516 798 3580 nullatenus
822 3515 1017 3601 negligatur.
1035 3514 1194 3588 Quocirca
1217 3514 1408 3578 mandamus
1436 3522 1595 3600 quatenus
1619 3536 1688 3596 vos,
1705 3515 1756 3578 vel
1774 3514 1836 3580 duo
1855 3522 1911 3580 aut
1927 3536 2010 3580 unus
2026 3523 2180 3599 vestrum,

359 3645 416 3711 per
439 3645 496 3688 vos
524 3623 577 3686 vel
600 3644 657 3710 per
675 3623 774 3687 alium
795 3643 853 3686 seu
868 3622 959 3704 alios,
976 3621 1137 3707 predictos
1161 3621 1296 3704 fructus,
1313 3621 1457 3685 redditus
1480 3629 1512 3686 et
1536 3629 1711 3708 proventus
1737 3622 1864 3688 faciatis
1881 3623 1985 3687 eidem
2001 3623 2180 3708 capellano,

358 3732 410 3796 vel
433 3731 635 3818 procuratori
658 3751 716 3796 suo
739 3731 810 3813 ejus
835 3729 973 3812 nomine,
998 3750 1056 3815 per
1080 3729 1164 3794 idem
1187 3729 1379 3812 triennium,
1401 3730 1497 3814 juxta
1520 3729 1617 3814 hujus
1640 3736 1749 3794 nostre
1780 3731 1994 3796 concessionis
2018 3737 2179 3814 tenorem,

359 3839 483 3924 integre
516 3837 709 3918 ministrari,
733 3837 899 3922 dictasque
931 3856 1086 3921 personas
1118 3835 1160 3900 ad
1192 3836 1410 3900 exercendum
1440 3835 1794 3921 hujusmodioffieium
1818 3837 2011 3901 visitationis
2035 3835 2179 3919 admitti,

360 3968 397 4012 ac
420 3945 664 4032 procurationes
687 3945 818 4008 easdem
840 3943 968 4030 prefato
998 3944 1167 4029 capellano
1192 3943 1244 4008 vel
1271 3943 1357 4008 dicto
1385 3945 1587 4031 procuratori
1615 3966 1673 4031 pro
1704 3945 1775 4032 ipso
1804 3946 1902 4008 etiam
1929 3945 2094 4028 exhiberi,
2118 3967 2182 4010 non

359 4053 560 4118 obstantibus
585 4052 732 4116 omnibus
756 4051 959 4139 supradictis,
980 4071 1038 4115 seu
1067 4050 1094 4114 si
1118 4049 1239 4114 eisdem
1263 4051 1444 4116 Ordinariis
1467 4052 1520 4116 vel
1544 4052 1710 4137 quibusvis
1734 4051 1806 4116 aliis
1830 4051 1871 4115 ab
1895 4051 2009 4115 cadem
2031 4053 2073 4116 sit
2097 4051 2180 4117 Sede

359 4160 528 4242 indultum,
558 4159 643 4245 quod
674 4159 957 4241 excommunicari,
982 4157 1145 4244 suspendi,
1170 4158 1222 4222 vel
1249 4158 1399 4222 interdici
1426 4180 1490 4223 non
1518 4159 1641 4245 possint
1668 4181 1726 4244 per
1749 4159 1873 4223 litteras
1898 4159 2091 4245 apostolicas
2116 4181 2180 4224 non

358 4268 513 4332 facientes
537 4267 667 4353 plenam
695 4273 728 4330 et
758 4287 945 4352 expressam
978 4286 1015 4329 ac
1040 4265 1079 4330 de
1103 4264 1202 4329 verbo
1227 4265 1427 4329 adverbum
1451 4264 1490 4330 de
1514 4265 1639 4330 indulto
1663 4265 1848 4350 hujusmodi
1871 4266 2083 4350 mentionem,
2107 4289 2180 4333 con·

358 4373 549 4440 tradictores
581 4374 773 4438 auctoritate
808 4379 919 4437 nostra
954 4373 1132 4458 apostoliea
1166 4393 1224 4458 per
1260 4393 1412 4437 censuras
1447 4372 1703 4456 ecclesiasticas,
1732 4373 1949 4460 appellatione
1982 4375 2178 4461 postposita,

359 4481 601 4568 compescendo.

446 4589 569 4654 Datum
594 4587 845 4674 Carpentoraote
870 4586 981 4673 quinto
1005 4586 1163 4652 kalendas
1187 4587 1381 4670 novembris,
1405 4587 1610 4673 pontificatus
1634 4587 1735 4653 nostri
1759 4609 1844 4654 anno
1868 4590 1990 4676 quinto.

1215 4943 1322 5008 LVII.

1105 5177 1202 5260 1320,
1227 5177 1248 5240 3
1268 5176 1433 5260 februarii.

645 5407 697 5471 Ex
720 5407 803 5472 libro
826 5407 855 5471 B
879 5407 1166 5494 Reformmicnum,
1190 5430 1218 5474 c.
1243 5411 1307 5474 388
1332 5431 1357 5473 r.
1383 5408 1416 5472 in
1439 5408 1583 5474 Archive
1607 5408 1748 5473 maximo
1772 5409 1890 5474 bonon.

449 5660 545 5725 Anno
569 5660 701 5724 Domini
725 5661 894 5725 millesimo
918 5661 1135 5726 tricentesimo
1158 5661 1330 5747 vigesimo,
1347 5660 1521 5726 indictione
1543 5660 1649 5744 tertia,
1675 5661 1726 5725 die
1750 5662 1845 5726 tertio
1869 5663 1987 5727 mensis
2011 5663 2175 5728 februarii.
2226 5745 2228 5750 Ι

449 5766 627 5831 Consilium
649 5767 768 5852 Populi
791 5775 824 5831 et
847 5789 951 5832 masse
975 5768 1093 5854 Populi
1116 5767 1256 5833 civitatis
1279 5768 1425 5834 Bononio
1449 5768 1526 5832 fecit
1553 5769 1670 5834 nobilis
1701 5776 1734 5833 et
1763 5770 1919 5835 discretus
1949 5771 1999 5834 vir
2029 5771 2177 5836 dominus

359 5873 501 5940 Jacobus
526 5874 565 5939 de
589 5873 729 5960 Laquila
752 5873 948 5961 Capitaneus
971 5876 1090 5962 Populi
1111 5876 1317 5942 bononiensis
1340 5877 1374 5940 in
1397 5875 1518 5962 palatio
1544 5897 1627 5941 novo
1652 5875 1837 5942 Communis
1861 5885 1893 5942 et
1915 5879 2034 5964 Populi
2057 5899 2177 5942 merno-

359 5982 421 6046 rati
445 5981 485 6045 ad
510 6003 625 6045 sonum
648 6003 814 6067 campane,
832 6003 910 6046 voce
930 6004 1105 6069 preconum
1128 6005 1217 6048 more
1240 5984 1335 6048 solito
1359 5983 1560 6069 congregari.
1585 5984 1624 6048 In
1641 6005 1704 6070 quo
1722 5985 1850 6070 quidem
1868 5985 2009 6050 Consilio
2026 5985 2177 6051 interfue-

359 6095 435 6152 runt
458 6087 544 6152 ultra
567 6109 665 6174 quam
689 6087 750 6152 due
773 6095 883 6174 partes
906 6090 1127 6155 Annianorum
1151 6097 1183 6154 et
1207 6089 1383 6156 Consulum
1406 6091 1564 6176 presentis
1587 6091 1705 6155 mensis
1729 6097 1762 6155 et
1785 6091 1824 6154 de
1848 6091 1991 6178 ipsorum
2020 6113 2177 6156 consensu

360 6202 393 6260 et
415 6196 581 6260 voluntate
606 6195 709 6260 dictus
733 6197 880 6260 dominus
905 6196 1101 6284 Capitaneus
1125 6199 1292 6285 proposuit
1314 6198 1532 6285 infrascripta,
1550 6219 1646 6284 super
1667 6198 1783 6284 quibus
1806 6199 1975 6264 consilium
1991 6201 2176 6286 postulavit.

449 6303 623 6390 inprimis
647 6302 725 6389 quid
747 6305 854 6390 placet
877 6304 962 6369 dicto
987 6304 1129 6370 Consilio
1152 6306 1349 6392 generaliter
1371 6305 1541 6393 providere
1565 6327 1661 6392 super
1685 6305 1891 6393 infrascripta
1915 6307 2068 6392 petitione
2100 6329 2177 6371 exa·

360 6413 483 6476 minata
505 6417 538 6474 et
561 6411 741 6498 approbata
764 6433 822 6498 per
845 6412 990 6478 dominos
1014 6412 1190 6497 Annianos,
1214 6414 1304 6479 cuius
1328 6421 1420 6479 tenor
1444 6414 1518 6478 talis
1542 6420 1607 6479 est:

451 6516 532 6583 Oum
555 6517 615 6582 hoe
639 6517 681 6582 sit
705 6517 790 6604 quod
813 6517 961 6583 dominus
984 6519 1127 6584 Romeus
1151 6521 1191 6584 de
1212 6520 1344 6608 Pepolis
1367 6520 1513 6585 intendat
1537 6519 1577 6584 ad
1600 6519 1835 6607 promotionem
1856 6519 2040 6585 doctoratus
2056 6519 2177 6586 domini
