5490 7750
834 651 1065 702 concussam
1095 653 1146 703 sn
1174 652 1429 704 Paorsssoans
1457 654 1563 705 sums
1593 653 1727 704 crvmrs
2138 635 2187 707 99

370 811 510 886 curator,
527 803 698 870 sindicario
715 813 748 870 et
763 807 984 893 procuratorio
1007 807 1136 871 nomine
1158 807 1352 894 supradicta,
1370 808 1499 872 omnino
1516 808 1646 891 dimisit,
1662 829 1785 894 nosque
1802 816 1834 874 et
1849 830 2050 874 successores
2066 817 2192 876 nastros

369 917 402 974 et
425 911 572 976 eamdem
594 933 763 977 romanam
785 912 965 978 Ecclesiam
988 914 1200 999 reintegravit
1222 921 1255 978 et
1279 915 1418 978 restituit
1433 915 1528 1002 plene
1546 922 1579 979 et
1594 916 1694 979 libere
1711 915 1754 979 ad
1769 916 1889 980 dictam
1908 917 2144 1003 possessionem
2159 925 2193 984 et

370 1019 476 1104 quasi,
501 1026 534 1083 et
557 1019 599 1082 ad
623 1019 731 1084 omnia
754 1026 787 1083 et
809 1021 939 1105 singula
962 1020 1157 1107 supradicta.
1182 1021 1224 1085 Et
1248 1021 1432 1108 insignum
1458 1028 1489 1086 et
1512 1022 1641 1086 nonrine
1665 1023 1846 1087 traditionis
1870 1023 2055 1107 hujusmodi
2079 1045 2191 1111 corpo·

370 1126 448 1190 ralis
471 1127 681 1212 possessionis
705 1133 737 1191 et
763 1127 865 1212 quasi,
882 1149 920 1192 ac
943 1127 1155 1193 restitutionis
1179 1135 1212 1192 et
1235 1129 1496 1214 reintegrationis
1519 1129 1747 1215 predictarum,
1765 1130 1872 1194 claves
1889 1131 2028 1195 civitatis
2045 1132 2192 1217 ejusdem

370 1233 542 1298 sindicaria
565 1240 598 1298 et
619 1234 840 1320 procuratorio
865 1236 993 1299 nomine
1018 1235 1202 1322 supradicto
1225 1235 1318 1301 nobis
1341 1237 1374 1301 in
1390 1236 1503 1301 codem
1519 1237 1649 1323 publico
1665 1237 1856 1302 consistoria
1872 1239 2110 1324 presentialiter
2126 1245 2191 1304 tra-

370 1341 450 1405 didit
473 1349 506 1405 et
528 1342 660 1406 realiter
683 1342 879 1426 assignavit3
897 1363 934 1406 aa
951 1343 1097 1429 promisit
1121 1343 1307 1408 solemniter
1330 1351 1362 1409 et
1382 1345 1506 1428 jruavit
1529 1344 1657 1409 nomine
1682 1350 1714 1408 et
1737 1345 1770 1406 in
1787 1345 1911 1409 anunas
1927 1347 2191 1412 constituentium

369 1447 597 1535 predictorum,
614 1449 702 1534 quod
724 1450 810 1516 intra
833 1449 1039 1514 medietatem
1061 1450 1208 1537 proxime
1231 1449 1339 1515 future
1363 1451 1610 1537 quadragesima
1634 1451 1711 1515 dicti
1734 1450 1921 1536 Commune,
1938 1452 2141 1518 Universitas
2158 1461 2191 1519 et

368 1557 514 1643 Populus
538 1556 657 1621 dictam
680 1557 915 1644 possessionem
938 1563 970 1620 ct
994 1557 1086 1643 quasi
1109 1558 1252 1622 omnium
1275 1564 1307 1621 et
1331 1557 1531 1642 singulorum
1554 1556 1781 1644 predictorum,
1799 1558 1847 1622 illi
1870 1581 1927 1623 seu
1950 1560 2013 1623 illis
2035 1562 2191 1646 personis,

371 1687 468 1751 quam
491 1687 549 1729 seu
572 1687 652 1751 quas
675 1665 716 1729 ad
740 1666 799 1729 hec
823 1665 1010 1728 duxerimus
1034 1664 1253 1750 deputandas,
1278 1665 1419 1748 realiter,
1443 1666 1538 1752 plene
1561 1673 1593 1729 et
1623 1665 1748 1750 integre
1779 1666 1933 1749 reddent,
1958 1668 2129 1732 restituent
2158 1676 2191 1733 et

370 1773 594 1857 assignabunt,
618 1779 728 1837 nostro
752 1779 785 1836 et
808 1772 965 1836 dictarum
989 1793 1210 1837 successorum
1239 1778 1420 1837 nostrorum
1451 1779 1483 1836 et
1513 1773 1597 1836 dicte
1627 1772 1772 1837 Ecclesia
1802 1775 1930 1838 nomine
1961 1775 2189 1862 recipiendam,

370 1881 554 1945 habendam
577 1889 609 1945 et
632 1880 805 1944 tenendam
828 1880 930 1944 libere
953 1887 985 1944 et
1009 1880 1131 1966 absque
1155 1879 1383 1967 impedimento
1415 1902 1627 1966 quacumque.
1650 1880 1805 1944 Promisit
1826 1882 1924 1945 etiam
1948 1883 2133 1948 solemniter
2158 1892 2191 1950 et

368 1988 492 2071 juravit
514 1988 643 2052 nomine
665 1994 697 2052 et
720 1988 753 2051 in
778 1987 902 2051 animas
926 1987 1188 2051 constituentium
1210 1987 1437 2072 predictarum,
1455 1987 1541 2072 quod
1564 1987 1598 2051 in
1622 1987 1784 2052 civitatem
1809 1988 1956 2053 eamdem
1979 1991 2113 2076 ejusque
2138 2013 2190 2056 co·

371 2096 520 2158 mitatum
543 2095 583 2158 ed
606 2094 787 2159 districtum
810 2094 1012 2159 Ludavicum
1035 2094 1075 2157 de
1099 2094 1251 2176 Bavaris,
1270 2095 1321 2158 vel
1346 2094 1490 2179 quemvis
1514 2095 1742 2180 imperatorem
1766 2117 1823 2159 scu
1846 2117 1956 2182 regem
1973 2119 2189 2183 romanorum,

371 2202 424 2265 vel
448 2203 487 2266 de
512 2202 654 2287 ipsorum
677 2202 827 2288 gentibus
852 2202 992 2287 aliquem
1016 2202 1068 2265 vel
1092 2202 1216 2287 aliquos
1241 2201 1393 2266 natabilis
1416 2201 1658 2287 praeminentia,
1682 2204 1842 2289 potentie,
1867 2225 1924 2267 seu
1947 2206 2126 2291 potestatis,
2152 2207 2191 2272 de

371 2331 434 2394 quo
458 2309 510 2372 vel
534 2308 651 2400 quibua¹
675 2316 784 2395 posset
806 2309 1023 2372 verisimiliter
1046 2307 1188 2373 dubitari
1223 2331 1281 2373 seu
1313 2309 1456 2395 presumi
1486 2309 1697 2374 mutationem
1729 2317 1831 2374 status
1863 2311 1915 2375 vel
1947 2314 2191 2399 occupationem

371 2417 511 2480 civitatis
535 2417 681 2501 ejusdem
704 2416 821 2480 debere
846 2415 1032 2500 contingere
1057 2415 1211 2480 adversus
1236 2437 1293 2479 nos
1317 2423 1350 2480 et
1373 2415 1553 2480 Ecclesiam
1577 2423 1797 2499 memoratam,
1815 2438 1877 2482 non
1895 2418 2109 2503 introducent,
2127 2442 2191 2485 nan

372 2531 537 2588 assument
559 2524 612 2589 val
636 2524 792 2610 recipient
815 2523 936 2608 absque
960 2521 1091 2587 licentia
1121 2523 1213 2587 Sedis
1243 2523 1419 2608 apostolice
1444 2523 1590 2608 speciali,
1614 2545 1672 2609 per
1695 2525 1795 2610 ipsius
1818 2525 1928 2589 literas
1953 2528 2192 2592 concessionem

372 2631 500 2694 lieentia
523 2631 709 2716 hujusmodi
733 2631 916 2717 specialiter
936 2631 1165 2717 exprimentes.
1183 2630 1231 2694 Ac
1248 2630 1456 2694 nihilominus
1477 2630 1562 2694 idem
1585 2631 1725 2696 sindicus
1749 2638 1782 2695 et
1801 2640 2000 2717 procurator,
2019 2635 2192 2702 sindicario

374 2745 406 2802 et
429 2739 649 2824 procuratorio
674 2739 802 2803 nomine
826 2738 1022 2822 eorumdem,
1039 2747 1135 2824 prout
1156 2739 1251 2825 plena
1275 2745 1403 2825 potarat
1425 2760 1467 2802 ex
1491 2739 1609 2802 virtute
1632 2747 1666 2802 et
1689 2745 1848 2825 potestate
1872 2740 2048 2806 sindicatus
2071 2750 2104 2807 et
2119 2765 2192 2830 pro·

374 2847 527 2929 curatorij
551 2846 611 2928 sui,
628 2867 685 2932 per
703 2867 777 2909 eum
800 2846 892 2910 nobis
917 2846 1027 2928 oblati,
1045 2845 1130 2931 quod
1153 2847 1185 2910 in
1210 2847 1353 2910 archivio
1377 2846 1522 2931 ejusdem
1546 2866 1677 2910 romane
1701 2846 1845 2911 Ecclesia
1870 2848 2093 2913 mandavimus
2117 2871 2192 2914 con·

374 2954 507 3035 servari,
532 2953 572 3017 ad
597 2959 708 3018 sancta
731 2953 795 3016 Dei
816 2953 998 3039 Evangelia
1021 2975 1078 3040 per
1102 2975 1176 3018 eum
1199 2960 1295 3035 tacta,
1313 2955 1499 3038 juramenta
1523 2953 1614 3017 nobis
1637 2955 1777 3040 prestitit
1800 2954 1833 3018 in
1858 2955 1918 3019 hac
1943 2955 2062 3021 forma:
2086 2983 2101 3015 c
2126 2957 2193 3044 Epa

374 3061 537 3125 Rotundus
561 3062 716 3146 quandam
732 3061 885 3126 Jolcurcnis
908 3062 945 3126 de
968 3059 1136 3144 Funtutijs,
1152 3063 1223 3125 eicis
1239 3060 1439 3143 bononiensia,
1455 3061 1591 3124 siradicus
1607 3069 1633 3125 et
1644 3070 1832 3145 procurator
1847 3065 1984 3146 civitella,
2004 3063 2192 3148 Coricnruuis,

373 3170 580 3232 unirersitutis
592 3176 619 3233 et
632 3168 745 3253 Populi
759 3167 958 3250 bononiensia,
966 3171 1112 3252 promitto
1124 3176 1151 3232 et
1158 3169 1237 3252 juro
1252 3170 1374 3232 nornine
1390 3176 1416 3232 et
1433 3171 1466 3231 iu
1481 3170 1603 3232 (iniurias
1617 3171 1863 3233 carcatituentiurn
1875 3171 2095 3254 predictarum,
2109 3173 2191 3257 quael

373 3277 486 3357 ciuitas,
505 3273 681 3357 Commune,
697 3279 880 3340 universitas
895 3283 921 3340 ct
938 3275 1076 3360 Populus
1091 3275 1281 3340 bononiensis
1296 3297 1331 3339 ac
1346 3277 1505 3339 comitatus
1521 3283 1547 3340 et
1566 3276 1722 3340 districtus
1738 3277 1883 3359 ejusdem,
1899 3299 1953 3342 nec
1968 3299 2030 3342 nan
2049 3278 2189 3344 Caruncu-

373 3385 427 3447 nia
443 3391 470 3448 et
485 3385 697 3447 universitates
712 3383 863 3446 dictorum
879 3385 1037 3447 comitatus
1053 3389 1080 3447 et
1095 3384 1251 3446 districtus
1266 3383 1304 3446 nb
1318 3383 1375 3447 lica
1389 3383 1466 3446 bara
1483 3385 1515 3446 in
1532 3390 1623 3446 autea
1643 3383 1748 3465 fideles
1770 3393 1797 3449 et
1819 3384 1985 3449 obedientes
2001 3395 2091 3451 erunt
2107 3386 2190 3451 beata

375 3490 467 3555 Petra
483 3492 688 3575 apostolarum
697 3493 837 3574 principi
852 3498 878 3553 et
896 3489 973 3554 cabis
989 3489 1184 3554 Sarcctiasinca
1202 3490 1291 3554 Patri
1306 3489 1440 3554 Domina
1456 3498 1558 3554 nostra
1573 3490 1708 3554 Domina
1724 3491 1887 3556 Benedicta
1905 3492 1988 3577 Papa
2003 3494 2189 3578 duodecimo,

373 3601 536 3683 cannaque
558 3597 776 3662 successoribus
799 3599 939 3662 canonice
962 3597 1159 3680 intrantibus,
1182 3605 1342 3682 sancteque
1365 3619 1490 3662 romane
1512 3596 1653 3680 Ecclesia,
1675 3606 1702 3663 et
1726 3620 1785 3662 nan
1810 3607 1900 3662 errent
1923 3602 1956 3663 iu
1982 3599 2114 3664 Consilia
2137 3609 2192 3666 aret

372 3727 518 3770 consensu
540 3707 586 3770 cel
608 3706 690 3789 fricta
720 3706 802 3791 quod
825 3708 915 3770 citam
937 3707 1073 3790 perdatis
1099 3714 1154 3770 acet
1178 3706 1356 3790 rnernbrum,
1379 3714 1435 3770 aut
1457 3708 1623 3790 capiamini
1646 3707 1729 3770 nacla
1751 3709 1895 3791 captione.
1920 3707 2087 3772 Consilium
2111 3709 2192 3793 quad

374 3817 416 3879 eia
438 3814 587 3878 credituri
608 3817 676 3879 estis
693 3835 753 3898 per
783 3835 832 3877 caa
861 3821 916 3877 aut
940 3835 1001 3898 per
1031 3816 1176 3896 nuncios,
1199 3834 1329 3897 seraper
1352 3815 1457 3878 literas
1483 3813 1526 3877 ad
1555 3821 1688 3878 castrum
1718 3815 1764 3878 cel
1793 3815 1870 3878 dicte
1896 3815 2012 3880 ecclesie
2040 3816 2191 3880 damnum

373 3925 499 3987 scienter
521 3923 637 3986 nemini
654 3922 809 4006 president,
833 3929 860 3986 ct
883 3924 909 3985 si
931 3923 1072 3986 sciuerint
1091 3921 1178 4004 fieri,
1202 3923 1247 3986 cel
1265 3923 1434 4005 procurari
1460 3942 1511 3985 seu
1536 3923 1666 3984 tractari
1687 3922 1809 4006 aliquid
1837 3922 1919 4006 quod
1940 3925 1979 3986 sit
2001 3925 2034 3986 iu
2058 3931 2191 3988 cestrum

375 4031 420 4094 ael
441 4028 573 4094 Ecclesia
589 4029 725 4114 predicte
747 4029 916 4111 alcuinum,
940 4029 1020 4092 illud
1035 4050 1098 4112 pra
1114 4049 1202 4112 passe
1225 4029 1402 4112 impedient,
1426 4036 1453 4092 et
1475 4030 1502 4092 si
1524 4028 1672 4112 impedire
1695 4049 1756 4092 nau
1778 4036 1919 4112 possent,
1942 4030 2024 4093 illuct
2048 4029 2125 4094 cabis
2148 4032 2193 4096 cel

372 4135 590 4202 succcessoribus
618 4139 724 4200 cestris
753 4157 788 4200 ac
812 4137 870 4219 ipsi
892 4135 1023 4200 Ecclesia
1045 4135 1219 4220 sipnificarc
1241 4135 1413 4218 curabunt,
1430 4143 1583 4219 papatum
1606 4156 1769 4199 romanum
1794 4144 1822 4200 et
1844 4137 1961 4220 repulia
1984 4140 2081 4202 acardi
2106 4137 2191 4202 Petri

365 4247 456 4330 juro,
465 4244 698 4327 jurisdictiones
723 4251 818 4308 cestra
841 4251 868 4307 et
889 4265 1095 4307 sccccessarurn
1117 4251 1285 4307 resbacum
1308 4250 1335 4307 et
1359 4263 1485 4306 roricone
1507 4241 1639 4307 Ecclesia
1658 4250 1721 4306 tana
1741 4245 1774 4306 in
1790 4246 1856 4327 ipsc
1872 4246 1990 4308 ciuitate
2004 4244 2191 4329 bononiensi,

373 4355 531 4435 comitatu,
555 4352 709 4415 territoria
731 4358 758 4414 et
780 4350 935 4432 districtu,
960 4371 1053 4434 quarn
1075 4349 1149 4413 alibi
1171 4349 1352 4434 ubicumque
1375 4351 1565 4414 consistentia
1588 4351 1744 4432 adjutores
1774 4357 1865 4415 erunt
1894 4350 1973 4414 euobis
1996 4359 2023 4415 et
2046 4372 2191 4416 successa·
2218 4353 2223 4362 ’

373 4459 459 4524 ribus
481 4459 587 4522 cestris
609 4464 637 4522 et
660 4458 755 4522 eidem
779 4455 911 4521 Ecclesia
932 4457 975 4520 acl
996 4458 1201 4540 retinendum,
1217 4456 1444 4539 defendendum
1467 4463 1493 4521 ct
1518 4456 1773 4540 recuperandum,
1798 4465 1824 4522 et
1848 4466 2026 4542 recuperata
2051 4467 2190 4526 manute-

373 4566 511 4632 nendum
537 4573 644 4630 cantra
678 4585 797 4628 oninanc
826 4563 997 4628 barninecn:
1019 4565 1062 4628 sia
1090 4562 1176 4628 Deus
1206 4585 1253 4627 ane
1281 4564 1433 4648 dictasque
1463 4565 1674 4628 constituentes
1704 4565 1827 4646 adjacet
1858 4571 1884 4628 et
1913 4565 1966 4630 bac
1995 4573 2100 4630 sancta
2130 4565 2192 4631 Dei

373 4674 543 4758 Eacnpelia
567 4697 597 4736 ι.
620 4671 774 4736 Promisit
797 4672 893 4734 etiam
919 4677 951 4734 et
972 4672 1095 4754 jurarit
1117 4671 1222 4735 dictus
1246 4671 1402 4753 sindicus,
1426 4671 1554 4734 nomine
1579 4677 1611 4734 et
1635 4672 1668 4734 in
1696 4672 1820 4735 animas
1851 4673 2113 4737 constituentium
2137 4695 2190 4737 eo·

373 4781 530 4864 cumdem,
546 4779 631 4866 quod
654 4779 731 4845 dicti
755 4779 941 4861 Commune,
958 4778 1162 4842 Universitas
1186 4784 1218 4841 et
1240 4778 1385 4864 Populus
1408 4778 1613 4844 bononiensis
1637 4778 1740 4842 simile
1761 4779 1981 4864 juramentum
2002 4801 2059 4865 per
2080 4801 2191 4844 eorum

373 4889 554 4974 legitimum
576 4887 734 4951 sindicum
758 4885 889 4950 cuilibet
913 4885 1090 4950 successori
1113 4892 1220 4949 vestro
1242 4885 1394 4949 canonice
1418 4885 1551 4950 intranti
1571 4886 1699 4950 nomine
1716 4885 1841 4950 romani
1856 4885 2027 4972 pontificis,
2044 4887 2099 4973 qui
2115 4895 2191 4952 tunc

374 4997 445 5078 erit,
463 5002 495 5059 et
515 5016 608 5059 suum
631 4994 729 5058 etiam
752 4992 972 5078 exprimendo,
989 4993 1180 5079 prestabunt
1199 4993 1299 5056 senrel
1322 4999 1354 5057 ct
1376 4991 1461 5056 infra
1485 4993 1624 5078 primum
1647 5014 1768 5057 annum
1791 4992 1995 5079 pontificatus
2019 4994 2191 5078 cujuslibet

373 5102 558 5189 hujusmodi
582 5100 792 5182 successoris;
816 5106 849 5163 et
865 5099 950 5185 quod
974 5121 1084 5164 omnes
1107 5108 1139 5165 et
1162 5100 1282 5184 singuli
1305 5121 1410 5164 mares
1433 5099 1582 5182 civitatis,
1599 5101 1769 5164 comitatus
1793 5106 1825 5164 et
1848 5099 2011 5164 districtus
2031 5101 2191 5187 predicto·

373 5232 445 5275 rum
468 5211 607 5296 majores
631 5206 874 5294 quatuordecim
897 5207 990 5271 annis
1014 5207 1106 5272 nobis
1130 5215 1162 5272 et
1185 5207 1318 5272 cuilibet
1341 5208 1519 5272 successori
1541 5214 1650 5272 nostro
1671 5207 1824 5272 canonice
1841 5208 1974 5271 intranti
1991 5208 2090 5272 semel
2106 5207 2191 5272 infra

374 5339 527 5401 mensem,
544 5323 715 5404 postquam
738 5336 835 5402 super
857 5315 918 5380 hoc
941 5313 1061 5379 fuerint
1084 5315 1239 5400 requisiti,
1256 5314 1407 5379 videlicet
1429 5314 1478 5378 illi
1500 5315 1553 5378 vel
1576 5313 1639 5378 illis
1663 5315 1808 5401 personis
1833 5314 1948 5399 quibus
1972 5335 2031 5378 nos
2053 5315 2106 5380 vel
2129 5316 2191 5402 ipsi

373 5445 573 5491 successeras
597 5423 629 5488 id
653 5423 906 5488 commiserimus
922 5423 975 5487 vel
991 5422 1219 5487 commiserint.
1237 5422 1302 5496 Qui
1318 5422 1446 5508 quidem
1463 5421 1710 5486 Commissarius
1727 5422 1779 5485 vel
1796 5421 2018 5486 Commissarii
2033 5423 2066 5486 in
2083 5423 2191 5487 mode·

374 5534 475 5599 rande
499 5553 632 5597 numero
656 5553 777 5616 eorum,
802 5533 857 5619 qui
882 5533 1102 5618 juramentum
1133 5530 1316 5595 huiusmodi
1346 5529 1467 5594 fuerint
1495 5530 1670 5617 prestituri,
1694 5537 1727 5595 et
1753 5529 1945 5616 requirendo
1970 5530 2011 5595 ad
2035 5531 2115 5596 haec
2138 5533 2191 5596 vel

373 5642 496 5730 requiri
518 5640 666 5706 facienda
690 5639 762 5704 illos
786 5639 825 5703 de
850 5639 965 5725 quibus
989 5639 1174 5704 discretioni
1204 5639 1304 5724 ipsius
1334 5639 1387 5703 vel
1417 5638 1560 5724 ipsorum
1588 5638 1749 5703 videbitur
1780 5645 1812 5702 et
1843 5659 1907 5702 nan
1939 5639 2037 5721 alios,
2060 5639 2191 5725 plenam

372 5750 493 5815 habeat
515 5748 569 5812 vel
592 5748 734 5812 habeant
752 5753 955 5834 potestatem,
969 5747 1190 5831 juramentum
1212 5744 1377 5810 fidelitatis
1399 5746 1590 5832 prestabant
1613 5753 1727 5832 sponte
1743 5752 1775 5810 et
1793 5745 1893 5810 libere
1911 5745 1969 5810 sub
1991 5747 2052 5811 hac
2068 5746 2189 5811 forma:

379 5855 479 5942 «Epa
498 5903 873 5920 ............
898 5855 969 5918 ciuis
995 5851 1185 5916 bononiensis
1199 5853 1278 5936 jura
1301 5854 1382 5938 quad
1404 5852 1441 5918 ab
1464 5853 1521 5917 buc
1542 5853 1619 5917 bora
1641 5855 1676 5916 in
1697 5860 1788 5916 antea
1808 5852 1909 5935 fidelis
1931 5834 1957 5917 ct
1980 5852 2117 5918 obediens
2140 5875 2191 5918 era

373 5965 457 6029 beata
480 5962 571 6028 Petra
587 5963 726 6047 principi
748 5962 964 6045 Apostolorum
987 5967 1014 6024 at
1036 5961 1224 6024 sacratissima
1239 5962 1329 6045 patri
1351 5961 1472 6024 domina
1488 5968 1590 6024 nostro
1605 5960 1729 6023 darnina
1745 5959 1908 6024 Benedicta
1918 5981 2001 6044 pape
2016 5960 2191 6026 duodecima

372 6074 497 6156 ‹puapsce
518 6068 736 6134 successoribus
758 6070 899 6132 canonice
920 6067 1134 6151 intrantibuss,
1149 6075 1294 6152 auctaque
1316 6069 1485 6152 Apostolica
1512 6087 1638 6132 comune
1660 6066 1801 6132 Ecclesia.
1827 6065 1898 6131 Non
1921 6088 1972 6131 era
2000 6068 2031 6130 in
2059 6065 2190 6131 Consilia

373 6187 428 6244 aut
450 6197 594 6242 consensu
618 6176 663 6240 cel
681 6175 774 6258 facta,
794 6175 875 6261 quod
897 6177 990 6240 citam
1011 6175 1149 6260 perdunt
1178 6181 1234 6239 aret
1263 6173 1444 6260 membrum,
1467 6182 1523 6239 aut
1548 6178 1713 6260 capiuntur
1736 6176 1820 6239 malea
1849 6177 1994 6259 captione.
2022 6173 2191 6238 Consilium
2282 6218 2287 6230 .

375 6285 456 6372 quad
478 6285 553 6349 mibi
573 6283 723 6349 creditcni
745 6291 836 6347 erunt
853 6305 914 6367 per
935 6304 965 6348 se
987 6291 1042 6347 eccl
1060 6305 1119 6367 per
1144 6285 1270 6346 criencias
1288 6303 1357 6347 suas
1372 6284 1432 6347 siae
1442 6304 1502 6366 per
1517 6284 1634 6347 litteras
1648 6283 1691 6346 ad
1706 6303 1811 6347 aarum
1827 6282 1988 6365 damnum,
2006 6303 2052 6346 rice
2070 6283 2189 6366 sciente,

374 6392 492 6457 nancini
507 6390 669 6475 pandam,
689 6397 716 6453 et
738 6391 765 6453 si
785 6391 897 6454 sciaera
917 6389 988 6471 fieri
1010 6389 1056 6452 cel
1072 6391 1242 6473 procurari
1264 6409 1317 6454 seu
1341 6390 1471 6453 tractari
1492 6387 1614 6473 aliquid
1636 6389 1718 6474 quod
1747 6389 1841 6452 sitin
1864 6408 1969 6452 aarum
1994 6388 2038 6452 cel
2059 6386 2192 6452 Ecclesia

367 6499 505 6586 predicta
527 6497 695 6581 domicum,
720 6495 800 6561 illud
815 6517 879 6580 pra
894 6517 982 6581 passe
1005 6496 1186 6580 inpediens,
1211 6503 1238 6560 et
1257 6499 1284 6560 ai
1307 6497 1450 6581 impediri
1473 6517 1534 6560 nou
1559 6503 1684 6581 patero,
1708 6495 1789 6560 illud
1811 6498 1852 6561 eis
1883 6502 1910 6560 et
1940 6497 2036 6560 eidem
2059 6494 2191 6562 Ecclesia
