5484 7746
667 603 742 673 212
1453 621 1693 672 ueuuunurn

664 778 771 843 soldos
794 779 1037 844 benenenerum
1061 778 1218 863 relinquo,
1243 777 1410 842 Heremite
1435 777 1538 840 999911
1561 776 1698 841 «loannis
1722 777 1755 840 in
1779 776 1889 840 Monte
1913 775 2110 862 pelizzencm
2133 797 2240 839 mcum
2263 777 2428 859 majorem,
2443 785 2470 842 et

664 885 809 970 ejusdem
833 886 986 950 servienti
1010 887 1165 950 minorem
1189 907 1295 949 mcum
1320 906 1472 948 renonem
1496 885 1652 969 relinquo.
1678 883 1827 970 Dompne
1843 883 1997 970 Yosepho
2017 883 2116 970 priori
2137 883 2272 947 cultram
2288 903 2393 946 meam
2409 884 2469 970 pla·

664 993 794 1076 centini,
817 993 957 1080 dompno
981 993 1109 1057 Ubalde
1134 993 1271 1056 cultram
1293 1013 1398 1056 meam
1420 993 1545 1074 albam,
1569 991 1747 1078 presbitero
1774 990 1954 1078 Maynarde
1982 991 2154 1076 corrigiam
2180 1012 2285 1054 meam
2313 1012 2384 1054 cnm
2411 992 2470 1054 cul·

662 1101 751 1184 telle,
777 1121 873 1186 quam
898 1100 975 1163 mihi
998 1100 1087 1165 dedit
1110 1099 1258 1164 deminus
1282 1100 1564 1185 Archiepiscopus,
1581 1099 1738 1184 relinque.
1762 1097 1880 1164 Omnia
1904 1097 1971 1162 alia
1989 1119 2061 1162 mea
2082 1098 2268 1162 indumenta
2288 1097 2362 1162 vole
2379 1098 2469 1164 dividi

663 1207 746 1272 inter
769 1208 903 1272 clericos
926 1209 1029 1272 sancti
1052 1207 1188 1273 Jeannis
1213 1213 1244 1270 91
1268 1207 1371 1271 999911
1394 1206 1552 1288 Victoris,
1577 1207 1710 1271 arbitrio
1742 1206 1863 1270 demini
1886 1205 2008 1269 Priori·
2040 1212 2072 1270 et
2101 1227 2245 1270 meorum
2276 1205 2469 1271 comissario·

662 1337 743 1379 rum.
769 1314 979 1379 Comissarios
1003 1315 1100 1399 hujus
1125 1335 1194 1378 mee
1215 1315 1326 1378 ultime
1354 1314 1529 1378 veluntatis
1553 1335 1623 1377 csse
1647 1314 1721 1378 vele
1744 1313 1958 1400 presbiterum
1981 1312 2186 1377 Mainardum
2209 1318 2241 1376 et
2263 1312 2469 1398 presbiterum

662 1423 833 1506 «loannem,
858 1429 889 1486 91
913 1422 1087 1508 dompnum
1112 1421 1340 1504 Christianum,
1366 1429 1398 1486 91
1420 1421 1595 1508 dompnum
1621 1420 1837 1485 Guizzardum
1860 1420 1900 1485 de
1924 1419 2100 1503 Farraone,
2121 1427 2153 1484 et
2177 1421 2348 1504 unicuique
2372 1420 2469 1506 predi-

662 1537 785 1595 ctorum
809 1552 953 1594 meorum
973 1530 1265 1594 commissariorum
1288 1552 1320 1592 x.
1338 1529 1445 1594 soldos
1468 1530 1712 1592 bononenorum
1736 1529 1892 1613 relinque.
1917 1527 1967 1592 De
1990 1528 2066 1592 vine
2090 1535 2122 1592 et
2145 1528 2242 1591 blara
2265 1535 2298 1592 et
2321 1527 2469 1592 fructibus

662 1639 767 1724 campi
790 1639 853 1702 mci
876 1637 916 1701 de
939 1636 1079 1722 Vigerse
1104 1644 1135 1700 91
1159 1636 1264 1722 campi
1288 1636 1351 1700 mei
1374 1636 1413 1699 de
1439 1635 1643 1700 Cesaraltnla
1670 1642 1702 1699 et
1725 1636 1819 1699 vince
1843 1656 1912 1698 mee
1936 1635 1975 1698 de
1998 1635 2060 1698 Rie
2085 1635 2157 1698 volo
2178 1634 2331 1720 perlicere
2359 1635 2469 1698 librum

661 1767 757 1832 quem
780 1745 842 1809 feci
865 1745 1006 1831 incipere
1031 1743 1072 1808 ad
1095 1744 1250 1808 honorem
1273 1742 1336 1808 Dei
1360 1749 1391 1806 et
1415 1743 1517 1807 sancti
1541 1742 1691 1825 Victoris,
1709 1751 1741 1806 ct
1764 1742 1881 1806 librum
1906 1763 2000 1827 quem
2018 1741 2091 1806 volo
2108 1742 2248 1828 incipere
2265 1741 2307 1805 ad
2323 1741 2469 1806 honorem

661 1852 724 1917 Dei
747 1859 779 1916 91
799 1851 901 1915 999911
917 1849 1076 1915 «iohannis
1092 1849 1125 1913 in
1142 1849 1263 1931 Monte,
1280 1849 1401 1913 scilicet
1417 1847 1706 1912 blibiatheoamlll.
1729 1848 1909 1912 Ecclesiam
1932 1849 2035 1911 sancti
2058 1846 2199 1912 Victoris
2223 1848 2300 1911 mihi
2324 1847 2469 1914 heredem

661 1959 793 2024 instituo
817 1959 850 2022 in
873 1979 987 2043 campo
1011 1979 1081 2021 mco
1106 1957 1145 2020 de
1169 1956 1373 2021 Casamltula
1396 1964 1428 2020 et
1453 1956 1484 2018 iu
1509 1955 1652 2042 predicto
1676 1955 1776 2037 libre,
1802 1955 1847 2018 ita
1870 1954 1955 2040 quod
1980 1975 2111 2041 campus
2139 1975 2266 2040 semper
2288 1965 2469 2040 permaneat

661 2089 719 2154 pre
743 2087 854 2130 mense
877 2066 1030 2129 Fratrum
1053 2063 1198 2149 ejusdem
1222 2064 1366 2127 ecclesie.
1390 2063 1570 2127 Ecclesiam
1593 2063 1695 2126 sancti
1718 2061 1855 2126 Joennis
1879 2063 1911 2125 in
1934 2061 2044 2126 Monte
2069 2062 2199 2126 19911199
2224 2062 2301 2125 mihi
2324 2063 2469 2128 heredem

660 2175 692 2238 in
718 2196 830 2260 campo
854 2195 926 2236 meo
951 2173 990 2236 de
1013 2171 1129 2235 Vidnri
1161 2179 1193 2234 91
1216 2171 1249 2234 19
1272 2170 1415 2256 pluviale
1440 2177 1557 2234 99991
1580 2171 1711 2234 salterie
1736 2177 1768 2234 91
1790 2170 1822 2232 19
1846 2169 2052 2252 blibiathcca,
2076 2191 2149 2233 cnm
2172 2169 2259 2233 facta
2283 2169 2390 2251 fuerit,
2415 2171 2469 2236 hee

660 2281 754 2346 medo
779 2280 864 2366 qued
888 2301 1019 2365 campus
1044 2300 1171 2364 semper
1193 2279 1267 2342 vole
1291 2278 1377 2363 qnod
1406 2283 1596 2363 permaneat
1628 2299 1685 2362 pro
1717 2298 1828 2340 mensa
1860 2276 2095 2368 Canonicorum
2126 2277 2229 2342 saneti
2251 2276 2411 2340 Johannis
2440 2279 2468 2342 in

660 2389 788 2472 Mente,
812 2389 857 2452 119
882 2387 966 2473 qnod
990 2387 1106 2472 aliquis
1130 2386 1234 2469 Prior,
1251 2387 1304 2450 vel
1328 2387 1510 2467 canonicus,
1535 2407 1592 2449 nco
1618 2385 1734 2471 aliquis
1758 2385 1851 2466 alius,
1873 2385 1928 2470 qui
1952 2385 2048 2448 sitin
2073 2383 2223 2470 predictis
2246 2385 2401 2468 ecclesiis,
2418 2387 2469 2450 ha·

658 2497 734 2561 beat
755 2503 950 2583 potestatem
974 2493 1134 2558 vendendi
1159 2494 1210 2556 991
1234 2493 1399 2556 alienandi
1421 2493 1581 2579 predictos
1606 2514 1747 2578 compes,
1770 2492 1831 2555 nisi
1853 2491 1965 2555 fecerit
1989 2512 2087 2555 cansa
2111 2493 2371 2578 permutacionis,
2390 2494 2469 2578 qued

660 2605 819 2668 cambium
845 2604 886 2667 sit
908 2603 985 2690 ipsis
1013 2601 1157 2665 ecclesiis
1189 2601 1240 2664 991
1272 2599 1406 2664 ecclesie
1436 2599 1562 2682 9111199,
1588 2599 1673 2684 quod
1705 2599 1865 2662 cambium
1895 2619 2021 2684 semper
2052 2598 2168 2662 debeat
2198 2621 2388 2685 permanere
2417 2622 2470 2686 pro

658 2733 770 2776 mensa
792 2711 844 2775 rel
868 2732 927 2797 pre
952 2709 1069 2773 mensis
1094 2708 1312 2794 predictorum
1335 2707 1501 2789 Fratrum,
1526 2714 1561 2771 91
1585 2728 1684 2792 supra
1708 2706 1827 2769 dictum
1851 2713 1909 2770 est.
1933 2706 1976 2769 Et
2000 2706 2131 2791 insuper
2153 2706 2282 2770 vineam
2306 2729 2412 2771 meam
2434 2709 2470 2774 dc
2514 2727 2517 2734 ⁴

658 2820 720 2884 Rie
741 2820 814 2903 jure
838 2817 1048 2882 institutionis
1072 2816 1218 2900 relinque
1243 2815 1376 2878 ecclesie
1402 2815 1505 2878 sancti
1521 2813 1657 2878 loannis
1682 2814 1713 2876 in
1737 2813 1857 2896 Mento,
1875 2813 1997 2877 scilicet
2013 2812 2247 2877 usumfructum
2264 2814 2364 2899 ipsius
2382 2816 2470 2880 91999

657 2929 732 2992 9919
757 2926 843 3012 quod
865 2931 1055 3011 permaneat
1078 2945 1135 3010 pro
1160 2922 1397 2987 nranntcncedo
1421 2921 1580 2985 labererio
1606 2921 1746 3007 paradisi
1770 2921 1873 2984 sancti
1889 2920 2035 3003 Joannis,
2053 2927 2084 2984 91
2101 2921 2243 3006 pluviale
2260 2923 2471 2988 etsalterium

658 3042 690 3099 91
712 3035 846 3100 hlibiam
871 3033 944 3097 vole
969 3031 1053 3118 quod
1078 3053 1204 3117 semper
1229 3037 1439 3116 permancant
1463 3029 1495 3093 in
1519 3029 1663 3115 predicta
1683 3029 1829 3109 ecclesie,
1847 3036 1881 3092 ut
1898 3027 2005 3092 clerici
2021 3027 2165 3113 ejusdem
2182 3028 2316 3094 ecclesie
2331 3030 2472 3096 habeant

658 3165 709 3207 me
733 3143 765 3206 in
791 3139 1137 3206 commemorationem.
1161 3138 1372 3202 Usnfrnctum
1396 3159 1473 3201 vero
1498 3137 1640 3201 emnium
1670 3157 1814 3200 mearum
1845 3156 1952 3199 rerum
1975 3144 2007 3199 et
2030 3137 2268 3221 posscssionum
2292 3137 2322 3199 in
2349 3161 2400 3202 me
2424 3163 2470 3204 re·

658 3272 750 3315 serve
780 3249 830 3312 991
854 3248 977 3311 9911999
1001 3246 1103 3310 donce
1126 3247 1238 3309 vixero
1262 3267 1320 3331 pro
1344 3243 1575 3309 benefaciendo
1599 3243 1795 3329 pauperibus
1819 3251 1851 3306 91
1874 3265 1932 3329 pre
1956 3243 2035 3306 meis
2058 3242 2271 3327 indumentis,
2289 3245 2412 3310 seilicet
2434 3247 2470 3312 de

657 3357 738 3421 meis
761 3355 868 3419 vaccis
893 3353 1070 3438 majoribus
1093 3353 1167 3416 volo
1191 3352 1344 3438 perficere
1369 3351 1502 3415 blibiam
1527 3350 1630 3414 saneti
1653 3349 1799 3432 Joannis,
1817 3356 1849 3412 et
1873 3349 1899 3412 si
1923 3348 1962 3412 de
1987 3349 2093 3412 vaccis
2117 3370 2181 3413 nen
2196 3351 2314 3433 peterit
2329 3353 2470 3436 explere,

653 3465 692 3529 de
717 3464 788 3527 aliis
812 3462 891 3526 meis
915 3461 1009 3525 benis
1033 3461 1107 3524 volo
1132 3459 1217 3545 qued
1241 3459 1428 3545 expleatur;
1447 3464 1478 3522 ct
1503 3457 1657 3543 quidquid
1681 3457 1720 3520 de
1744 3457 1840 3520 rebus
1865 3457 1944 3520 meis
1968 3455 2139 3520 mobilibus
2164 3463 2195 3520 et
2219 3455 2335 3542 legatis
2359 3481 2470 3544 supra-

652 3573 746 3637 dietis
770 3570 948 3657 supererit,
973 3569 1046 3632 vole
1071 3567 1196 3631 (199191
1220 3567 1449 3652 distribuipro
1474 3566 1582 3629 anima
1613 3587 1700 3647 mea,
1725 3564 1858 3628 arbitrie
1891 3564 2182 3628 commissariorum
2214 3585 2357 3628 meorum
2390 3567 2471 3631 19199

652 3680 805 3744 999199199
837 3684 869 3741 91
900 3675 1084 3740 sacerdotes
1116 3695 1154 3739 ac
1185 3695 1346 3760 pauperes
1378 3673 1498 3738 Christi
1529 3680 1561 3736 91
1591 3673 1646 3736 ubi
1677 3672 1791 3736 melius
1815 3677 1847 3734 91
1871 3670 1981 3734 9111199
2005 3671 2051 3734 919
2075 3671 2180 3734 visum
2202 3670 2309 3735 fucrit.
2336 3671 2371 3737 Si
2395 3696 2470 3739 vero

653 3787 769 3873 aliquis
792 3785 898 3868 Prior,
922 3784 976 3848 vel
1000 3783 1183 3864 eanonicus,
1208 3783 1263 3868 qni
1285 3803 1343 3868 pro
1369 3789 1513 3866 tempore
1538 3780 1635 3843 fuerit
1660 3780 1693 3842 in
1717 3779 1869 3865 predictis
1892 3779 2054 3860 ecclesiis,
2078 3779 2269 3842 alienaverit
2292 3780 2470 3864 predictum

652 3916 802 3980 campum
826 3892 865 3956 de
890 3890 1095 3956 Caseraltula
1117 3889 1170 3953 vel
1193 3910 1343 3974 campum
1367 3888 1406 3952 de
1430 3887 1666 3951 1111991121991
1691 3886 1866 3973 pluvialem
1890 3886 1942 3950 vel
1965 3885 2106 3970 aliquem
2129 3907 2170 3949 cx
2194 3885 2345 3971 predictis
2369 3889 2468 3972 libris,

652 4008 707 4066 991
732 4001 772 4064 de
802 3999 972 4063 usufructu
1002 3997 1082 4061 mihi
1111 4002 1274 4060 reservato
1306 4017 1356 4059 me
1381 3994 1616 4077 molestaverit,
1642 3995 1750 4057 statim
1782 3994 1856 4057 velo
1885 3992 1971 4078 quod
2002 3992 2163 4078 predictas
2190 3994 2411 4078 possessiones
2439 4005 2470 4060 91

651 4109 752 4173 libres
776 4115 807 4171 ct
831 4107 1008 4193 pluvialem
1038 4112 1070 4169 91
1094 4105 1223 4168 vincam
1247 4103 1386 4167 debeant
1409 4103 1578 4189 pervenire
1602 4101 1738 4166 Alberto
1763 4101 1872 4186 nepoti
1897 4122 1967 4164 meo
1991 4108 2023 4164 91
2046 4099 2177 4164 Juliane
2201 4101 2290 4186 nepti
2313 4123 2395 4184 mee,
2420 4105 2470 4168 991

652 4214 693 4278 ad
718 4235 830 4278 aerum
853 4213 982 4294 liberos,
999 4212 1089 4275 nulla
1113 4211 1237 4276 ratione
1262 4210 1426 4292 obstante3
1452 4209 1547 4272 etde
1572 4209 1617 4271 eis
1640 4214 1833 4292 potestatem
1854 4207 1908 4290 jus
1931 4205 2123 4270 vendicandi
2148 4206 2268 4271 directe
2294 4215 2326 4272 91
2349 4209 2471 4272 utiliter

653 4319 924 4408 quemadmodum
956 4326 987 4382 91
1014 4340 1075 4404 ege
1099 4339 1236 4404 possem.
1261 4317 1304 4380 Et
1327 4317 1386 4380 hcc
1410 4323 1459 4380 991
1482 4336 1554 4380 mea
1577 4314 1690 4378 ultima
1714 4315 1881 4395 veluntas,
1906 4334 1968 4398 que
1994 4313 2021 4376 si
2045 4334 2108 4377 nen
2132 4313 2256 4378 valeret
2277 4316 2350 4400 jure
2375 4322 2472 4380 testa·

652 4427 762 4510 menti,
788 4427 896 4491 valeat
919 4426 1026 4490 saltim
1047 4427 1122 4511 jure
1146 4424 1375 4506 codicillorum,
1399 4423 1451 4487 vel
1476 4422 1666 4509 9991119113)
1677 4423 1749 4506 jure
1774 4421 1885 4484 ultime
1909 4421 2094 4484 voluntatis.

741 4533 990 4598 Prcneminatus
1004 4533 1158 4618 magister
1170 4530 1191 4596 J
1193 4532 1312 4596 acebus
1329 4531 1368 4594 dc
1381 4531 1573 4594 Brettenoro
1590 4531 1672 4593 hanc
1689 4551 1780 4592 suam
1793 4528 1939 4592 ultimam
1955 4528 2165 4610 voluntatem,
2176 4536 2212 4592 91
2229 4550 2326 4614 supra
2339 4529 2470 4614 legitur,

653 4641 793 4706 scribere
818 4641 956 4726 rogavit,
981 4648 1145 4704 reservato
1170 4639 1229 4704 sibi
1254 4639 1433 4720 usufructu,
1458 4644 1493 4700 ut
1517 4636 1758 4723 supradictum
1781 4643 1840 4717 est,
1864 4634 1994 4698 licentia
2017 4633 2139 4698 Prioris
2162 4642 2194 4698 et
2217 4635 2380 4699 Fratrum.

742 4749 855 4812 Testes
879 4749 1038 4834 dompnus
1053 4747 1197 4833 Yoseph,
1214 4746 1309 4810 Prior
1328 4745 1431 4810 999911
1454 4745 1606 4826 Victoris,
1623 4744 1781 4831 presbiter
1802 4741 2000 4824 Mainardns,
2018 4742 2176 4828 dompnus
2193 4741 2383 4826 Cristianus,
2400 4763 2471 4828 prc-

653 4857 753 4920 sbiter
776 4856 954 4934 «lohannes,
979 4855 1137 4940 dompnus
1161 4854 1328 4918 Jehannes
1352 4852 1522 4934 Ascanius,
1547 4858 1579 4916 91
1602 4852 1759 4936 dompnus
1783 4849 1972 4932 Gnidottus,
1997 4851 2140 4915 canonici
2166 4851 2268 4913 sancti
2291 4849 2470 4931 Jehannis,

653 4972 685 5029 91
708 4963 837 5028 Arditio
861 4962 1012 5045 sindicus,
1030 4969 1062 5026 91
1083 4962 1325 5042 Β9999991999,
1343 4967 1375 5024 91
1398 4959 1586 5024 Dominieus
1609 4958 1648 5022 de
1672 4957 1808 5021 11199999
1831 4962 1863 5020 91
1887 4957 2107 5020 Bernardinns
2131 4963 2227 5042 atque
2251 4956 2423 5021 Martinus.

741 5072 861 5136 Actum
884 5071 918 5134 in
941 5091 1069 5135 camera
1091 5069 1214 5134 Prioris
1239 5069 1324 5156 apud
1348 5074 1495 5132 sanctum
1517 5067 1678 5131 Joannem
1701 5065 1733 5129 in
1757 5065 1877 5148 Mente,
1903 5065 2075 5129 indictione
2098 5065 2242 5150 predicta
2265 5065 2418 5129 secunda.

742 5179 800 5262 (L.
818 5180 840 5261 †
861 5178 908 5259 S.)
931 5177 1258 5267 EgoWuilliclmus,
1276 5176 1359 5240 sacri
1375 5174 1489 5261 palatii
1508 5173 1661 5256 notarius,
1679 5173 1753 5236 huic
1775 5172 1886 5236 ultime
1910 5172 2068 5238 voluntati
2091 5172 2222 5236 interfui
2246 5179 2288 5256 et,
2313 5180 2348 5236 ut
2371 5193 2471 5260 supra

652 5288 780 5373 legitur,
806 5292 938 5371 regatus
962 5284 1086 5370 scripsi.

732 6487 768 6550 (l,
789 6487 803 6534 2
824 6489 851 6536 et
872 6485 898 6550 3)
918 6484 970 6535 Sic.
