5492 7750
597 517 646 588 40
1378 540 1617 590 uouuusurn

595 693 710 758 Comiti
735 693 916 759 Gottifrede
940 693 979 756 de
1002 693 1215 776 Blanderato,
1240 693 1375 779 aliisque
1399 695 1477 758 loeis
1509 703 1541 758 et
1564 695 1709 780 personis
1733 694 1929 780 quibuslibet
1953 696 1992 760 de
2015 696 2218 779 Lonbardio,
2243 697 2405 782 diarchia,

594 807 626 864 et
647 801 851 884 Romaniola,
873 823 934 887 que
958 823 1061 887 nuper
1084 808 1197 864 contra
1220 803 1424 886 majestatem
1449 808 1608 882 nostram,
1630 809 1662 866 et
1686 802 1854 888 imperinm
1879 804 2106 868 commiserunt
2130 803 2303 885 offensam,
2328 805 2405 870 fide·

592 908 677 972 libus
701 910 766 972 suis
790 909 929 994 gratiam
952 930 1043 972 suam
1067 915 1099 972 et
1122 909 1241 973 bonam
1265 909 1475 974 voluntatem.

682 1016 821 1080 Causam
846 1016 984 1098 offense,
1010 1037 1106 1101 quam
1131 1038 1233 1102 nuper
1255 1024 1366 1080 contra
1391 1017 1612 1081 celsitudinem
1640 1024 1797 1098 nostram,
1823 1025 1856 1081 et
1887 1025 2032 1082 nostrum
2063 1019 2232 1106 imperium
2259 1019 2405 1092 conmisir

593 1125 660 1206 stis,
685 1125 760 1210 quia
783 1124 954 1187 videbatur
977 1123 1240 1209 impedimentum
1265 1124 1380 1188 offerre
1405 1123 1534 1208 negotio
1558 1123 1658 1189 Terre
1683 1124 1815 1204 Sancte,
1841 1126 1874 1189 in
1902 1125 2105 1212 providentia
2134 1133 2166 1190 et
2196 1125 2404 1212 dispositione

592 1231 712 1295 domini
743 1231 833 1318 Pape
865 1252 902 1294 ac
933 1231 1070 1294 fratrum
1101 1252 1231 1295 suorum
1262 1231 1496 1295 venerabilium
1525 1231 1745 1296 cardinalium
1777 1233 1940 1318 posuimus
1972 1233 2129 1297 absolute.
2154 1232 2274 1296 Eorum
2301 1235 2404 1318 jgitur

590 1339 773 1423 provisione
797 1359 893 1424 snper
917 1337 976 1402 hoe
999 1337 1126 1422 plenius
1150 1338 1328 1420 intellecta,
1353 1361 1411 1424 pro
1434 1339 1616 1403 reverentia
1638 1339 1718 1404 Jesu
1742 1339 1861 1404 Christi
1889 1347 1921 1404 et
1946 1339 2050 1426 jpsius
2074 1339 2173 1404 Terre
2207 1340 2323 1404 Sancte
2348 1362 2403 1406 ne-

591 1445 697 1530 gocio,
722 1445 814 1509 vobis
838 1446 997 1509 universis
1021 1452 1053 1509 ct
1076 1446 1211 1530 singulis
1235 1445 1275 1510 de
1298 1446 1410 1510 innata
1433 1446 1525 1510 nobis
1549 1447 1719 1510 clementia
1742 1447 1933 1510 remittimus
1956 1467 2083 1511 omnem
2107 1469 2288 1528 rancorem,
2310 1449 2402 1512 mali·

590 1552 782 1635 volentiam,
807 1553 942 1638 injurias
966 1560 998 1617 et
1021 1553 1160 1617 offensas
1192 1554 1362 1638 omniaque
1387 1554 1512 1634 banna,
1537 1554 1797 1636 constitutiones,
1819 1555 1995 1618 sententias
2019 1562 2051 1620 et
2074 1556 2314 1637 ordinamenta,
2339 1575 2400 1640 qne

590 1661 724 1724 fecimus
747 1660 798 1723 vel
821 1660 1031 1746 imposuimus
1055 1681 1112 1746 per
1137 1681 1194 1724 uos
1219 1661 1270 1724 vel
1295 1683 1352 1746 per
1375 1661 1491 1742 alium,
1514 1661 1637 1725 aliusve
1661 1683 1719 1747 pro
1744 1661 1835 1726 nobis
1859 1662 2021 1748 imposuit,
2045 1662 2137 1726 vobis
2161 1683 2218 1726 seu
2243 1662 2339 1726 alicui
2362 1661 2402 1726 de

590 1768 774 1832 civitatibus
794 1768 872 1831 locis
901 1773 932 1832 et
955 1769 1099 1853 personis
1123 1767 1285 1851 ejusdem,
1309 1775 1341 1832 et
1365 1789 1565 1854 quecumque
1590 1789 1629 1832 ex
1655 1768 1701 1831 eis
1725 1769 1777 1832 vel
1801 1769 1841 1832 ob
1865 1791 1904 1833 ea
1928 1777 2038 1834 secuta
2062 1777 2136 1833 sunt
2160 1771 2287 1855 penitus
2311 1791 2402 1834 revo-
2426 1829 2429 1835 Δ

590 1897 709 1959 camus,
726 1883 758 1940 et
782 1876 964 1962 specialiter
988 1876 1247 1940 constitutionem
1271 1876 1390 1940 saetam
1419 1876 1458 1940 de
1484 1875 1596 1940 Studio
1621 1883 1652 1940 et
1676 1876 1879 1940 studentibus
1902 1876 1976 1940 bon.
2001 1877 2168 1941 universos
2192 1885 2224 1940 et
2247 1878 2402 1962 singulos,

589 1983 657 2068 qui,
683 1983 849 2046 occasione
874 1983 1010 2066 alicujus
1035 1981 1268 2068 predictorum,
1292 1983 1352 2046 lesi
1376 1982 1542 2064 videntur,
1566 1983 1770 2046 restituentes
1794 1982 1826 2046 in
1850 1983 2011 2066 integrum
2039 1983 2072 2046 in
2103 1983 2251 2047 omnibus
2281 1993 2313 2047 et
2345 2005 2402 2069 per

589 2091 696 2155 omnia
720 2111 778 2154 suo
802 2091 899 2154 statui
923 2098 1019 2175 atque
1043 2089 1139 2172 fame,
1157 2089 1348 2154 remittendo
1373 2089 1539 2152 infamiam
1563 2111 1690 2154 omnem
1713 2097 1745 2154 et
1769 2111 1895 2175 penam,
1913 2111 1975 2175 que
1996 2097 2104 2155 secute
2128 2097 2204 2154 sunt
2227 2111 2269 2154 ex
2292 2091 2401 2176 aliquo

589 2197 822 2285 predictorum,
846 2197 892 2260 ita
917 2197 1001 2282 quod
1026 2219 1082 2278 ea,
1108 2218 1169 2282 que
1193 2219 1251 2282 per
1274 2219 1328 2260 eos
1352 2197 1457 2260 medio
1480 2205 1624 2282 tempore
1648 2205 1721 2260 acta
1750 2204 1842 2280 sunt,
1867 2218 1930 2262 non
1961 2197 2162 2261 obstantibus
2190 2197 2400 2284 supradietis,

588 2306 686 2370 robur
710 2305 876 2370 obtineant
899 2305 984 2390 quod
1007 2306 1088 2368 alias
1113 2305 1291 2369 debuerant
1314 2305 1458 2368 obtinere
1480 2306 1518 2368 ad
1545 2305 1613 2384 hee,
1636 2305 1796 2388 civitates,
1814 2306 1885 2370 loca
1909 2313 1941 2368 et
1963 2326 2117 2392 personas
2141 2312 2265 2370 vestras
2289 2307 2402 2393 recipi·

588 2434 658 2477 mus
684 2413 714 2476 in
740 2419 847 2476 nostre
871 2413 974 2497 gratie
998 2411 1248 2496 plenitudinem,
1274 2418 1306 2475 et
1329 2413 1419 2476 vobis
1443 2412 1605 2476 reddimus
1636 2412 1761 2476 firmam
1792 2433 1924 2500 pacem,
1950 2420 2152 2476 reservantes
2176 2422 2283 2477 tamen
2309 2414 2400 2478 nobis

587 2527 699 2584 contra
722 2520 902 2606 predictum
925 2519 1144 2583 marchionem
1167 2519 1286 2583 Montis
1309 2519 1437 2583 Ferrati
1461 2519 1567 2582 omnia
1588 2521 1673 2604 jura,
1699 2541 1872 2605 omnesque
1897 2521 2049 2602 actiones,
2071 2541 2133 2605 que
2156 2521 2248 2584 nobis
2272 2543 2400 2607 compe·

586 2634 668 2709 tunt,
693 2635 760 2690 tam
783 2626 822 2690 de
846 2627 965 2708 debito,
990 2647 1052 2713 quo
1076 2633 1183 2690 nostre
1207 2626 1389 2691 celsitudini
1412 2634 1460 2690 eat
1484 2627 1643 2708 astrictus,
1667 2647 1764 2711 quam
1787 2627 1826 2691 de
1850 2633 1947 2709 terra,
1972 2647 2034 2712 quo
2057 2636 2189 2713 propter
2214 2628 2318 2713 ipsum
2345 2629 2399 2692 de-

581 2729 685 2798 bitum
701 2734 792 2799 nobis
808 2734 916 2798 extitit·
932 2734 1085 2818 obligata.
1103 2733 1271 2797 Faciamus
1295 2735 1393 2796 etiam
1415 2734 1540 2797 restitui
1564 2741 1674 2818 captos
1699 2735 1866 2798 occasione
1890 2733 2035 2818 predicte
2061 2733 2183 2798 offense
2208 2755 2279 2798 eum
2304 2735 2397 2800 bonis

581 2842 648 2907 suis
672 2863 709 2906 ac
733 2842 807 2924 alia,
826 2863 887 2928 que
908 2842 1075 2906 occasione
1099 2841 1283 2925 hujusmodi
1306 2848 1401 2927 capta
1425 2849 1499 2905 sunt
1522 2842 1573 2904 vel
1597 2841 1737 2905 detenta.
1760 2841 1930 2905 Faciamus
1955 2840 2024 2904 fieri
2050 2847 2198 2926 patentes
2221 2842 2331 2906 literas
2356 2863 2399 2906 ex

580 2955 672 3035 parte
695 2949 856 3012 karissimi
879 2949 936 3012 filii
960 2950 1060 3012 nostri
1083 2948 1217 3012 Heuriei
1241 2970 1447 3012 romanorum
1471 2949 1556 3032 regis
1584 2949 1732 3030 illustris,
1758 2947 1843 3033 quod
1864 2969 1977 3034 pacem
2005 2955 2038 3011 et
2060 2947 2280 3012 remissionem
2303 2950 2399 3014 istam

581 3065 685 3121 ratam
708 3057 841 3121 habebit
864 3065 896 3121 et
919 3057 1059 3139 firmam,
1084 3056 1232 3143 qnodque
1256 3057 1397 3120 remittet
1421 3057 1512 3120 vobis
1542 3077 1668 3120 emnem
1693 3077 1877 3139 rancorem,
1903 3055 2182 3136 malevolentiam,
2207 3057 2341 3141 injurias
2365 3067 2397 3122 et

581 3164 731 3229 offensas.
755 3164 808 3228 Ad
830 3165 961 3250 plenem
992 3171 1100 3227 autem
1130 3163 1354 3228 certitudinem
1376 3164 1474 3248 hujus
1503 3163 1550 3226 rei
1577 3171 1742 3248 presentes
1766 3164 1900 3235 litteras,
1921 3165 2017 3248 juxta
2044 3162 2142 3248 ipsius
2165 3163 2286 3227 domini
2308 3165 2398 3252 Pape

580 3272 828 3357 beneplacitum,
853 3271 922 3334 fieri
942 3271 1107 3356 jussimus,
1131 3270 1237 3356 sigillo
1261 3271 1441 3354 majestatis
1466 3277 1576 3334 nostre
1600 3271 1750 3334 munitas.

669 3379 791 3442 Datum
815 3378 982 3461 Oathanie,
1006 3379 1109 3463 primo
1133 3377 1184 3441 die
1208 3377 1374 3462 februarij,
1401 3379 1637 3463 quintodecimo
1661 3378 1855 3442 indictionis.

669 3593 740 3678 Ego
764 3591 936 3674 Hernicus,
960 3593 1163 3656 miseratione
1188 3593 1297 3654 divino
1320 3592 1525 3656 bononiensis
1549 3592 1739 3678 Episcopus,
1764 3593 1824 3656 hoe
1848 3593 2033 3678 exemplum
2058 3615 2099 3658 ex
2124 3596 2286 3658 autentico
2310 3617 2395 3660 sum·

579 3709 684 3787 ptum,
708 3723 780 3764 cum
804 3701 954 3784 originali
977 3700 1084 3785 sigillo
1108 3700 1266 3786 imperiali
1291 3699 1451 3782 roborato,
1477 3700 1634 3763 oscultavi
1662 3699 1835 3784 diligenter
1858 3707 1890 3763 et
1921 3700 2008 3782 vidi,
2034 3700 2118 3766 unde
2143 3701 2183 3765 ad
2207 3711 2396 3788 perpetuam

579 3809 768 3872 memoriam
792 3814 970 3872 etcertum
995 3807 1213 3870 testimonium
1236 3827 1286 3870 me
1310 3807 1483 3892 subscripsi
1507 3812 1539 3870 et
1561 3806 1668 3891 sigillo
1692 3827 1763 3870 meo
1787 3806 1925 3890 sigillari
1948 3807 2113 3872 mandavi.

668 3915 739 4000 Ego
764 3915 951 3979 Tancredus
973 3914 1180 3979 bononiensis
1202 3913 1347 3978 Ecclesie
1367 3913 1633 3996 Archidiaeonus,
1651 3914 1725 3977 licet
1748 3913 1928 3996 inmeritus,
1944 3913 2005 3978 hoc
2023 3915 2207 4002 exemplum
2224 3937 2266 3980 ex
2282 3925 2395 3982 auten·

578 4024 641 4088 tice
666 4029 838 4110 sumptum,
856 4044 929 4086 cum
953 4022 1102 4107 originali
1126 4022 1196 4107 ipso
1212 4021 1318 4106 sigillo
1336 4021 1455 4084 domini
1471 4021 1635 4085 Erederiei
1651 4021 1855 4107 imperatoris
1868 4021 2030 4104 roborato,
2048 4023 2205 4087 oscultavi
2222 4023 2394 4109 diligenter

578 4139 610 4194 et
634 4131 700 4195 vidi
724 4138 756 4195 et
778 4130 844 4216 legi
867 4137 1048 4215 utrumque,
1073 4129 1158 4192 unde
1182 4129 1222 4192 ad
1246 4135 1436 4214 perpetuam
1455 4129 1641 4192 memoriam
1658 4135 1690 4192 et
1711 4135 1835 4192 certum
1860 4129 2077 4194 testimoninm
2092 4151 2143 4193 me
2160 4131 2345 4218 subscripsi,
2362 4140 2394 4196 et

578 4238 653 4302 huic
674 4245 761 4301 carte
785 4235 927 4320 sigillum
951 4257 1057 4300 meum
1081 4236 1200 4322 apponi
1224 4235 1296 4299 feei.

667 4345 738 4430 Ego
756 4343 925 4408 Mancinus
940 4343 980 4408 de
997 4343 1107 4428 Burgo
1124 4343 1226 4425 Novo,
1248 4345 1439 4407 auctoritate
1455 4344 1628 4430 imperiali,
1645 4351 1678 4407 et
1700 4365 1783 4407 nunc
1806 4343 1992 4408 Communis
2010 4350 2042 4407 et
2056 4343 2232 4408 Potestatis
2248 4345 2394 4412 Bononia

578 4453 733 4534 notarius,
754 4452 815 4517 hoo
840 4452 1024 4536 exemplum
1048 4473 1090 4514 ex
1113 4452 1274 4515 autentico
1298 4459 1469 4537 sumptum,
1494 4451 1600 4536 sigillo
1624 4450 1745 4515 domini
1769 4450 1935 4514 Frederiei
1959 4471 2168 4515 romanorum
2192 4453 2394 4538 imperatoris

576 4561 738 4643 roborato,
756 4561 924 4642 oscultavi,
941 4560 1006 4644 legi
1028 4559 1199 4644 diligenter
1222 4566 1254 4623 et
1278 4559 1344 4622 vidi
1367 4566 1554 4644 utrumque3
1572 4565 1605 4622 et
1628 4580 1701 4622 cum
1722 4558 1812 4642 jdom
1840 4559 1872 4621 iu
1898 4580 1962 4622 uuo
1986 4559 2071 4644 quod
2095 4560 2128 4622 in
2144 4560 2278 4645 reliquo,
2296 4568 2328 4624 et
2348 4562 2393 4624 nil

576 4667 715 4753 amplius
738 4669 791 4731 vel
815 4668 918 4749 aliter,
943 4667 1110 4748 habeatur,
1135 4665 1176 4728 ad
1199 4673 1388 4752 perpetuam
1420 4666 1606 4729 memoriam
1636 4673 1823 4750 certumque
1851 4666 2068 4730 testimonium
2092 4666 2219 4750 publice
2244 4689 2294 4730 me
2317 4669 2392 4732 suh·

576 4775 699 4861 scripsi.

664 4882 736 4968 Ego
758 4881 948 4947 Homodeus
970 4880 1147 4944 Presbiteri
1170 4880 1209 4944 de
1235 4880 1392 4965 Tignano,
1411 4881 1601 4944 arroteritate
1623 4880 1793 4965 imperiali,
1812 4887 1843 4944 et
1870 4903 1953 4944 nunc
1975 4880 2159 4944 Communis
2175 4881 2321 4946 Bononie
2338 4905 2394 4948 ne·

575 4991 691 5072 tarius,
715 4991 775 5054 hoe
799 4990 983 5076 exemplum
1007 5009 1048 5052 ex
1079 4988 1263 5052 authentico
1295 4995 1474 5073 sumptum,
1499 4986 1605 5072 sigillo
1629 4986 1750 5051 domini
1774 4987 1932 5052 Friderici
1958 5009 2164 5052 romanorum
2187 4988 2392 5074 imperatoris

574 5099 737 5180 roborato,
755 5097 922 5179 oscultavi,
943 5096 1009 5181 legi
1025 5095 1207 5180 diligenter,
1225 5102 1256 5159 et
1276 5095 1342 5159 vidi
1364 5103 1553 5180 utrumque,
1570 5101 1602 5158 et
1626 5116 1699 5158 cum
1723 5095 1805 5158 idem
1833 5097 1865 5158 in
1889 5117 1952 5159 uno
1979 5095 2062 5180 quod
2089 5096 2120 5159 in
2144 5096 2268 5181 reliquo
2293 5105 2324 5161 et
2347 5099 2393 5162 nil

575 5205 714 5291 amplius
731 5206 783 5269 vel
800 5205 893 5268 aliter
909 5204 1078 5285 habeatur,
1092 5203 1133 5266 ad
1149 5210 1337 5288 perpetuam
1354 5202 1541 5266 memoriam
1557 5209 1743 5287 certumque
1756 5203 1975 5266 testimonium
1993 5203 2120 5288 publice
2139 5225 2189 5267 me
2206 5204 2391 5290 subscripsi.

663 5313 736 5397 Ego
759 5311 936 5375 Nieholaus
960 5310 1180 5393 Terentianus,
1198 5310 1356 5396 imperiali
1372 5310 1573 5392 auctoritate,
1591 5311 1735 5376 notarius
1759 5316 1791 5373 et
1813 5331 1898 5374 nune
1918 5309 2106 5374 Communis
2130 5312 2276 5376 Bononie
2300 5319 2391 5375 nota·

573 5420 651 5502 rins,
675 5420 790 5482 harum
815 5420 981 5482 literarum
1006 5418 1190 5503 exemplum
1214 5417 1253 5480 de
1278 5417 1456 5502 exemplari
1479 5417 1659 5480 litterarum
1683 5417 1805 5480 domini
1829 5417 2032 5502 imperatoris
2055 5425 2087 5482 et
2111 5418 2209 5502 sigilli
2236 5419 2286 5482 sui
2313 5441 2391 5504 pen·

573 5527 678 5590 dentis
702 5527 878 5589 munimine
901 5527 1051 5608 munitas,
1073 5526 1244 5610 diligenter
1266 5526 1459 5589 ascultatum
1483 5532 1515 5588 et
1538 5546 1647 5589 coram
1671 5525 1885 5610 infrascriptis
1910 5527 2044 5590 testibus
2067 5526 2205 5606 lectum,
2231 5527 2335 5589 visum
2359 5534 2391 5590 et

574 5635 768 5698 ascultatum
792 5634 833 5697 ab
857 5633 903 5696 eis
928 5655 1000 5697 cum
1025 5633 1186 5697 autentico
1211 5633 1394 5719 supradicto
1418 5633 1500 5696 sicut
1523 5632 1589 5696 vidi
1611 5639 1643 5696 et
1666 5632 1781 5717 reperi,
1806 5633 1853 5695 ita
1878 5633 1922 5695 nil
1946 5632 2078 5716 addens,
2104 5642 2231 5696 mutans
2256 5634 2308 5697 vel
2332 5635 2390 5696 mi·

573 5763 685 5823 nuens,
711 5741 907 5827 exemplavj.

662 5851 758 5914 Anno
782 5849 913 5913 Domini
937 5849 1106 5912 millesimo
1130 5849 1348 5912 ducentesimo
1376 5849 1527 5912 vicesimo
1559 5848 1710 5932 septimo,
1734 5847 1786 5911 die
1816 5846 1985 5910 undecimo
2019 5848 2158 5911 intrante
2181 5849 2283 5931 junio,
2308 5848 2389 5912 indi·

572 5957 676 6020 ctione
701 5956 949 6041 quintadecima,
967 5957 998 6019 in
1016 5956 1148 6041 pallatio
1166 5955 1285 6020 domiui
1302 5956 1436 6019 Henrici
1459 5956 1665 6019 bononiensis
1684 5954 1847 6041 Episcopi,
1868 5954 2071 6039 presentibus
2096 5954 2224 6018 domino
2244 5955 2388 6024 Haurice

524 6118 527 6125 .
570 6065 742 6150 Episcopo,
767 6070 799 6128 et
823 6064 978 6148 magistro
1003 6062 1170 6128 Tancredo
1194 6063 1420 6127 archidiacono
1443 6063 1537 6144 bon,
1555 6062 1683 6126 domino
1708 6061 1832 6126 Jacobo
1861 6061 1900 6125 dc
1923 6062 2047 6147 Pepulo
2068 6061 2312 6144 mediolanensi,
2333 6062 2388 6126 do·

570 6173 656 6236 mino
682 6171 861 6256 Bagarotto
885 6170 994 6256 legum
1018 6169 1164 6253 doctore,
1188 6179 1221 6234 et
1243 6171 1398 6256 magistro
1421 6170 1528 6252 Bene,
1553 6170 1659 6233 scriba
1683 6169 1804 6232 domini
1828 6168 1981 6254 Episcopi
2005 6169 2098 6252 bon,
2116 6176 2147 6232 et
2171 6169 2324 6234 Mancino
2349 6168 2388 6232 de

568 6279 680 6365 Burgo
704 6279 797 6343 Novo
822 6279 958 6359 notario,
983 6286 1014 6342 et
1038 6278 1183 6364 pluribus
1207 6278 1279 6342 aliis
1303 6278 1448 6343 testibus.
