5484 7746
635 602 708 672 194
1416 624 1656 675 nonuuasrn

633 777 765 840 decimis
789 777 961 842 subtractis
985 778 1046 864 ipsi
1071 777 1199 843 domino
1225 777 1375 864 episcopo
1399 784 1431 842 et
1454 779 1655 866 episcopatui
1681 779 1845 862 Bononia,
1870 789 1901 844 ct
1925 781 2073 867 dampnis
2097 787 2128 845 ct
2151 783 2278 866 injuriis
2302 783 2451 870 irrogatis

633 885 747 968 eidem,
769 891 805 960 et
822 885 1099 969 jurisdictionibus
1124 885 1296 949 subtractis
1321 886 1426 950 eidem
1450 893 1570 949 certam
1595 909 1753 950 summam
1777 893 1809 952 et
1832 909 1984 974 magnam
2009 890 2222 974 quantitatem
2244 893 2380 976 pecunie
2403 915 2451 956 re-

633 993 782 1076 quirebat
805 1013 824 1055 a
848 992 941 1056 dictis
965 992 1148 1057 hominibus
1173 999 1205 1056 ct
1229 993 1450 1075 universitate,
1468 1000 1499 1056 et
1524 993 1654 1079 petebat
1678 1015 1697 1056 a
1721 993 1814 1058 dictis
1838 995 2021 1059 hominibus
2038 1003 2069 1059 et
2086 996 2295 1061 universitate
2312 998 2451 1064 decimas

631 1100 833 1184 integraliter
856 1100 895 1163 dc
920 1100 1067 1164 omnibus
1092 1100 1249 1163 fructibus
1274 1107 1433 1164 terrarum
1457 1107 1488 1164 et
1512 1101 1751 1187 possessionum
1774 1123 1995 1188 possessarum
2019 1103 2059 1166 ab
2080 1103 2265 1168 haminibus
2281 1104 2365 1168 dicte
2381 1108 2451 1170 uni·

632 1207 794 1271 versitatis
820 1207 850 1270 in
876 1208 1007 1293 campis,
1025 1215 1058 1271 et
1080 1207 1229 1272 domibus
1253 1229 1311 1293 pro
1335 1209 1405 1294 ipso
1430 1208 1618 1294 episcopatu
1642 1215 1674 1271 et
1698 1229 1794 1294 super
1815 1209 2038 1293 jurisdictione
2062 1211 2329 1298 condempnandi,
2346 1219 2378 1276 et
2394 1236 2451 1300 pn·

631 1315 739 1378 nicndi
764 1314 922 1378 maleficia
946 1320 977 1377 et
1001 1314 1142 1400 dampna
1167 1321 1198 1378 et
1221 1315 1367 1400 injurias,
1385 1323 1417 1378 et
1434 1337 1529 1401 super
1547 1315 1748 1402 processibus
1766 1316 1858 1380 factis
1876 1339 1933 1403 per
1949 1316 2053 1403 ipsum
2070 1317 2234 1382 dominum
2255 1319 2450 1406 episcopum,

631 1429 664 1486 et
686 1421 919 1507 Episcopatum
942 1428 974 1486 ct
997 1422 1067 1506 ejus
1089 1422 1232 1506 judicem
1255 1428 1287 1486 ct
1311 1422 1478 1506 familiam,
1496 1429 1527 1486 ct
1544 1444 1641 1509 super
1661 1423 1835 1487 honeribus
1860 1445 1923 1488 non
1948 1425 2149 1511 imponendis
2173 1425 2300 1490 edicta
2324 1426 2451 1491 univer·

632 1529 727 1593 sitats
751 1529 1013 1610 castaldionibus,
1039 1529 1185 1613 notarijs,
1208 1529 1340 1614 nuntijs,
1357 1529 1487 1592 decanis
1511 1537 1543 1593 et
1567 1529 1821 1616 quibuscumque
1845 1531 2028 1595 nominibus
2052 1539 2254 1614 censeantur,
2272 1555 2351 1618 quos
2367 1533 2452 1598 idem

567 1627 576 1644 ⁶
630 1637 825 1700 venerabilis
848 1645 942 1723 pater
964 1636 1112 1700 dominns
1136 1638 1305 1723 episeopus
1328 1636 1468 1719 habere,
1490 1643 1616 1719 tenere,
1641 1638 1693 1701 vel
1718 1639 1833 1722 ctiam,
1858 1638 2013 1724 deputare
2042 1639 2185 1704 indicta
2216 1647 2303 1703 terra
2327 1639 2451 1706 Unzole

630 1743 670 1808 dc
694 1744 780 1808 dicta
803 1745 1031 1827 universitate,
1056 1751 1088 1808 et
1112 1766 1209 1830 super
1240 1745 1416 1830 potestaria
1447 1751 1478 1808 et
1507 1744 1730 1828 jurisdictione
1761 1746 1832 1829 ejus
1863 1745 2045 1810 exercenda
2068 1746 2101 1810 in
2126 1747 2227 1810 dictos
2249 1746 2395 1812 homines
2419 1756 2450 1814 et

629 1853 874 1916 universitatem
897 1851 999 1916 donec
1032 1861 1117 1916 essct
1149 1853 1318 1938 episcopus
1343 1852 1427 1916 idem
1455 1852 1649 1916 venerabilis
1680 1861 1772 1938 pater
1795 1852 1943 1916 dominus
1973 1851 2197 1937 O[ctavianus]
2226 1876 2323 1940 super
2345 1862 2450 1920 castro

630 1967 663 2024 et
685 1959 890 2022 habitacione
914 1959 1010 2022 castri
1035 1959 1119 2023 dicte
1135 1966 1230 2041 terre,
1248 1967 1279 2024 et
1295 1960 1498 2045 pertinentiis
1523 1959 1668 2043 ejusdem
1691 1967 1723 2022 et
1747 1959 2065 2046 multaslial1),qus
2088 1959 2216 2024 dicebat
2239 1961 2281 2024 ad
2303 1983 2336 2025 se
2354 1963 2450 2048 pcrti-

631 2088 707 2130 nere
732 2074 764 2130 et
788 2067 828 2129 ad
854 2067 958 2153 ipsum
982 2067 1222 2153 episcopatum;
1247 2089 1309 2152 que
1334 2067 1463 2152 quidem
1494 2067 1601 2130 onmia
1629 2066 1815 2152 supradicta
1839 2073 1871 2131 et
1894 2067 1925 2130 in
1950 2067 2011 2132 hcc
2033 2074 2200 2132 contractu
2224 2075 2375 2132 contenta
2398 2091 2450 2134 co·

629 2195 725 2238 mune
742 2181 774 2238 et
791 2174 935 2238 homines
953 2182 985 2238 et
1001 2175 1227 2237 universitates
1244 2181 1327 2237 terre
1349 2174 1491 2260 predicte
1508 2173 1643 2256 Unzole,
1661 2182 1692 2238 ct
1716 2196 1827 2238 corum
1851 2175 1965 2238 sindici
1981 2181 2013 2238 et
2029 2182 2254 2260 procuratores
2276 2175 2449 2261 negabant,

630 2290 662 2346 ct
679 2283 875 2346 contrarium
892 2282 1089 2345 asserebant.
1105 2283 1160 2345 Set
1177 2282 1306 2345 tandem
1325 2281 1507 2368 supradicte
1524 2287 1632 2366 partes
1650 2281 1863 2346 amicabiliter
1879 2289 1909 2346 et
1927 2281 2127 2347 concorditer
2140 2282 2181 2346 ad
2194 2283 2259 2348 talc
2272 2290 2402 2370 paetum
2418 2291 2451 2347 et

629 2389 833 2452 concordiam
857 2399 1084 2474 pervenerunt,
1109 2388 1276 2452 videlicet:

717 2494 812 2570 Quod
835 2495 1054 2581 possessiones
1078 2496 1230 2560 Comanis
1255 2503 1287 2558 et
1310 2495 1475 2558 hominum
1499 2502 1583 2558 terro
1599 2495 1736 2578 Unzole,
1755 2518 1815 2582 que
1840 2496 1901 2560 huc
1925 2517 2027 2581 nsque
2048 2497 2121 2580 jure
2142 2497 2271 2583 proprio
2288 2505 2363 2561 sunt
2379 2519 2451 2584 pos-

629 2625 726 2686 sesse,
748 2603 787 2666 dc
812 2609 918 2666 cetero
942 2623 1000 2688 pro
1024 2603 1162 2688 propriis
1185 2603 1367 2666 habeantur
1394 2609 1454 2666 ete.
1482 2602 1707 2667 Possessiones
1735 2623 1812 2666 vero
1844 2623 1906 2688 quc
1929 2603 2085 2666 hactenus
2116 2609 2282 2688 tamquam
2305 2603 2452 2690 precaris

628 2717 701 2774 sunt
725 2732 871 2797 possesso
896 2709 937 2772 ab
967 2709 1149 2773 hominibus
1174 2717 1205 2773 et
1230 2710 1437 2773 universitate
1462 2710 1625 2795 predictis,
1645 2732 1704 2796 pro
1729 2711 1883 2797 precariis
1905 2709 2098 2794 habeantur,
2123 2717 2154 2776 et
2185 2733 2243 2798 pro
2267 2712 2375 2797 precio
2399 2733 2449 2775 re·

627 2819 809 2882 novationis
834 2818 992 2881 dictarum
1015 2818 1253 2902 possessionum
1269 2817 1488 2902 precariarum
1513 2817 1629 2880 dentur
1653 2825 1683 2880 et
1708 2818 1875 2882 solvantur
1892 2817 1952 2903 ipsi
1976 2817 2105 2882 domino
2129 2818 2280 2904 episcopo
2303 2818 2355 2882 vel
2379 2819 2450 2903 ejus

627 2926 747 2990 vicario
765 2931 819 2989 aut
836 2925 958 2988 sindico
975 2946 1033 3010 pro
1051 2925 1194 3009 qualibet
1211 2924 1357 3005 bebulca,
1375 2923 1414 2987 de
1431 2925 1480 2988 his
1498 2946 1558 3009 que
1576 2933 1729 2989 renovate
1747 2946 1811 2988 non
1832 2931 1906 2988 sunt
1926 2946 1984 3012 per
2009 2925 2113 3011 ipsum
2137 2925 2302 2989 dominum
2327 2926 2450 3012 episco-

626 3055 713 3120 pum,
738 3055 792 3096 xv.
817 3033 1010 3118 imperiales,
1037 3032 1104 3095 sive
1128 3032 1169 3094 sit
1193 3031 1306 3095 fertilis
1330 3033 1382 3096 vel
1406 3032 1535 3115 sterilis,
1559 3040 1590 3096 et
1616 3055 1679 3096 non
1704 3033 1800 3097 ultra.

716 3141 798 3204 Item
822 3140 1040 3226 possessiones
1065 3140 1186 3203 domini
1209 3139 1351 3226 episcopi
1374 3140 1595 3204 terminentur.

717 3247 799 3311 Item
825 3248 910 3332 qnod
934 3269 991 3334 per
1015 3247 1161 3311 homines
1185 3247 1224 3311 dc
1248 3247 1374 3311 Unzola
1399 3247 1514 3311 dentur
1538 3255 1570 3312 et
1594 3248 1761 3312 solvantur
1785 3249 1872 3312 omni
1895 3270 1980 3313 anno
2004 3249 2037 3312 in
2058 3248 2140 3312 feste
2161 3249 2265 3312 sancti
2280 3248 2449 3313 Michaelis

625 3377 683 3441 pro
708 3356 856 3419 omnibus
880 3362 911 3418 ct
936 3355 1071 3440 singulis
1096 3355 1242 3436 decimis,
1267 3377 1328 3441 que
1354 3355 1511 3418 debentur
1534 3356 1596 3440 ipsi
1620 3355 1748 3420 domino
1773 3356 1924 3442 episcopo
1955 3363 1987 3420 et
2016 3355 2227 3442 Episcopatui
2258 3356 2448 3421 bononiensi

625 3469 754 3527 centurn
778 3463 947 3526 duodecim
971 3463 1084 3527 corbes
1109 3463 1185 3527 boni
1209 3463 1372 3526 frumenti.

713 3571 797 3635 ltem
822 3571 907 3655 quod
931 3570 1039 3634 omnia
1062 3571 1223 3633 maleficia
1247 3592 1308 3656 qua
1333 3571 1446 3634 fierent
1470 3571 1553 3634 inter
1583 3570 1729 3635 homines
1761 3571 1800 3636 de
1830 3571 1957 3635 I'nzola
1988 3571 2164 3657 puniantur
2193 3591 2252 3656 per
2282 3571 2451 3634 dominum

624 3679 811 3764 episcopum
835 3677 1012 3741 secundum
1035 3677 1172 3742 formam
1190 3684 1222 3741 et
1238 3678 1368 3742 modum
1385 3685 1578 3743 statutorum
1598 3677 1759 3742 factorum
1778 3700 1836 3764 per
1852 3678 1957 3764 ipsum
1973 3678 2137 3742 dominnm
2155 3679 2448 3764 cpiscopn1n,qu0-

623 3807 696 3850 rum
720 3793 914 3849 statutorum
939 3785 1043 3849 forma
1066 3785 1140 3848 talis
1164 3792 1230 3848 cst:

718 3919 732 3950 a
757 3893 791 3956 Si
816 3893 887 3978 quis
912 3893 951 3956 de
976 3899 1062 3956 terra
1086 3893 1210 3956 Unzole
1234 3891 1358 3956 dederit
1382 3892 1476 3956 alteri
1507 3892 1729 3979 alapatami‘2l,
1755 3891 1907 3978 puniatur
1930 3898 1962 3955 et
1985 3892 2238 3977 condempnetur
2260 3892 2293 3956 in
2317 3898 2447 3957 centum

622 4001 730 4066 soldos
754 4001 998 4065 bononenorum
1022 4009 1082 4065 etc.

714 4135 728 4164 »
757 4107 840 4172 Item
866 4108 950 4193 quod
975 4109 1167 4194 quicumque
1192 4107 1304 4171 allium
1327 4107 1547 4171 vulneraverit
1570 4129 1643 4170 cum
1667 4107 1775 4190 armis,
1794 4105 1947 4193 puniatur
1970 4106 1997 4169 si
2020 4104 2117 4169 fuerit
2141 4106 2173 4170 in
2199 4113 2304 4170 castro
2321 4105 2447 4171 Unzole

623 4217 656 4280 in
680 4216 938 4302 vigintiquinque
962 4215 1062 4278 libras
1086 4216 1338 4297 bononenorum,
1356 4221 1387 4279 et
1412 4222 1504 4278 extra
1529 4222 1669 4278 castrum
1694 4215 1727 4278 in
1750 4235 1804 4278 xv.
1826 4213 1916 4278 libris
1939 4214 2183 4278 bononenorum
2206 4213 2359 4300 puniatur
2383 4220 2445 4278 etc.

714 4349 728 4378 »
757 4323 841 4387 Item
866 4322 950 4408 quod
976 4323 1168 4407 quicumque
1192 4323 1386 4408 percusserit
1410 4322 1522 4385 allium
1546 4344 1619 4386 cnm
1643 4322 1741 4385 armis
1764 4343 1828 4386 non
1853 4321 2000 4385 faciendo
2025 4319 2217 4405 sanguinem
2240 4328 2300 4384 etc.

713 4456 727 4486 »
757 4431 840 4494 Item
864 4431 949 4516 qnod
974 4431 1166 4516 quicumque
1191 4430 1302 4493 feccrit
1327 4431 1481 4493 insultum
1505 4437 1616 4494 contra
1640 4429 1794 4514 alliqnem
1818 4427 1858 4492 ad
1883 4429 2013 4492 domum
2037 4449 2129 4491 suam
2153 4435 2213 4492 etc.

714 4563 729 4595 »
758 4539 842 4602 Item
866 4538 952 4623 quod
976 4539 1167 4623 quicumque
1193 4537 1318 4601 iuratus
1341 4537 1438 4601 fucrit
1462 4538 1588 4620 bovem,
1613 4538 1664 4601 vel
1686 4539 1868 4621 jumentum
1892 4543 1952 4600 etc.

712 4673 726 4703 »
756 4647 841 4711 Item
865 4645 950 4731 qnod
976 4646 1168 4730 quicumque
1192 4645 1411 4708 vulneraverit
1434 4645 1565 4731 aliquod
1590 4644 1710 4707 animal
1735 4651 1795 4708 etc.

712 4781 726 4811 »
757 4754 840 4817 Item
865 4753 950 4838 quod
974 4752 1166 4837 quicumque
1191 4751 1316 4815 furatus
1341 4751 1438 4815 fuerit
1462 4751 1555 4814 alteri
1579 4751 1715 4814 bestiam
1739 4751 1896 4814 minutam
1920 4757 1980 4814 etc.

713 4889 727 4917 »
756 4861 840 4925 Item
864 4860 949 4945 quod
973 4860 1167 4945 quicumque
1189 4859 1327 4922 bestiam
1349 4851 1505 4922 minutam
1529 4858 1749 4922 vulneraverit
1772 4865 1832 4922 cte.

712 4993 726 5026 »
756 4968 839 5032 Item
864 4967 948 5053 quod
973 4969 1165 5052 quicumque
1189 4964 1314 5030 furatus
1338 4965 1436 5030 faverit
1459 4965 1590 5051 aliquod
1614 4966 1745 5029 volatile
1770 4973 1830 5029 etc.

710 5101 725 5133 »
754 5076 838 5140 Item
862 5075 947 5160 qnod
971 5075 1164 5160 quicumque
1189 5073 1326 5136 alterum
1350 5074 1471 5159 ceperit
1494 5095 1552 5158 per
1576 5073 1709 5158 capillos
1734 5079 1794 5136 etc.
2417 5139 2428 5160 ,

712 5208 726 5241 ι
755 5183 838 5247 Item
863 5183 949 5268 quod
973 5182 1165 5268 quicumque
1191 5180 1354 5245 Christum
1370 5181 1422 5244 vel
1446 5180 1584 5244 Matrem
1607 5181 1688 5264 ejus,
1706 5187 1845 5262 sanctos,
1861 5181 1914 5244 vel
1935 5188 2062 5244 sanctas
2086 5179 2360 5265 blasphemaverit
2380 5183 2442 5240 etc.

710 5315 725 5347 ν
754 5292 839 5355 Item
863 5291 948 5376 quod
972 5292 1071 5376 siquis
1095 5297 1207 5354 contra
1231 5289 1374 5373 aliquam
1396 5309 1567 5374 personam
1591 5289 1699 5373 turpia
1722 5288 1833 5371 verba,
1858 5287 1976 5352 dixerit
2000 5293 2060 5352 etc.
2079 5315 2108 5350 ».

709 5398 752 5461 Et
775 5398 954 5484 predictam
975 5397 1232 5482 jurisdictionem
1255 5402 1287 5460 et
1311 5395 1616 5481 condempnationcs
1640 5402 1672 5458 et
1695 5395 1795 5458 multe
1819 5395 2056 5482 impositionem
2081 5395 2182 5481 possit
2205 5401 2236 5457 ct
2261 5393 2378 5456 debeat
2393 5391 2442 5454 ia-

621 5526 694 5570 cere
718 5505 803 5568 idem
827 5505 975 5568 dominns
999 5505 1169 5589 episcopus
1193 5509 1224 5567 et
1248 5502 1384 5589 quilibet
1407 5504 1477 5587 ejus
1500 5524 1666 5566 successor
1690 5501 1893 5566 venientibus
1918 5509 2029 5566 contra
2046 5501 2190 5588 predicta
2207 5499 2442 5580 ordinamenta,

620 5611 683 5675 nisi
706 5611 973 5675 concordaverint
996 5611 1126 5674 insimul
1150 5609 1234 5673 infra
1258 5609 1344 5673 diem
1368 5609 1513 5694 quintam
1537 5631 1555 5672 a
1580 5608 1631 5673 dic
1649 5609 1798 5672 maleficii
1814 5609 2009 5695 perpetrati;
2027 5615 2058 5672 ct
2077 5608 2104 5671 si
2120 5607 2205 5670 infra
2221 5607 2341 5670 dictam
2356 5605 2443 5670 diem

619 5719 661 5783 ad
685 5718 890 5783 concordiam
913 5718 1128 5804 pervenerint,
1155 5717 1390 5803 condempnare
1415 5739 1479 5780 ncn
1503 5717 1604 5802 possit
1628 5737 1729 5802 usque
1754 5715 1794 5778 ad
1819 5716 2032 5801 quantitatem
2056 5715 2171 5800 viginti
2195 5714 2359 5778 soldorum
2383 5713 2443 5775 im-

618 5827 791 5914 perialium
815 5832 875 5890 etc.

706 5933 837 5998 Delicta
861 5955 938 5998 vero
962 5941 994 5996 et
1018 5939 1139 5996 statuta
1162 5933 1195 5995 in
1220 5932 1336 6018 quibus
1360 5954 1494 5996 comune
1518 5931 1642 5995 l'nzole
1665 5931 1921 6015 jurisdictionem
1944 5930 2065 5994 habere
2089 5935 2265 5993 noscuntur
2288 5935 2348 5992 etc.

708 6040 792 6104 Item
817 6039 902 6126 quod
926 6061 1036 6103 omrres
1061 6038 1218 6102 sententie
1243 6045 1274 6100 ct
1298 6059 1466 6124 processus
1490 6046 1522 6101 et
1545 6039 1734 6100 securitates
1758 6037 1835 6102 facti
1859 6045 1972 6101 contra
1993 6035 2139 6100 homiues
2163 6041 2195 6099 ct
2215 6054 2382 6099 commune
2400 6031 2441 6096 de

616 6147 755 6232 Unzole,
781 6147 949 6212 occasione
974 6167 1186 6232 quacumque,
1212 6145 1275 6210 sint
1297 6166 1383 6209 vana
1406 6153 1438 6209 et
1462 6167 1564 6210 cassa.

697 6398 736 6464 (1)
756 6396 848 6449 Verba
867 6402 891 6448 et
909 6396 995 6448 multa
1015 6396 1072 6446 alia
1092 6396 1133 6447 bis
1153 6397 1180 6446 in
1200 6394 1407 6447 Memorialibus
1426 6395 1529 6462 scripta
1547 6397 1618 6446 sunt.

697 6488 736 6553 (2)
757 6488 801 6538 Sic
819 6503 869 6557 pro
890 6505 904 6538 ‹
925 6488 1036 6554 alapam
1059 6503 1083 6538 v.
