5492 7750
994 687 1043 738 nn
1072 687 1206 737 nnonn
1233 685 1531 737 omnovnnaeero
1867 669 1868 672 ’
2146 665 2166 734 3

355 841 391 911 in
419 842 577 914 exercitu
606 841 726 938 Regis,
756 843 956 940 ibidemque
987 843 1105 940 paullo
1134 849 1214 940 post
1242 842 1278 913 in
1307 842 1487 917 obsidione
1516 840 1699 914 Granatae
1727 841 1802 914 rita
1830 841 1963 936 functo,
1994 841 2169 914 Constan-

355 966 449 1039 tinus
478 966 636 1064 Lascari,
665 968 802 1042 Mariae
831 967 977 1064 Georgii
1005 969 1127 1069 uxoris
1156 968 1397 1064 consobrinus,
1427 968 1605 1062 Messana,
1626 967 1687 1039 ubi
1715 992 1862 1062 graecas
1889 966 2011 1039 literas
2040 991 2169 1062 magna

355 1115 435 1163 curn
462 1091 566 1164 laude
595 1091 839 1189 profitebatur,
869 1093 1057 1190 Neapolim
1085 1093 1201 1188 venit,
1232 1099 1271 1164 ut
1304 1091 1480 1166 Thornam
1516 1093 1561 1165 ad
1598 1092 1829 1164 erudiendum
1866 1116 1947 1164 eum
1985 1090 2020 1162 in
2056 1091 2168 1165 literis

355 1241 474 1289 secum
503 1217 706 1290 abduceret.
728 1217 798 1322 Sed
826 1226 976 1290 matrem
1004 1218 1153 1290 invitam
1182 1216 1314 1315 reperit
1342 1226 1377 1291 et
1401 1216 1557 1291 Thomas
1585 1215 1737 1314 Neapoli
1765 1216 1953 1312 magistros
1981 1215 2105 1288 habuit
2132 1215 2168 1287 in

353 1341 587 1435 grammatica
616 1341 771 1416 celebres
801 1367 842 1416 ea
875 1351 992 1416 aetate
1022 1343 1136 1438 viros,
1168 1342 1359 1416 Jovianum
1395 1342 1597 1414 Pontanum
1635 1351 1670 1412 et
1706 1339 1873 1414 Carolum
1911 1340 2166 1413 Sorrentinum.

355 1466 538 1540 Salernum
569 1466 694 1540 deinde
723 1467 851 1540 missus
879 1468 924 1540 od
953 1467 1103 1562 logicam
1132 1467 1394 1562 addiscendam,
1416 1467 1504 1539 adeo
1530 1465 1631 1538 brevi
1659 1465 1809 1563 profecit
1837 1473 1876 1538 ut
1907 1466 1949 1538 de
1970 1490 2011 1538 aa
2031 1464 2169 1562 publice

353 1600 389 1665 et
417 1592 559 1687 egregie
588 1592 834 1689 disputaverit.
857 1591 1035 1665 Hortante
1064 1593 1190 1666 deinde
1215 1590 1419 1686 Antonello,
1442 1591 1578 1663 Salerni
1607 1591 1776 1688 principe,
1798 1591 1898 1686 cujus
1921 1591 1997 1687 jam
2017 1590 2169 1684 gratiam

354 1717 509 1791 Thomas
538 1717 582 1789 ob
611 1716 832 1813 praeclarum
862 1717 1042 1814 ingenium
1071 1717 1210 1812 inierat,
1231 1715 1350 1812 legum
1378 1716 1503 1788 studiis
1523 1740 1560 1788 se
1580 1715 1717 1788 addixit
1737 1717 1802 1788 sub
1823 1715 1980 1788 Antonio
2001 1740 2022 1788 a
2042 1714 2167 1810 Cruce,

354 1841 558 1936 audivitque
586 1839 775 1914 Nicolaum
804 1841 1067 1939 Capograssum
1095 1848 1130 1914 et
1159 1839 1327 1914 Carolum
1355 1865 1377 1913 a
1404 1840 1580 1936 Ruggine.
1611 1839 1702 1912 Cum
1730 1864 1787 1913 res
1815 1840 1882 1937 ipsi
1911 1839 2061 1912 feliciter
2093 1864 2168 1911 ces-

353 1967 475 2061 sisset,
501 1966 593 2062 juris
622 1967 739 2039 studia
767 1967 917 2064 amplius
946 1991 1017 2040 non
1049 1967 1216 2040 deseruit.
1246 1967 1385 2062 Itaque,
1420 1965 1543 2038 matria
1583 1946 1729 2062 imperio
1767 1965 1954 2063 Neapolim
1983 1989 2167 2058 reversus,

353 2092 476 2165 eadem
505 2100 742 2187 prosequutus
771 2101 824 2165 est
852 2092 1141 2189 praeceptoribus
1169 2091 1327 2164 Antonio
1356 2089 1522 2163 Bathimo
1552 2099 1587 2162 et
1615 2090 1805 2164 Francisco
1834 2089 1996 2162 Balvino

459 2215 505 2288 V.
535 2215 644 2288 Brevi
682 2224 762 2313 post
801 2224 958 2314 ternpore
988 2217 1179 2311 Venetiae,
1210 2223 1324 2288 matre
1361 2215 1569 2310 comitante,
1600 2241 1637 2288 se
1667 2214 1836 2310 contulit,
1866 2214 1948 2287 illuc
1977 2214 2169 2287 accersitus

353 2365 374 2412 a
402 2340 585 2414 Demetrio
616 2340 831 2439 Spondolino
859 2341 996 2414 Mariae
1025 2337 1348 2436 consanguirreo(¹).
1369 2340 1559 2413 Patavium
1587 2341 1812 2437 postmodum
1841 2341 2036 2412 studiorum
2062 2365 2170 2412 causa

353 2466 545 2563 proiectus
566 2466 615 2538 ibi
638 2466 774 2538 audivit
793 2467 974 2560 Jasonem,
996 2467 1170 2538 Joannem
1201 2464 1469 2562 Campcggium,
1491 2465 1689 2538 Antonium
1718 2464 1921 2536 Corsettum
1950 2473 1985 2537 et
2013 2463 2167 2537 Bartho-

354 2589 528 2664 lomaeum
557 2591 753 2664 Soecinum.
785 2591 854 2663 Sed
882 2591 1080 2663 Antonium
1109 2589 1333 2686 Corsettum,
1363 2591 1496 2663 dictum
1523 2589 1776 2684 Barbatinum,
1806 2589 2016 2684 magistrum
2045 2589 2169 2662 habuit

353 2715 388 2786 in
413 2716 494 2812 jure
523 2717 703 2812 canonice,
734 2725 773 2788 ut
799 2716 875 2812 ipse
904 2716 947 2788 de
976 2741 1013 2788 se
1042 2715 1176 2788 fatetur
1204 2716 1239 2787 in
1267 2716 1378 2813 ipsius
1412 2715 1567 2787 Corsetti
1599 2713 1723 2808 elogio.
1756 2742 1774 2782 «
1804 2714 1877 2787 Sub
1906 2740 1947 2788 eo
1977 2739 2012 2810 1,
2043 2715 2167 2812 inquit,

358 2870 375 2910 c
399 2843 460 2937 jus
488 2841 697 2914 canonicum
725 2841 845 2913 audivi
873 2865 908 2913 1.
928 2840 1109 2914 Bononiae
1140 2840 1325 2914 Corsettus
1353 2841 1533 2935 floruerat,
1557 2840 1650 2935 quod
1675 2817 1772 2912 idem
1800 2839 2089 2935 Iliplovataccius
2116 2848 2169 2912 te-

351 2974 488 3061 statur;
510 2966 572 3038 sed
601 2991 693 3038 anno
721 2964 1102 3039 MCCCCLXXXVI.
1123 2967 1313 3038 Patavium
1339 2991 1360 3038 a
1389 2965 1542 3037 dominio
1571 2973 1699 3038 veneto
1727 2965 1853 3060 majori
1882 2965 2057 3062 stipendio
2086 2990 2170 3037 con·

352 3093 478 3164 ductus
506 3091 595 3185 fuit;
617 3115 685 3187 quo
715 3115 799 3162 sano
828 3100 987 3188 tempore
1016 3090 1172 3163 Thomas
1200 3099 1321 3163 noster
1350 3092 1414 3162 sub
1444 3091 1521 3186 ejus
1549 3089 1734 3187 disciplina
1762 3115 1838 3162 esse
1863 3090 1989 3187 potuit.
2011 3091 2169 3164 Joanues

351 3215 556 3289 Matthaeus
581 3215 696 3310 Pigna
714 3215 868 3288 affirmat
887 3215 1195 3312 Diplovataccium
1213 3214 1341 3288 librum
1363 3215 1629 3287 Institutionum
1651 3214 1790 3312 publice
1811 3215 1952 3288 Patavii
1971 3214 2168 3312 explicasse

352 3365 444 3414 anno
472 3338 855 3413 MCCCCLXXXIX.

458 3465 525 3538 VI.
555 3464 635 3536 Hoc
663 3465 739 3562 ipso
768 3489 860 3538 anno
889 3463 1272 3536 bIGCCCLXXXIX.
1302 3465 1452 3537 Patauio
1482 3489 1552 3537 una
1581 3490 1660 3537 cum
1689 3473 1802 3537 matre
1831 3465 2017 3538 Pisaurum
2047 3466 2165 3561 venit,

351 3590 522 3663 invitatus
550 3614 572 3661 a
599 3587 750 3662 Camilla
778 3589 921 3685 Stortia,
943 3590 1083 3662 Pisauri
1112 3590 1264 3685 domina,
1285 3598 1324 3661 ut
1352 3589 1483 3661 ibidem
1511 3590 1647 3662 Vicarii
1675 3579 1967 3690 Appellationum
1989 3601 2024 3661 et
2046 3591 2167 3663 Vecti-

352 3715 485 3810 galinm
513 3713 705 3786 honorifico
734 3714 924 3787 admodum
959 3738 1104 3786 munere
1142 3713 1362 3808 iungeretur.
1394 3715 1462 3786 Sed
1493 3739 1572 3786 cum
1601 3715 1758 3786 nondum
1785 3716 1974 3787 barbatum
2003 3715 2167 3810 vidisset,

352 3840 467 3914 verita
496 3864 540 3911 ne
570 3839 706 3911 muneri
734 3863 798 3935 pro
828 3838 999 3934 dignitate
1027 3839 1233 3911 sustinendo
1262 3839 1376 3935 impar
1403 3838 1606 3935 haberetur,
1636 3839 1823 3911 Perusium
1852 3839 1965 3933 misit,
1996 3849 2035 3911 ut
2063 3840 2099 3911 in
2127 3865 2170 3912 ea

354 3966 497 4038 civitate
526 3964 570 4036 ad
599 3962 741 4060 aliquod
769 3971 908 4060 tempus
934 3963 1058 4036 studiis
1085 3964 1211 4059 majori
1231 3963 1339 4036 animi
1359 3964 1582 4036 contentione
1602 3971 1768 4059 vacaret,
1790 3963 1882 4060 quod
1903 3965 2044 4060 quidem
2064 3989 2168 4061 prae-

353 4090 443 4164 stitit
472 4090 536 4162 sub
566 4089 673 4161 Petro
703 4089 745 4160 de
774 4087 936 4182 Ubaldis,
957 4087 1122 4185 Philippo
1151 4113 1172 4161 a
1201 4087 1339 4161 Corneo
1368 4097 1404 4160 et
1431 4087 1544 4161 Baldo
1569 4088 1612 4160 de
1639 4087 1841 4184 Bertolinis,
1862 4097 1902 4161 ut
1920 4089 1995 4185 ipse
2014 4089 2168 4162 affirmat

354 4217 388 4289 in
417 4214 539 4309 elogiis
567 4214 782 4286 eorumdem.

461 4337 547 4411 vn.
577 4336 725 4434 Aliquot
754 4344 835 4434 post
863 4361 1001 4410 menses
1025 4338 1215 4410 Pisaurum
1234 4361 1412 4434 reversus,
1434 4361 1562 4433 magno
1582 4337 1618 4410 in
1636 4337 1769 4410 honore
1790 4338 1857 4410 fuit
1876 4340 1972 4435 apud
1993 4339 2167 4412 Joannem

354 4464 533 4558 Ssortiam,
555 4461 756 4559 privignum
782 4461 964 4557 Camillae,
986 4487 1076 4559 quae
1100 4463 1177 4558 jam
1206 4463 1389 4534 dominatu
1416 4462 1557 4534 Pisauri
1585 4463 1726 4536 omnino
1756 4487 1792 4534 se
1822 4463 2062 4537 abdicaverat.
2090 4465 2168 4535 An-

354 4596 484 4662 nuente
504 4588 580 4684 ipso
596 4588 746 4684 Joanne,
765 4586 921 4660 Thomas
940 4587 1143 4660 Ferrariam
1162 4588 1259 4660 venit
1278 4611 1371 4660 anuo
1386 4585 1769 4683 iidccccxxxx,
1786 4588 1846 4660 ubi
1861 4588 2065 4660 doctoratus
2085 4588 2169 4660 insi-

353 4714 437 4808 gnia
456 4711 593 4809 accepit
619 4712 798 4785 adoanne
822 4711 937 4784 Maria
961 4710 1175 4805 Riminald0,
1197 4719 1235 4784 ut
1255 4711 1548 4808 supradiximus.
1570 4711 1649 4784 Hoc
1669 4711 1802 4784 honore
1822 4720 1958 4808 auctus,
1980 4713 2168 4785 Pisaurum

353 4838 546 4911 revertitur
564 4845 600 4909 et
620 4837 711 4909 inter
725 4836 874 4910 Joannis
890 4836 1042 4910 Sfortiae
1063 4836 1295 4910 cubicularios
1315 4837 1382 4909 fuit
1400 4862 1511 4933 usque
1532 4837 1577 4909 ad
1597 4862 1729 4910 annum
1747 4836 2167 4932 anCCCLXXXXH,

355 4987 436 5060 que,
456 4962 533 5034 vita
558 4961 679 5035 functo
701 4960 880 5034 Almerico
903 4962 946 5034 de
966 4961 1166 5058 Almericis,
1189 4961 1417 5034 celeberrimo
1445 4987 1488 5034 ea
1516 4969 1633 5034 aetate
1663 4962 1739 5034 viro
1759 4969 1794 5034 et
1814 4962 1907 5034 Fisci
1925 4971 2167 5059 procuratore,

354 5089 390 5160 in
419 5088 495 5184 ejus
523 5085 639 5159 locum
668 5087 836 5160 suffactus
864 5095 918 5159 est
946 5086 1113 5160 Thomas.
1136 5087 1222 5175 Quis
1250 5087 1307 5158 hic
1334 5110 1406 5159 non
1433 5086 1579 5158 irrideat
1607 5086 1886 5184 Papadopolum,
1910 5087 1970 5183 qui
1997 5086 2169 5188 hoclipso

355 5223 513 5310 tempore
549 5211 650 5284 nobis
678 5210 823 5284 exhibet
851 5211 1025 5284 Thomam
1060 5241 1078 5282 a
1103 5235 1221 5286 rerum
1241 5211 1397 5284 omnium
1417 5211 1558 5308 inopem
1578 5237 1614 5307 v,
1636 5228 1674 5283 ut
1694 5212 1769 5308 ipse
1789 5211 1956 5309 appellat,
1978 5221 2013 5284 et
2032 5213 2168 5286 Romae

355 5337 527 5411 mercedis
556 5336 672 5408 studio
700 5337 736 5408 in
765 5337 939 5410 tradenda
968 5337 1114 5434 physica
1145 5339 1381 5434 occupatum?

461 5461 566 5534 VHI.
597 5462 766 5556 Sequenti
794 5486 887 5534 anno
915 5460 1356 5558 MCCCCLXXXXHI,
1378 5486 1457 5533 cum
1482 5463 1647 5534 subortae
1677 5469 1794 5534 essent
1823 5462 1916 5534 inter
1944 5463 2105 5535 doctores
2134 5470 2169 5534 et

356 5588 492 5684 equites
528 5585 682 5658 civitatis
720 5585 860 5658 Pisauri
897 5586 1140 5658 contentiones
1170 5585 1223 5658 Dc
1249 5585 1494 5683 praecedentia
1524 5587 1563 5658 ia
1603 5583 1766 5682 Corrsilio,
1796 5586 1939 5658 easdem
1974 5587 2170 5683 composuit

356 5713 512 5786 Joannes
540 5710 672 5784 Ssortia
700 5710 755 5783 die
785 5735 885 5783 sacro
913 5709 1123 5783 Natiuitatis
1153 5710 1285 5783 Christi
1314 5711 1473 5807 ejusdem
1502 5711 1600 5807 anni,
1631 5712 1725 5783 edito
1755 5712 1897 5784 decreto
1928 5709 2041 5808 Sapor
2062 5736 2169 5808 prue-

354 5837 508 5908 redcntio
529 5835 715 5929 doctoram,
736 5835 829 5931 quod
859 5835 914 5907 hic
943 5835 1120 5930 integrum
1149 5837 1274 5908 damus
1304 5835 1360 5909 vel
1388 5837 1543 5908 maxime
1572 5837 1606 5908 in
1636 5836 1729 5909 hunc
1748 5836 1865 5930 finem,
1889 5844 1927 5908 ut
1947 5836 1989 5908 de
2010 5835 2168 5909 Thomae

355 5959 613 6058 Diplovataccii
642 5959 814 6054 dignitate
844 5969 878 6032 et
907 5961 1032 6057 opibus
1061 5968 1210 6033 constet.

437 6405 475 6469 (1)
496 6403 562 6462 Quis
582 6401 665 6453 luerit
684 6403 728 6454 hic
746 6401 901 6454 Demetrius
921 6401 1102 6470 Spandolinus
1116 6401 1240 6470 ignorare
1260 6418 1289 6454 se
1310 6402 1412 6454 fatetur
1431 6402 1598 6455 clarissimus
1615 6403 1765 6468 Oliverius3
1778 6420 1867 6472 neque
1887 6420 1951 6456 vero
1971 6405 2029 6473 ipse
2049 6405 2169 6458 divinare

357 6511 473 6564 possem.
492 6492 627 6544 Graecum
647 6492 756 6544 natione
777 6493 860 6544 tuisse
881 6496 954 6544 recte
976 6493 1047 6544 idem
1066 6492 1222 6558 arbitratur,
1241 6492 1275 6544 ob
1294 6492 1368 6543 illius
1387 6509 1449 6544 cum
1468 6491 1555 6544 Maria
1574 6492 1685 6545 Lascari
1706 6492 1875 6546 affinitatem.
