5490 7750
800 645 1038 698 saxonanum
1064 646 1116 695 an
1144 646 1400 698 esonnssonss
1428 648 1533 699 ruam
1562 649 1695 700 crvmrs
2079 633 2152 702 145

337 801 531 874 subsidium
561 803 791 900 promittitur,
818 813 943 877 sancta
971 803 1080 878 Sedes
1108 813 1272 878 teneatur
1300 806 1452 903 propriis
1481 807 1646 903 expensis
1674 807 1855 882 civitatem
1883 808 2065 883 Bononiae
2094 811 2154 884 de·

335 926 492 1023 fendere,
522 951 588 1000 nee
616 952 661 1000 ex
689 927 744 1001 his
767 929 828 1024 jus
856 928 999 1026 aliquod
1027 928 1246 1025 intelligatur
1274 930 1388 1003 eidem
1416 931 1553 1003 civitati
1581 931 1813 1030 translatum,
1834 933 1897 1006 sed
1925 935 2018 1030 quod
2047 935 2153 1007 immo

335 1050 580 1124 Communitas
608 1059 644 1124 et
672 1051 830 1150 Populus
857 1053 1083 1127 bononiensis
1111 1063 1319 1128 remaneant
1347 1063 1383 1127 et
1412 1055 1568 1128 existant
1597 1057 1662 1129 sub
1689 1057 1909 1154 protectione
1938 1058 2154 1156 apostolicae

336 1175 450 1250 Sedis.

442 1302 529 1374 XX.
562 1302 664 1391 Quod
693 1302 876 1375 ratificatis
904 1303 999 1376 intra
1027 1303 1224 1400 praefixum
1253 1310 1393 1401 tempus
1417 1304 1588 1401 praefatis
1608 1305 1932 1402 capitulationibus,
1953 1332 1996 1381 ac
2022 1309 2155 1382 tradita

334 1451 398 1499 seu
417 1427 583 1500 restituta
602 1438 746 1501 sanetae
767 1427 849 1500 Sodi
868 1427 1088 1525 possessione
1109 1428 1264 1524 dominii,
1281 1428 1526 1503 Communitas
1546 1431 1728 1503 nominare
1747 1432 1860 1528 possit
1878 1440 1951 1506 tres
1971 1458 2152 1530 personas,

335 1575 484 1647 quarum
511 1577 583 1625 una
611 1577 632 1626 a
661 1561 785 1626 saneta
808 1553 902 1626 wSede
930 1554 967 1626 iu
995 1553 1216 1628 Potestatem
1242 1553 1425 1628 Bononiae
1454 1555 1499 1628 sit
1529 1554 1702 1651 eligenda,
1724 1556 1914 1630 dummodo
1944 1567 2063 1631 tamen
2090 1584 2154 1633 uo-

334 1677 469 1750 minata
497 1702 648 1775 persona
676 1678 790 1751 eidem
820 1687 963 1752 sanctae
992 1678 1075 1751 Sedi
1102 1687 1207 1773 grata
1236 1679 1292 1774 sit,
1314 1688 1350 1754 et
1378 1689 1554 1776 quatenus
1582 1706 1653 1754 uon
1682 1705 1775 1754 nova
1796 1682 1872 1754 fieri
1892 1683 2020 1756 debeat
2041 1685 2152 1757 nomi·

334 1803 450 1876 natio:
481 1811 516 1875 et
545 1803 666 1876 addito
695 1804 788 1899 quod
825 1803 1027 1899 hujusmodi
1056 1803 1210 1876 officium
1239 1804 1282 1876 de
1311 1805 1473 1877 semestri
1501 1805 1537 1877 in
1566 1815 1784 1902 semestrem,
1815 1808 1931 1903 quoad
1962 1833 2150 1906 personam

334 1926 420 1999 illud
448 1937 686 2024 exercentem,
717 1930 881 2002 renovari
909 1929 1057 2025 debeat;
1088 1937 1124 2002 et
1153 1929 1182 2001 si
1210 1953 1312 2002 casus
1341 1931 1511 2025 evenerit,
1540 1931 1663 2004 mortis
1692 1956 1818 2029 nempe
1846 1933 2041 2006 Potestatis
2070 1943 2153 2007 ante

336 2062 554 2149 semestrem,
584 2063 668 2126 tunc
695 2054 829 2127 Rea-tor
857 2079 922 2152 pro
951 2063 1109 2152 tempore
1139 2055 1342 2151 provinciae
1370 2056 1638 2151 Romandiolae,
1669 2082 1741 2130 non
1768 2058 1906 2132 ratione
1935 2059 2061 2154 officii,
2093 2060 2154 2132 sed

334 2179 547 2252 auctoritate
576 2179 771 2277 apostolica
799 2179 865 2253 sibi
894 2181 1099 2276 commissa,
1125 2180 1185 2276 jus
1214 2180 1366 2276 eligendi
1394 2181 1488 2254 intra
1523 2190 1595 2254 tres
1629 2184 1861 2256 nominandas
1890 2209 2060 2282 personas
2088 2185 2150 2258 ha·

333 2306 435 2400 beat,
466 2305 637 2400 praestito
666 2328 806 2402 semper
834 2329 855 2377 a
883 2329 1105 2401 quocumque
1134 2305 1318 2378 Potestate
1342 2306 1547 2400 juramento
1577 2306 1798 2380 Potestariae
1828 2308 1981 2380 officium
2009 2310 2150 2382 nomine

333 2454 502 2503 romanae
529 2429 710 2502 Ecclesiae
739 2428 940 2502 exercendi.

440 2549 548 2628 XXI.
579 2555 680 2628 Idem
709 2565 837 2650 agatur
864 2554 901 2625 in
929 2553 1100 2627 electione
1129 2554 1328 2653 Capitanei,
1351 2565 1525 2652 quatenus
1554 2556 1791 2654 aCapitaneo
1815 2559 2015 2654 gubernare
2034 2559 2152 2632 Bono-

333 2679 515 2752 niensibus
543 2680 728 2778 placuerit.
1590 2745 1591 2748 ,

441 2805 568 2878 XXII.
600 2805 701 2894 Quod
730 2831 794 2904 pro
823 2806 969 2904 pacifico
999 2815 1034 2878 et
1063 2806 1140 2880 utili
1173 2815 1270 2880 statu
1297 2807 1552 2880 Universitatis
1590 2809 1781 2906 deputetur
1818 2833 1969 2905 persona
2005 2811 2152 2906 idonea,

334 2931 483 3027 provida
511 2940 547 3004 et
575 2930 755 3004 Ecclesiae
784 2956 952 3005 romanae
983 2933 1132 3028 devota,
1162 2957 1252 3030 quae
1280 2933 1317 3005 in
1344 2934 1575 3006 seditionibus
1603 2933 1807 3006 cohibendis
1847 2942 1883 3008 et
1918 2934 1954 3006 in
1987 2935 2152 3008 libertate

333 3079 375 3128 ac
404 3057 495 3128 bono
525 3057 767 3129 conservando
792 3057 974 3153 regimine,
995 3057 1146 3130 fideliter
1174 3067 1269 3154 agat,
1301 3083 1461 3155 quaeque
1490 3058 1689 3155 appelletur
1718 3059 1893 3132 Defensor
1916 3059 1972 3132 vel
2002 3060 2153 3134 Conser-

333 3189 437 3254 vator
464 3191 526 3254 aut
555 3181 825 3256 Confalonerius
855 3182 1048 3256 Bononiae.
1078 3184 1121 3256 In
1150 3183 1320 3258 electione
1349 3183 1551 3280 hujusmodi
1574 3192 1738 3256 servetur
1761 3184 1876 3257 forma
1904 3186 2154 3258 nominationis

334 3306 441 3379 trium
470 3314 723 3404 personarum,
754 3316 790 3379 et
814 3308 922 3404 juxta
949 3309 1171 3406 praescripta
1197 3309 1233 3380 in
1263 3333 1339 3406 cap.
1370 3309 1457 3382 XX.
1488 3317 1524 3381 et
1552 3309 1660 3382 XXI.
1689 3309 1892 3382 nominatus
1920 3311 1956 3382 in
1986 3310 2153 3384 Confalo·

333 3431 470 3506 uerium
499 3432 544 3504 ad
568 3431 739 3529 placitum
763 3442 907 3505 sanctae
936 3433 1035 3506 Sedis
1064 3432 1226 3530 eligatur,
1248 3443 1284 3507 et
1311 3435 1368 3516 ad,
1385 3434 1566 3507 biennium
1595 3443 1630 3507 et
1659 3459 1728 3506 non
1758 3434 1870 3530 ultra;
1895 3460 2006 3532 eoque
2034 3445 2153 3509 amoto

333 3557 379 3629 ab
407 3557 534 3652 officio,
555 3581 658 3630 nemo
687 3558 719 3630 ei
748 3557 910 3653 obediat;
941 3565 976 3631 et
1004 3583 1045 3631 eo
1074 3559 1278 3654 decedente,
1299 3559 1429 3632 iterum
1453 3559 1516 3632 fiat
1534 3559 1741 3634 nominatio.
1762 3558 1863 3631 Idem
1884 3559 2153 3634 Confalonerius

327 3683 571 3778 juramentum
600 3690 759 3780 praestet
786 3683 934 3777 regendi
962 3692 997 3756 et
1025 3685 1296 3758 administrandi
1333 3684 1473 3757 nomine
1510 3693 1654 3758 sanctae
1689 3684 1800 3757 Sedis.
1831 3685 1956 3757 Eidem
1986 3684 2152 3758 Confalo·

332 3808 430 3880 neric
459 3832 523 3905 pro
552 3816 711 3905 tempore
740 3833 811 3881 non
840 3817 1019 3906 competat
1047 3809 1199 3882 facultas
1228 3809 1428 3906 expellendi
1456 3810 1610 3906 aliquem
1635 3811 1831 3906 acivitate,
1854 3817 1916 3883 aut
1930 3811 1990 3906 jus
2011 3810 2152 3906 aliquod

331 3932 521 4005 exercendi
549 3932 584 4003 in
613 3933 663 4005 eis
701 3958 790 4030 quae
830 3934 876 4006 ad
909 3935 1131 4007 Potestatem
1160 3959 1222 4007 seu
1259 3934 1494 4032 Capitaueum
1532 3935 1722 4031 pertinent.
1752 3935 1913 4008 Tandem
1952 3935 2153 4031 hujusmodi

332 4057 496 4152 officium,
527 4058 570 4130 de
599 4083 774 4131 consensu
802 4066 922 4131 tamen
942 4059 1226 4156 Communitatis,
1248 4060 1394 4134 arbitrio
1414 4069 1558 4133 sanctae
1579 4061 1679 4134 Sedis
1698 4059 1802 4133 euelli
1820 4071 1856 4134 et
1876 4061 2010 4133 destrui
2029 4063 2150 4158 possit.

438 4182 585 4256 XXIII.
617 4184 719 4272 Quod
747 4185 862 4257 eidem
890 4186 1135 4258 communitati
1163 4186 1356 4258 nomina-tic
1385 4194 1564 4282 competat
1592 4187 1768 4258 minorum
1796 4185 2019 4281 officialium,
2049 4187 2150 4258 dum-

332 4307 436 4380 modo
465 4317 586 4381 tamen
616 4333 707 4405 quae
737 4308 892 4383 civitatis
920 4318 1014 4406 sunt,
1040 4311 1181 4384 nomine
1210 4310 1496 4406 Communitatis,
1526 4320 1563 4383 et
1589 4335 1680 4408 quae
1708 4311 1794 4406 fisci,
1814 4311 1955 4384 nomine
1984 4335 2152 4384 romanae

331 4430 523 4528 Ecclesiae,
554 4433 858 4508 administrentur.

437 4558 583 4632 XXIV.
615 4559 717 4648 Quod
745 4584 852 4658 super
880 4560 1082 4657 hujusmodi
1110 4562 1415 4634 administratione
1444 4561 1601 4658 qualibet
1629 4562 1706 4634 vice
1735 4587 1757 4634 a
1789 4561 1981 4659 praedictis
2019 4561 2152 4634 officia·

330 4681 421 4756 libus
451 4684 494 4756 de
521 4685 612 4757 bene
641 4685 922 4758 administrando
947 4687 1190 4782 juramentum
1226 4694 1439 4784 praestetur,
1469 4695 1504 4760 et
1533 4687 1569 4759 in
1601 4686 1669 4760 hoc
1706 4687 1870 4759 distincte
1908 4687 2151 4783 promittatur,

330 4807 619 4881 Confalonerium
649 4809 722 4882 sive
752 4811 985 4883 Defensorem
1019 4821 1080 4884 aut
1109 4811 1407 4886 Conservatorem
1436 4812 1493 4884 rel
1521 4812 1757 4910 Capitaneum
1786 4811 1940 4885 civitatis
1968 4811 2151 4883 Bononiae

332 4932 379 5040 in¹
396 4932 545 5005 nihilum
573 4935 690 5030 quoad
717 4935 900 5032 praedicta
929 4959 992 5032 per
1020 4961 1080 5009 eos
1107 4937 1324 5031 recognosci.

438 5058 563 5132 XXV.
595 5059 698 5147 Quod
726 5060 943 5156 deputentur
971 5086 992 5134 a
1019 5061 1121 5159 Papa
1148 5071 1301 5158 quatuor
1325 5063 1470 5135 Judices
1499 5061 1789 5159 appellationum,
1811 5062 1871 5159 qui
1886 5062 1993 5158 juxta
2018 5061 2153 5157 patrias

332 5181 429 5277 leges
452 5184 627 5281 judicent,
658 5195 693 5257 et
720 5187 921 5260 mercedem
949 5187 1126 5284 accipiant
1154 5189 1199 5260 ab
1228 5188 1351 5260 eadem
1380 5187 1655 5261 Communitate.

437 5309 584 5381 XXVI.
615 5310 718 5398 Quod
745 5310 978 5408 stipendiarii,
999 5312 1059 5408 qui
1079 5313 1125 5385 ad
1145 5312 1260 5385 dictae
1280 5312 1434 5385 civitatis
1454 5313 1635 5410 stipendia
1650 5337 1714 5410 pro
1734 5321 1893 5409 tempore
1913 5319 2150 5406 assumentur,

332 5432 369 5504 in
397 5434 560 5507 manibus
589 5435 692 5507 unius
721 5459 765 5507 ex
794 5436 980 5509 Judicibus
1008 5437 1284 5534 appellationum
1314 5437 1577 5534 praedictorum
1615 5437 1850 5535 capitulorum
1889 5436 2152 5510 observantiam

328 5557 463 5654 jurent,
484 5584 526 5632 ea
554 5560 696 5656 adjecta
724 5560 924 5633 conditione
953 5563 1046 5657 quod
1074 5562 1180 5634 iidem
1209 5561 1430 5659 stipendiarii
1458 5588 1478 5636 a
1506 5564 1607 5659 Papa
1636 5561 1779 5636 valeant
1807 5563 1965 5635 amoveri
1992 5571 2028 5634 et
2059 5562 2152 5657 quod

332 5683 368 5756 in
396 5684 463 5757 hoc
493 5708 577 5757 casu
606 5686 772 5758 substitui
801 5687 953 5760 debeant
982 5711 1155 5784 personae
1184 5695 1328 5760 sanctae
1357 5688 1439 5761 Sedi
1467 5696 1592 5784 gratae
1621 5696 1656 5760 et
1685 5697 1865 5785 acceptae.

439 5810 604 5884 XXVII.
636 5811 739 5899 Quod
768 5813 910 5885 omnino
938 5820 974 5884 et
1000 5812 1205 5885 indistincte
1224 5837 1265 5885 ac
1293 5813 1368 5886 sine
1398 5839 1508 5910 mora,
1529 5838 1639 5910 usque
1669 5822 1789 5886 tamen
1817 5815 1861 5886 ad
1887 5821 2031 5886 sanctae
2052 5813 2152 5886 Sedis

332 5935 606 6032 beneplacitum,
637 5938 755 6010 omnia
783 5937 918 6010 fiscalia
945 5938 1147 6034 exigantur,
1177 5948 1367 6011 teneantur
1394 5947 1430 6012 et
1459 5938 1659 6012 habeantur
1687 5941 1723 6011 in
1749 5938 1898 6012 liberam
1926 5939 2151 6012 administra·

333 6061 465 6135 tionem
494 6062 653 6157 ejusdem
682 6063 967 6158 Communitatis,
990 6089 1080 6159 quae
1100 6073 1219 6137 tamen
1249 6089 1291 6138 ea
1319 6065 1446 6138 debeat
1475 6065 1511 6137 in
1540 6065 1696 6138 civitatis
1724 6076 1759 6138 et
1785 6088 1952 6138 romanae
1972 6064 2152 6138 Ecclesiae

331 6187 522 6261 utilitatem
551 6197 770 6284 convertere,
800 6213 842 6262 ac
871 6213 916 6262 ex
944 6190 1029 6286 ipsis
1058 6199 1094 6262 et
1121 6190 1199 6262 aliis
1228 6191 1474 6264 emolumentis
1502 6191 1678 6288 stipendia
1707 6190 1844 6264 solvere
1873 6189 2093 6285 officialibus,
2116 6205 2151 6262 et

333 6316 376 6388 de
405 6313 685 6410 quibuscumque
718 6315 927 6388 necessariis
955 6323 991 6388 et
1019 6316 1228 6414 opportunis
1256 6316 1443 6413 providere
1476 6316 1678 6412 civitatem,
1709 6317 1916 6392 comitatum
1954 6323 2061 6412 atque
2099 6317 2151 6388 di-

332 6440 516 6535 strictum,
547 6439 592 6511 ad
621 6463 771 6536 quorum
800 6441 1106 6515 conservationem
1142 6440 1198 6515 vel
1228 6441 1469 6516 defensionem
1497 6441 1585 6514 nihil
1619 6442 1662 6514 de
1701 6441 1845 6540 proprio
1882 6451 2006 6514 sancta
2043 6441 2152 6514 Sedes

333 6592 480 6663 erogare
511 6565 650 6642 debeat.

413 6740 482 6778 nou.
503 6741 535 6778 11.
2039 6731 2071 6779 19
