5484 7746
600 597 677 668 240
1387 620 1627 674 uauuunurn

596 781 808 853 concesserat,
826 773 1024 858 operimento
1048 781 1220 857 contectas,
1238 775 1289 838 vel
1313 775 1449 838 hominis
1473 775 1617 840 deiectus
1637 785 1693 841 aut
1716 778 1832 862 aperis,
1851 778 1892 842 ad
1918 779 2017 843 latine
2041 780 2150 864 lingue
2179 781 2325 844 notitiam
2348 802 2412 846 non

597 879 756 965 perduxit.
774 879 928 945 Volentes
953 881 1051 966 igitur
1073 889 1108 946 at
1130 883 1316 947 veneranda
1338 889 1501 948 tantorum
1525 905 1659 970 operum
1682 885 1777 948 simul
1804 885 1993 968 authoritas,
2011 888 2096 974 apud
2121 908 2179 952 naa
2204 909 2267 952 non
2291 869 2417 974 absque·

595 988 769 1052 commodis
794 989 1026 1071 communibus,
1042 991 1130 1054 vocis
1143 989 1182 1055 (1)
1199 1011 1321 1076 organo
1345 989 1513 1054 traducere
1537 992 1725 1074 innotescat,
1744 1014 1782 1056 ea
1808 1013 1865 1078 per
1888 993 1974 1058 viros
1997 995 2115 1059 electas
2140 1001 2171 1059 et
2192 995 2224 1059 in
2245 996 2411 1083 utriusque

595 1095 704 1180 lingue
728 1096 907 1180 prolatione
933 1097 1051 1182 peritos
1075 1097 1231 1162 instanter
1251 1099 1422 1181 jussimus,
1446 1099 1618 1162 verborum
1649 1099 1787 1164 fideliter
1811 1109 1939 1165 servata
1963 1102 2207 1187 virginitatelil,
2232 1103 2410 1167 transferri.

595 1201 680 1276 Quia
704 1223 780 1266 vero
804 1204 1009 1268 scientiarum
1033 1226 1191 1289 generosa
1214 1205 1373 1290 possessio
1396 1205 1430 1269 in
1446 1205 1554 1290 plures
1578 1206 1722 1292 dispersa
1747 1229 1809 1271 uon
1830 1207 1967 1294 deperit,
1983 1215 2016 1272 ct
2036 1209 2207 1274 distributa
2229 1231 2287 1296 per
2303 1217 2411 1295 partes

595 1309 816 1373 minorationis
840 1310 1032 1375 detrimenta
1055 1333 1118 1375 non
1143 1312 1256 1376 sentit:
1281 1312 1337 1376 sed
1366 1333 1404 1375 eo
1435 1311 1615 1376 diuturnius
1639 1321 1831 1400 perpetuata
1857 1317 1994 1379 senescit
2021 1337 2084 1402 quo
2111 1315 2276 1402 publicata
2300 1315 2410 1381 lecan-

595 1415 665 1480 dius
690 1438 723 1480 sc
747 1417 913 1482 diffundit:
938 1419 1122 1502 hujusmodi
1145 1419 1250 1484 celare
1273 1419 1393 1484 laboris
1416 1419 1633 1484 emolumenta
1657 1421 1815 1504 nolumus,
1841 1443 1899 1486 acc
1922 1423 2142 1488 estimavimus
2166 1425 2276 1489 noslssl
2294 1424 2408 1490 eadem

595 1524 732 1587 retinere
753 1524 941 1608 jucundum,
960 1526 1020 1590 nisi
1038 1527 1125 1590 'tanti
1141 1526 1217 1591 boni
1234 1527 1399 1591 nobiscum
1417 1527 1496 1591 alios
1512 1528 1684 1613 participes
1701 1527 1891 1592 laceremus.
1911 1527 2159 1595 considerantes
2176 1539 2407 1616 verumtamen,

595 1653 729 1717 quorum
754 1634 994 1718 conspectibus,
1019 1655 1219 1720 quorumque
1240 1633 1369 1718 judiciis
1393 1635 1498 1722 operis
1522 1635 1606 1721 cepti
1629 1635 1768 1721 primitie
1793 1643 1924 1722 possent
1953 1637 2113 1702 detentius
2144 1637 2310 1724 deputari,
2335 1661 2409 1704 cccc

594 1739 685 1803 vobis
709 1740 890 1825 potissimo,
916 1741 1003 1804 velut
1026 1741 1228 1827 philosophie
1262 1741 1415 1824 preclaris
1446 1741 1600 1822 alumnis,
1625 1741 1664 1806 de
1696 1763 1832 1828 qaorum
1861 1743 2044 1829 pectoribus
2068 1747 2288 1831 promptuaria
2311 1746 2408 1832 plena

594 1847 706 1928 fluunt,
730 1847 828 1912 libros
854 1848 989 1933 aliquos,
1014 1870 1093 1933 quos
1117 1849 1277 1913 curiosum
1301 1848 1442 1912 studium
1464 1849 1693 1913 translatorum
1717 1849 1830 1935 lingua
1845 1851 1884 1914 (4)
1900 1872 1964 1915 aon
1988 1853 2092 1937 potuit
2110 1852 2214 1916 fidelis
2238 1853 2406 1936 iustruere,

594 1955 738 2019 consulte
762 1955 959 2041 providimus
984 1956 1215 2041 presentandos
1238 1956 1290 2020 vel
1312 1955 1578 2020 destinandos(5l.
1596 1955 1663 2020 Vos
1688 1957 1786 2042 igitur
1808 1958 1931 2040 viria),
1949 1960 2003 2044 qui
2019 1958 2059 2022 de
2076 1959 2222 2024 cisternis
2242 1960 2403 2024 veteribus

594 2083 695 2148 aquas
727 2084 827 2126 novas
857 2063 1032 2148 prudenter
1058 2063 1210 2144 educitis,
1235 2063 1288 2148 qui
1312 2064 1434 2126 fluenta
1458 2063 1609 2127 melliflua
1633 2064 1813 2129 sitientibus
1837 2066 1931 2130 labiis
1956 2067 2153 2152 propinatis,
2178 2066 2277 2131 libros
2306 2068 2407 2152 ipsos,

593 2177 758 2254 tamquam
781 2171 953 2234 exennium
978 2171 1072 2235 amici
1096 2169 1240 2252 Ossaeis,
1264 2176 1431 2256 gratanter
1460 2171 1595 2255 accipite
1618 2179 1651 2234 et
1674 2173 1760 2258 ipsos
1784 2172 1924 2259 antiquis
1948 2173 2212 2260 philosophorum
2236 2175 2403 2261 operibus,

594 2277 648 2361 qui
680 2277 766 2340 vocis
798 2284 902 2340 vestre
927 2277 1111 2341 ministeriis
1135 2277 1340 2359 reviviscunt,
1365 2298 1563 2362 quorumque
1589 2279 1715 2342 nutritis
1727 2281 1766 2344 ll)
1783 2279 1913 2364 lamam,
1936 2280 2013 2345 dam
2035 2281 2188 2366 dogmata
2212 2282 2354 2346 sternitis
2368 2281 2406 2346 (8)

593 2384 764 2469 sapienter,
790 2391 825 2447 ut
848 2384 989 2470 expedit,
1006 2392 1222 2470 aggregantes
1239 2405 1293 2448 eos
1310 2385 1343 2448 in
1359 2385 1517 2450 auditorio
1534 2393 1651 2467 vestro,
1669 2386 1699 2449 iu
1718 2407 1780 2472 quo
1797 2389 1902 2472 gratia
1920 2389 2074 2453 virtutum
2090 2387 2272 2470 fructificat,
2290 2390 2406 2454 erroris

594 2490 708 2576 rubigo
735 2493 933 2555 consumitur
957 2485 1140 2554 ct'latentis
1164 2491 1320 2577 scripture
1344 2492 1482 2556 varietas
1496 2492 1534 2555 (9)
1552 2493 1705 2578 aperitur,
1729 2495 2047 2560 cun1(10)mitteutis
2071 2496 2182 2560 favore
2207 2497 2406 2579 commoniti,

594 2604 662 2662 tum
679 2598 757 2662 clari
773 2599 1016 2662 transmissi(¹l)
1029 2599 1134 2684 operis
1150 2599 1271 2662 meritis
1288 2599 1443 2685 persuasi,
1457 2598 1496 2662 ad
1515 2621 1714 2664 commanem
1731 2601 1901 2666 utilitatem
1919 2603 2115 2667 studentium
2131 2611 2164 2668 et
2180 2603 2405 2669 evidentirl¹2l

594 2705 679 2768 farne
703 2712 811 2768 nostre
834 2707 1019 2792 preconium
1042 2705 1222 2791 publicetis.

1476 3063 1521 3127 Il.

1347 3295 1443 3378 1218,
1471 3297 1487 3358 1
1511 3295 1646 3360 octobrio.

940 3528 992 3592 Ex
1015 3528 1114 3592 Arch.
1138 3527 1226 3592 Max.
1251 3529 1343 3611 ban,
1368 3529 1401 3592 in
1425 3527 1565 3614 Repistro
1591 3529 1714 3612 Gracco,
1743 3529 1797 3593 lib.
1823 3529 1868 3610 I.,
1893 3550 1958 3593 car.
1985 3531 2062 3593 339.

677 3779 855 3865 Exemplar
879 3777 1046 3861 cujusdam
1070 3778 1272 3852 instrumenti
1295 3777 1405 3864 scripti
1428 3798 1485 3864 per
1508 3778 1675 3843 lulianum
1704 3778 1871 3844 Leonardi
1901 3779 2081 3860 notarium,
2106 3780 2160 3864 qai
2184 3787 2231 3842 est
2256 3800 2328 3844 cum
2351 3779 2405 3844 do·

589 3887 675 3951 mino
699 3885 898 3969 Cancelario,
922 3886 967 3950 sic
990 3885 1187 3971 incipientis:
1212 3884 1438 3949 Jarameutum
1461 3885 1580 3949 lactum
1606 3907 1625 3948 a
1648 3887 1802 3971 magistro
1825 3885 1915 3950 Bene
1939 3886 2121 3951 florentiae.

677 3993 773 4057 Anno
797 3990 929 4057 Domini
951 3991 1120 4055 millesimo
1143 3991 1360 4056 ducentesimo
1389 3991 1512 4054 decimo
1543 3998 1675 4073 octavo,
1700 3991 1873 4056 indictione
1904 3999 2015 4074 sexta,
2040 3993 2092 4056 die
2130 3995 2234 4079 primo
2266 3994 2404 4059 intrante

589 4101 723 4165 octubri.
749 4099 865 4164 Coram
895 4100 1045 4163 examine
1072 4098 1191 4162 domini
1216 4098 1377 4182 Albergiti
1400 4097 1619 4180 Pandemillo,
1643 4099 1811 4185 potestatis
1841 4099 2006 4182 Bononia,
2032 4101 2064 4163 iu
2088 4102 2251 4186 presentia
2281 4100 2401 4166 domiui

588 4207 750 4272 Wallredi
766 4207 815 4270 sai
828 4207 956 4292 judicis,
974 4206 1094 4270 domini
1117 4206 1289 4290 Laurencij
1312 4206 1461 4288 Romani,
1478 4205 1598 4270 domini
1621 4205 1756 4270 Vidonis
1773 4207 2000 4292 Tantidiuarij,
2017 4207 2139 4271 domini
2157 4208 2177 4274 J
2180 4209 2272 4273 acobi
2292 4208 2400 4290 Parvi,

589 4315 711 4380 domini
733 4315 921 4400 Malatigne,
938 4313 1059 4398 dominj
1075 4312 1203 4377 Alberti
1219 4312 1375 4377 (luidonis
1392 4312 1514 4394 Grassi,
1531 4313 1651 4376 domini
1666 4311 1798 4397 Ugoliui
1816 4313 2002 4397 Primadioij
2019 4321 2051 4377 et
2069 4315 2206 4378 aliarum
2227 4314 2400 4378 maltorum

589 4423 628 4487 de
653 4423 752 4504 curia,
770 4429 835 4486 tam
855 4421 992 4484 militum
1008 4441 1104 4507 qaam
1124 4420 1270 4505 judicum
1290 4427 1322 4484 et
1339 4421 1545 4502 notariorum,
1562 4421 1594 4482 in
1611 4420 1696 4484 hunc
1712 4420 1858 4484 modum:
1881 4445 1896 4476 ‹
1914 4419 1997 4484 Jaro
2012 4441 2064 4506 epo
2082 4423 2225 4506 meister
2241 4421 2326 4486 Beue
2341 4442 2403 4485 aaa

588 4531 664 4595 dare
686 4551 809 4615 operam
832 4529 896 4594 allo
919 4529 1005 4592 modo
1027 4528 1108 4613 qaod
1130 4527 1276 4592 Stadium
1297 4529 1425 4591 civitatis
1447 4527 1584 4591 Boncme
1606 4528 1709 4612 alique
1731 4535 1863 4612 tempore
1886 4527 1962 4591 alibi
1989 4529 2211 4611 transferatur.
2234 4527 2277 4592 Et
2299 4531 2327 4592 si
2346 4531 2403 4593 sci·

587 4659 654 4703 aero
675 4639 809 4722 aliquem
832 4637 954 4700 dantem
977 4656 1101 4720 operam
1123 4635 1166 4698 ad
1186 4635 1240 4698 leoc
1262 4642 1296 4698 at
1320 4633 1466 4698 Stadium
1487 4633 1624 4698 Bononia
1638 4634 1713 4698 alibi
1727 4635 1953 4718 transferatur,
1970 4633 2049 4698 bona
2062 4635 2124 4718 fide
2133 4636 2300 4719 prohibebo
2313 4643 2403 4720 moue

589 4745 700 4828 celabo,
721 4752 748 4809 el
770 4746 797 4808 si
818 4765 888 4807 cum
911 4742 1018 4826 effecta
1047 4750 1147 4807 celare
1170 4743 1215 4805 ael
1232 4740 1394 4826 prohibere
1415 4762 1477 4804 aaa
1494 4761 1622 4824 possem,
1649 4741 1791 4806 Poteslati
1814 4740 1956 4806 Bononia
1979 4763 2073 4827 qaam
2100 4745 2193 4806 cicius
2211 4751 2317 4828 potere
2338 4765 2403 4806 rna-

587 4837 743 4936 m'featabc.
767 4849 810 4914 Et
831 4849 907 4914 alibi
928 4851 991 4914 ullo
1012 4857 1143 4934 tempore
1166 4851 1199 4912 ia
1224 4848 1404 4911 Grarnalica
1423 4848 1571 4930 facultate
1593 4869 1655 4912 aaa
1678 4869 1781 4933 repam
1793 4898 1801 4931 ‚
1827 4869 1881 4912 aec
1904 4849 2020 4912 seliobre
2042 4847 2163 4932 habeba,
2186 4851 2268 4914 salae
2290 4858 2402 4932 taurea,

588 4960 717 5046 quodsi
735 4965 894 5044 promotes
916 4977 1008 5022 essem
1030 4958 1072 5020 acl
1094 4957 1131 5040 of
1165 4958 1230 5019 iem
1252 4956 1389 5019 clericale
1413 4957 1445 5018 ia
1467 4957 1584 5019 claritate
1607 4954 1831 5038 Florentiam
1855 4957 1942 5020 liceat
1966 4957 2041 5020 milri
2063 4957 2160 5042 tepere
2179 4958 2296 5021 clericis
2318 4957 2404 5020 illics

586 5069 719 5134 Ecclesie
741 5074 861 5131 taetram
885 5069 917 5129 in
942 5087 1003 5150 qua
1025 5086 1116 5129 essem
1138 5064 1181 5128 ad
1202 5065 1341 5127 ordinem
1362 5064 1530 5128 clericalem
1548 5072 1708 5148 prromctes
1736 5089 1765 5127 v.
1790 5063 1926 5127 Factum
1950 5064 2011 5128 luit
2037 5064 2098 5128 hoe
2123 5065 2343 5148 juramentum
2371 5067 2401 5128 in

586 5176 656 5240 sala
679 5173 792 5260 palatii
816 5172 968 5237 Comanis
991 5171 1148 5236 Bononia.

675 5281 747 5367 Ego
771 5279 921 5345 Julianus
944 5279 1116 5361 Leonardi,
1140 5279 1315 5365 imperialis
1340 5279 1412 5341 aule
1433 5277 1546 5362 jadex,
1571 5285 1667 5363 atque
1692 5299 1776 5342 nunc
1800 5277 1955 5342 Comanis
1978 5278 2124 5343 Bononio
2150 5279 2303 5361 notarius,
2328 5279 2403 5343 huic

584 5391 768 5474 juramento
792 5387 923 5451 interfui
946 5393 979 5450 et
1002 5393 1037 5450 ut
1059 5407 1157 5472 supra
1179 5385 1299 5470 legitur
1323 5384 1449 5470 scripsi.

677 5495 728 5578 (L.
744 5497 766 5577 †
784 5494 832 5576 S.)
855 5493 926 5579 Ego
950 5493 1066 5558 Petrus
1088 5493 1218 5558 Piaolus
1241 5492 1423 5577 Bolognoli,
1438 5491 1559 5555 domini
1582 5490 1715 5556 Octonis
1742 5493 1948 5578 imperatoris
1967 5499 1999 5556 et
2016 5493 2167 5556 Comanis
2183 5492 2330 5557 Bouonie
2346 5513 2404 5557 no·

585 5602 697 5685 tarius,
721 5603 804 5666 sicut
827 5602 981 5687 scriptum
1004 5601 1070 5665 vidi
1094 5622 1151 5686 per
1174 5621 1305 5664 manum
1327 5599 1347 5665 J
1351 5599 1450 5662 aliani
1474 5599 1600 5680 notarii,
1625 5599 1671 5663 ita
1693 5599 1829 5685 scripsi,
1855 5620 1913 5663 nec
1939 5600 2060 5663 addens
2083 5600 2135 5663 vel
2159 5600 2317 5682 minuens,
2341 5600 2402 5664 nisi

585 5711 724 5796 signum,
749 5708 834 5794 quod
858 5730 923 5772 aon
946 5707 1017 5772 ieci.

666 6051 704 6112 (1)
724 6046 768 6097 Ia:
788 6047 918 6098 courrrrodi
935 6046 1082 6097 comarum'e
1095 6045 1217 6111 profecto
1235 6045 1316 6095 recr'a.
1604 6047 1642 6108 (l)
1661 6044 1704 6096 L.:
1725 6059 1942 6110 quorumcunque
1960 6045 2075 6094 irritatis.

665 6139 704 6201 (2)
725 6135 769 6187 L.:
789 6137 899 6186 ver-itare
917 6136 1072 6200 rirpira'late
1091 6134 1180 6185 aliter.
1602 6136 1640 6200 (8)
1660 6133 1703 6185 la:
1724 6134 1841 6185 cernitis.

665 6227 703 6292 (3)
723 6224 769 6277 L.:
790 6225 873 6276 arabis.
1600 6225 1639 6289 (9)
1659 6223 1702 6274 L.:
1723 6225 1828 6274 rera'tas.

665 6317 704 6380 (4)
724 6313 769 6366 la:
788 6314 934 6380 ellingae.
1582 6314 1638 6378 (10)
1657 6312 1702 6364 Ia:
1723 6329 1782 6364 cum
1801 6313 1884 6364 niodo.

665 6407 704 6471 (5)
725 6403 831 6456 Verba:
852 6404 890 6454 cel
907 6403 1081 6454 destinandos
1100 6403 1206 6455 desunt.
1579 6405 1635 6470 (11)
1655 6402 1698 6454 Ia:
1719 6403 1803 6453 claris
1821 6404 2009 6469 irarrssmupti.

665 6497 704 6560 (6)
725 6493 770 6545 L.:
789 6494 843 6543 riri
860 6493 936 6544 docti.
1580 6493 1637 6558 (12)
1656 6491 1701 6543 L.:
1721 6491 1834 6543 evidens.
