5492 7750
794 583 1022 634 speculum
1052 583 1102 630 AD
1131 579 1396 630 BONONIENSEM
1424 575 1649 626 AOADEIIIIAM

1194 947 1252 1012 IV.

1089 1165 1187 1247 1219,
1211 1165 1254 1228 ee
1277 1165 1368 1227 ane.

950 1378 1003 1444 Ex
1024 1347 1148 1444 eodem
1164 1386 1263 1461 tomo,
1288 1399 1375 1442 num.
1398 1376 1508 1441 XVII.

494 1597 519 1682 [
528 1595 701 1678 Narniam,
724 1596 894 1660 inconsulto
916 1594 1149 1678 Archidieceno‚
1172 1597 1205 1658 in
1232 1593 1400 1679 Gymnoaio
1421 1592 1596 1656 bononiensi
1618 1591 1722 1656 deone
1738 1611 1828 1674 poseo
1841 1587 1965 1672 jubetJ.

408 1811 587 1894 Honorius,
614 1831 727 1874 seruus
751 1829 918 1874 serrorum
941 1808 1066 1890 Deill),
1091 1809 1207 1873 dilecto
1231 1807 1296 1871 filio
1318 1806 1557 1872 Archidiacono
1580 1803 1769 1870 bononiensi
1792 1804 1929 1869 salutem
1952 1810 1985 1868 et
2007 1809 2134 1890 aposto-

320 1919 418 1984 licam
441 1917 708 1983 benedictionem.

412 2026 494 2092 Cum
518 2047 595 2112 sepe
619 2025 789 2109 contingat
811 2031 847 2088 ut
871 2024 978 2088 miuus
1001 2023 1087 2088 docti
1109 2023 1150 2087 ad
1173 2021 1309 2087 docendi
1332 2021 1477 2106 regimen
1499 2025 1714 2102 assumantur,
1731 2025 1862 2105 propter
1878 2018 1965 2105 quod
1979 2024 2012 2083 et
2027 2017 2135 2082 docto·

321 2154 391 2197 rum
408 2133 511 2198 honor
529 2132 695 2196 minuatur
711 2137 743 2196 et
759 2132 921 2217 profectus
937 2131 1131 2216 impediatur
1146 2129 1341 2194 scholarium
1357 2127 1533 2192 volentium
1557 2126 1687 2209 erudiri,
1708 2125 1786 2208 Nos,
1803 2126 1988 2191 eorumdem
2004 2125 2137 2189 utilitati

318 2248 349 2304 et
374 2240 490 2305 honori
513 2238 697 2325 prospicere
723 2239 907 2324 cupientes,
935 2237 1125 2302 auctoritate
1149 2237 1346 2322 presentium
1370 2235 1520 2298 duximus
1551 2234 1775 2316 statuendum,
1799 2239 1834 2297 ut
1865 2234 1972 2297 nullus
2000 2232 2135 2296 ulterius

317 2348 350 2410 in
376 2347 506 2412 clritate
531 2346 676 2432 predIcta
702 2345 744 2409 ad
768 2345 904 2411 docendi
926 2345 1071 2429 regimen
1088 2348 1280 2426 assumatur,
1299 2343 1394 2407 nisia
1417 2351 1449 2406 te
1474 2342 1605 2406 obtenta
1628 2340 1775 2423 licentia,
1800 2340 2038 2405 examinatione
2062 2361 2134 2426 pre·

318 2455 430 2518 habita
453 2455 617 2539 diligenti3
639 2461 673 2517 tu
698 2453 836 2538 denique
860 2452 1120 2533 contradictores,
1145 2452 1172 2515 si
1197 2451 1252 2536 qui
1276 2451 1405 2532 suerint,
1430 2450 1482 2513 vel
1504 2448 1652 2530 rebelles,
1668 2469 1726 2534 per
1749 2469 1918 2512 censuram
1942 2448 2135 2512 ecclesiasti·

318 2584 400 2644 carn,
427 2562 644 2649 appellatione
669 2568 802 2643 remota,
827 2581 1021 2646 compescas.
1180 2643 1181 2648 ἵ

409 2669 530 2733 Datum
557 2669 659 2733 Rome
684 2668 742 2732 IV.
767 2667 924 2732 kalendas
946 2667 1031 2752 julij,
1056 2667 1267 2730 I’ont-ificatus
1292 2665 1393 2729 nostri
1416 2686 1500 2728 anno
1524 2665 1629 2727 tertio.

1206 3059 1246 3124 V.

1090 3275 1187 3356 1220,
1212 3275 1232 3337 6
1254 3275 1372 3358 aprilio.

943 3488 995 3552 Ex
1019 3488 1133 3552 eodem
1156 3497 1254 3570 tomo,
1280 3509 1366 3551 num.
1390 3486 1519 3552 XVIII.

686 3704 710 3787 [
717 3703 850 3768 Mancini
873 3703 1016 3788 ‹ebroyori
1040 3702 1162 3785 Sicinio
1185 3703 1369 3766 relectorium
1393 3701 1524 3766 libertati
1546 3704 1701 3766 centinaria
1711 3698 1779 3782 (2l].

411 3918 576 3983 Honorius
600 3917 715 3983 Illo).
740 3917 866 4003 Populo
891 3917 1090 3982 bononiensi.

409 4025 461 4090 Ex
493 4025 650 4090 relatione
677 4024 873 4090 uenerabilis
904 4024 1029 4088 Fratris
1062 4025 1163 4088 nostri
1193 4023 1352 4088 Ostiensis
1382 4025 1542 4110 episcopI,
1566 4023 1755 4106 deuotione,
1780 4044 1877 4108 quam
1905 4023 1946 4088 cd
1972 4045 2140 4088 romanam

321 4134 501 4200 Ecclesiam
524 4133 646 4218 gerItis,
663 4131 838 4216 Intellecta,
863 4139 954 4197 tanto
979 4131 1019 4195 ad
1043 4154 1082 4195 ea
1106 4153 1167 4217 que
1193 4132 1234 4195 ad
1258 4139 1401 4195 uestram
1425 4132 1562 4195 salutem
1585 4131 1760 4217 respiciunt
1783 4138 1816 4195 ct
1838 4131 1993 4195 honorem
2013 4129 2140 4195 ferven-

322 4242 385 4306 tius
409 4242 600 4327 aspiramus,
626 4246 746 4326 quanto
770 4262 838 4322 ros,
864 4247 1031 4326 tamquam
1055 4239 1237 4304 obedIentie
1260 4239 1343 4302 filios
1368 4238 1409 4302 ad
1433 4239 1578 4322 ejusdem
1602 4238 1815 4303 obediendum
1839 4239 1998 4302 mandatis
2022 4261 2140 4325 cogno·

323 4350 441 4414 scimus
468 4348 647 4434 proniores,
670 4369 728 4412 ros
757 4348 797 4410 ab
826 4347 866 4432 ijs
891 4347 1056 4411 retrahere
1082 4353 1277 4432 satagentes,
1301 4368 1363 4432 que
1388 4351 1420 4410 et
1447 4346 1567 4410 lamam
1590 4353 1732 4410 uestram
1755 4346 1946 4410 obnubilant
1969 4353 2000 4410 et
2023 4347 2139 4411 afferre

323 4455 414 4520 vobis
437 4461 569 4540 possent
594 4454 831 4518 incommodum
848 4461 880 4518 et
893 4455 1065 4538 jacturam.
1088 4452 1173 4518 Sane
1198 4475 1270 4518 curn
1295 4475 1337 4517 ex
1362 4453 1468 4518 studIo
1491 4453 1671 4518 litterarum
1695 4460 1803 4539 preter
1822 4452 1946 4517 infinita
1963 4452 2140 4538 commoda,

322 4584 384 4648 que
402 4563 540 4645 sentitis,
561 4583 603 4626 ex
620 4583 658 4627 eo
674 4569 783 4626 vestra
799 4562 912 4626 civitas
929 4560 1013 4625 inter
1041 4561 1122 4624 alias
1145 4561 1186 4624 sit
1214 4561 1348 4632 famosa,
1363 4569 1394 4624 et
1419 4561 1451 4625 in
1474 4562 1624 4627 unlnerso
1649 4561 1767 4626 mundo
1792 4582 1907 4626 nomen
1929 4562 2141 4626 annuncietur

324 4670 443 4757 ipsius,
468 4669 618 4755 factaque
650 4670 691 4734 sit
721 4670 824 4734 altera
857 4669 1045 4751 Bethleem,
1070 4669 1183 4734 domus
1207 4668 1358 4733 videlicet
1381 4669 1491 4754 panis,
1516 4670 1571 4755 qui
1601 4669 1744 4755 parvulis
1768 4669 1930 4754 frangitur
1956 4669 1988 4732 iu
2012 4669 2139 4752 eadem,

322 4799 364 4842 ex
388 4798 452 4863 qua
475 4784 596 4840 exeunt
620 4776 735 4859 duces,
760 4777 815 4861 qui
840 4783 957 4861 regant
979 4777 1135 4861 populum
1159 4775 1304 4858 Domini,
1329 4775 1482 4861 quoniam
1512 4777 1545 4839 iu
1575 4776 1681 4840 studio
1714 4777 1830 4841 eruditi
1863 4783 2069 4840 assumuntur
2100 4776 2141 4840 ad

322 4885 466 4969 regimen
490 4885 689 4966 animarum,
713 4905 778 4948 uon
810 4884 914 4947 solum
947 4883 1070 4948 debetis
1101 4905 1121 4946 a
1149 4884 1333 4948 scholarum
1362 4884 1603 4969 gravammibus
1635 4884 1876 4969 conquiescere,
1901 4905 2012 4948 rerum
2044 4884 2142 4947 ctiam

322 4993 394 5056 illos
418 4991 594 5056 honoribus
618 4991 806 5077 prevenire,
831 4991 1051 5073 attendentes,
1083 4991 1170 5076 quod
1194 4991 1255 5076 ipsi
1286 4991 1427 5075 gratuito
1458 4991 1497 5054 ad
1530 4991 1723 5055 studendum
1756 4998 1897 5055 vestram
1926 4990 2143 5076 preelegerint

322 5099 503 5182 civitatem,
529 5119 590 5184 que
616 5119 689 5162 cum
711 5099 800 5184 prius
825 5105 909 5162 esset
930 5098 1069 5180 humilis,
1094 5119 1152 5183 per
1176 5119 1230 5162 eos
1254 5098 1373 5162 ibidem
1398 5099 1602 5182 congregatis
1626 5097 1746 5163 divitiis
1770 5098 1837 5162 lere
1861 5118 2069 5184 supergressa
2092 5103 2141 5162 est

322 5207 469 5271 civitates
491 5205 656 5292 provincie
680 5206 857 5269 universas.
881 5204 1004 5268 Verum
1029 5227 1085 5270 ros
1110 5206 1151 5269 ad
1177 5206 1254 5288 hec,
1279 5206 1361 5270 sicut
1385 5212 1542 5292 exparte
1566 5205 1794 5270 Universitatis
1818 5206 1960 5290 ipsorum
1984 5204 2045 5268 luit
2068 5226 2142 5290 pre·

322 5313 462 5399 positum
484 5312 735 5394 coraleobis,
759 5312 902 5376 debitum
933 5333 998 5376 non
1029 5311 1186 5376 habentes
1214 5318 1413 5398 respectum,
1438 5312 1578 5397 gratiam
1602 5311 1743 5397 ipsorum
1766 5312 1799 5375 in
1823 5311 1967 5375 debiturn
1989 5317 2022 5374 et
2044 5311 2141 5375 liber·

321 5427 422 5484 tatem
446 5420 478 5483 in
503 5419 691 5484 servitutem
715 5419 894 5490 molientes.
918 5419 1071 5484 reducere
1096 5419 1267 5502 statuistis,
1288 5426 1324 5483 ut
1347 5420 1374 5482 si
1398 5420 1469 5505 quis
1494 5418 1642 5482 inventus
1663 5418 1759 5483 fuerit
1784 5425 1940 5483 secretam
1961 5419 2143 5505 pactionem

322 5527 375 5591 rel
399 5527 671 5612 conspirationem
691 5548 749 5612 pro
773 5526 885 5590 studio
910 5548 929 5589 a
953 5526 1084 5590 ciuitate
1108 5526 1298 5590 bononiensi
1318 5527 1359 5590 ad
1382 5527 1487 5591 locum
1512 5526 1612 5590 alium
1635 5525 1858 5591 transferendo
1883 5526 1999 5608 facere,
2020 5527 2073 5590 vel
2096 5525 2142 5590 le·

323 5634 415 5716 cisse,
433 5642 465 5698 et
489 5635 516 5697 si
541 5633 696 5698 scholaris
714 5633 883 5719 quispiam,
901 5634 953 5698 vel
970 5633 1052 5698 alius
1079 5655 1272 5719 quemquam
1297 5633 1476 5699 scholarem
1502 5632 1689 5697 astrinxerit
1709 5633 1804 5697 modo
1822 5633 1975 5719 quolibet,
1992 5654 2055 5718 quo
2071 5653 2143 5719 pre·

323 5742 429 5827 cipere
453 5741 554 5827 possit
578 5741 618 5824 el,
635 5747 670 5804 ut
695 5761 793 5804 causa
816 5741 914 5804 studii
937 5741 1084 5805 eamdem
1107 5748 1203 5804 exeat
1223 5741 1397 5824 civitatem,
1414 5748 1570 5827 perpetuo
1594 5740 1777 5823 banniatur,
1795 5747 1827 5804 et
1844 5741 1950 5804 omnia
1970 5740 2056 5804 bona
2072 5741 2142 5825 ejus

323 5869 385 5933 que
409 5848 572 5930 BonouIc,
593 5848 646 5912 vel
670 5847 703 5911 in
727 5848 797 5931 ejus
821 5847 966 5912 districtu
992 5848 1159 5932 habuerIt,
1176 5848 1390 5934 publicentur,
1408 5855 1440 5912 et
1463 5870 1574 5912 eorum
1598 5849 1758 5913 tribuatur
1782 5847 1936 5911 medietas
1960 5847 2141 5911 accusantis

322 5962 470 6040 preterea
494 5955 691 6036 societatem,
705 5955 757 6018 rel
774 5963 924 6037 rectores,
943 5956 1106 6019 scholares
1122 5977 1186 6020 non
1210 5957 1439 6041 permittantur
1462 5956 1593 6038 habere,
1611 5956 1672 6018 nisi
1695 5956 1756 6019 hoc
1780 5955 1955 6040 capitulum
1980 5954 2012 6017 in
2032 5974 2143 6017 eorum

404 6346 443 6411 (1)
464 6344 505 6396 Ex
525 6345 621 6398 eodem
634 6345 770 6414 Registro,
784 6345 879 6396 eodem
893 6361 963 6396 anno
976 6343 1109 6396 XXVIII.
1118 6345 1198 6413 junii.
1343 6349 1381 6412 (3)
1401 6346 1443 6396 Ex
1462 6345 1566 6415 Regist.
1586 6346 1622 6398 ll.
1644 6346 1755 6397 IIonorii
1779 6345 1846 6409 Ill„
1867 6363 1910 6414 ep.
1930 6349 1994 6412 728,
2016 6347 2061 6398 iol.
2085 6348 2142 6398 179.

405 6435 444 6500 (2)
465 6433 534 6487 Vide
554 6434 627 6486 infra
647 6434 673 6484 in
696 6433 820 6500 Excepi.
840 6433 936 6484 Stulni.
955 6433 1019 6500 Pop.
1038 6432 1140 6486 Bonon.
