5492 7750
358 1399 360 1404 ι
427 1298 580 1453 os
639 1295 1059 1461 raons
1114 1211 2083 1469 oreaoynrnccro.

451 2593 481 2666 Ι.
512 2595 684 2667 Veterum
713 2605 1021 2668 monumentorum
1048 2597 1197 2692 seriem,
1227 2621 1333 2693 quam
1369 2621 1452 2669 mcx
1486 2596 1604 2669 daturi
1632 2620 1773 2692 eumue,
1803 2596 1922 2694 aliqua
1950 2599 1993 2671 de
2022 2599 2160 2673 Thema

233 2797 236 2804 ,
344 2719 612 2818 Diplovataccio
642 2722 832 2818 praecedat
860 2721 1051 2816 inquisitio,
1073 2722 1248 2811 Quoniam
1276 2722 1370 2794 enim
1398 2721 1612 2796 clarissimus
1643 2721 1779 2794 Sartius
1804 2747 1845 2796 eo
1866 2722 2054 2820 plurimum
2075 2750 2160 2798 usus

345 2852 399 2917 est
426 2845 462 2916 in
489 2844 707 2919 illustrandis
735 2846 890 2942 antiquis
917 2845 986 2918 illis
1010 2821 1101 2942 juiis
1131 2846 1408 2943 professoribus,
1440 2846 1499 2942 qui
1527 2847 1564 2918 in
1591 2845 1720 2920 scholis
1748 2847 1878 2920 nostris
1907 2848 2051 2943 egregia
2080 2874 2160 2922 cum

345 2969 449 3044 laude
476 2971 683 3067 floruerunt,
704 2996 847 3045 necesse
876 2971 1030 3045 arbitror
1058 2971 1101 3044 de
1129 2971 1196 3045 hoc
1224 2971 1430 3044 clarissimo
1447 2972 1523 3044 viro
1552 2971 1684 3068 aliquid
1713 2973 1901 3068 attingere,
1923 2973 2017 3069 quod
2036 2998 2160 3046 verum

345 3095 391 3166 sit
418 3103 525 3192 atque
552 3122 574 3169 a
601 3096 730 3169 sabulis
758 3095 863 3192 longo
892 3097 1000 3170 distet
1026 3096 1225 3171 intervallo.

450 3220 499 3295 II.
529 3221 584 3294 De
611 3221 878 3319 Diplovataecio
902 3221 1005 3319 plura
1025 3222 1165 3319 scripsit
1184 3223 1433 3320 Papadopolus
1452 3223 1488 3295 in
1508 3249 1572 3297 sua
1595 3224 1785 3321 Gyaraasii
1806 3223 1974 3297 Patavini
1995 3223 2158 3296 Historia

344 3347 393 3438 (t.
414 3347 481 3442 IL,
502 3372 583 3444 pag.
606 3348 692 3442 43),
714 3347 841 3442 quibus
869 3346 986 3420 litavit
1015 3347 1142 3420 deinde
1171 3347 1380 3420 immortalis
1409 3349 1589 3422 Fabritius
1618 3348 1836 3422 Bibliotheca
1867 3349 2008 3421 Mediae
2035 3357 2066 3422 ei
2097 3349 2159 3421 la-

341 3471 447 3564 firaae
475 3471 697 3546 Latinitatis
726 3472 795 3545 Sed
823 3497 844 3544 a
872 3472 987 3569 capite
1007 3473 1053 3545 ad
1072 3471 1204 3554 calcem
1224 3472 1363 3545 fabulas
1383 3473 1583 3546 vendidisse
1603 3474 1871 3572 Papadopolum
1891 3475 2027 3547 monuit
2045 3498 2159 3572 nuper

341 3595 555 3670 clarissimus
574 3596 737 3694 idemque
753 3597 976 3670 doctissimus
995 3597 1178 3669 Hannibal
1194 3596 1382 3694 Oliverius,
1399 3597 1627 3695 pisaurensis,
1644 3598 1755 3672 literis
1771 3600 1816 3671 ad
1832 3623 1888 3671 me
1904 3599 1996 3672 datis
2012 3599 2156 3671 XVIII.

342 3721 512 3796 kalendas
540 3723 694 3796 octobris
722 3721 827 3819 hujus
855 3722 939 3795 anni
965 3721 1223 3794 MDCCLXX.
1255 3723 1375 3795 Habet
1403 3723 1479 3820 ipse
1507 3723 1607 3797 binos
1641 3724 1796 3819 codices,
1828 3725 1954 3820 quibus
1987 3723 2159 3821 Diplova-

342 3847 446 3920 taccii
473 3855 576 3943 gesta
603 3847 847 3944 continentur,
877 3855 913 3919 et
941 3845 1032 3919 alter
1067 3847 1209 3944 quidem
1247 3847 1392 3920 exhibet
1432 3848 1508 3945 ejus
1546 3849 1656 3921 vitam
1694 3858 1839 3922 auctare
1879 3873 2067 3946 anonymo,
2097 3848 2160 3920 sed

343 3972 554 4067 synchrono,
572 3997 679 4069 quam
696 3972 733 4044 in
752 3971 1000 4069 compendium
1018 3972 1155 4067 redegit
1175 3971 1416 4069 Hieronymus
1431 3973 1607 4068 Arditius,
1624 3973 1751 4048 nobilis
1767 3973 1994 4071 pisaurensis,
2006 3997 2159 4046 coaevus
2205 4021 2208 4026 ‚

342 4097 480 4194 etipse
508 4096 788 4195 Diplovataccio.
819 4096 923 4170 Alter
949 4121 1034 4171 vero
1067 4097 1182 4170 codex
1214 4096 1323 4170 habet
1357 4098 1544 4172 authorem
1571 4099 1747 4172 ioannem
1779 4099 2004 4171 Matthaeum
2031 4098 2157 4194 Pigna,

342 4222 604 4320 pisaurensem,
635 4223 695 4320 qui
731 4224 902 4318 sauguine
942 4223 1152 4319 conjunctus
1180 4224 1278 4318 genti
1316 4221 1668 4320 Diplovataeciaelli,
1707 4223 1810 4297 saeile
1839 4224 1980 4320 quidem
2013 4247 2159 4296 noscere

344 4349 459 4446 potuit
484 4349 654 4446 quidquid
673 4349 719 4422 ad
738 4349 913 4422 Thomam
931 4355 1093 4422 nostrum
1112 4329 1308 4446 spectabat.
1331 4348 1456 4422 Tantis
1477 4349 1585 4444 igitur
1603 4349 1658 4422 his
1677 4350 1826 4423 testibus
1846 4349 1971 4421 nititur
1990 4349 2160 4445 quidquid

343 4475 386 4548 de
414 4473 683 4572 Diplovataecio
711 4483 832 4548 nostro
861 4473 1078 4571 subjicimus.

447 4599 516 4673 III.
547 4599 725 4697 Corcyrae
744 4607 850 4672 natus
870 4606 926 4672 est
943 4623 1036 4672 anno
1064 4597 1406 4674 MCCCCLXVIII.
1428 4625 1474 4673 ex
1499 4599 1654 4696 Georgia
1682 4600 1951 4698 Diplovataccio
1980 4608 2016 4673 et
2044 4599 2160 4672 Maria

343 4723 552 4798 Lascarilli.
573 4725 633 4798 Ad
660 4724 855 4820 Georgium
885 4732 1024 4821 patrem
1048 4732 1210 4821 spectant
1230 4725 1299 4798 duo
1320 4734 1443 4799 vetera
1462 4735 1702 4822 monumenta,
1724 4751 1815 4823 quae
1835 4726 1931 4798 baud
1951 4724 2074 4798 inutile
2094 4725 2160 4798 erit

344 4850 514 4948 prolerre.
535 4851 702 4924 Alterum
728 4851 869 4946 quidem
898 4856 952 4924 est
980 4849 1153 4922 Ludoviei
1182 4850 1370 4924 cardinalis
1397 4851 1623 4948 patriarchae
1651 4850 1894 4947 aquilejensis,
1916 4851 1975 4946 qui
2005 4849 2159 4944 Georgia

343 4977 412 5049 iter
438 4975 669 5073 longinquum
697 4985 905 5074 suscepturo
934 4975 999 5048 has
1027 4998 1091 5071 pro
1121 4982 1321 5048 commeatu
1349 4975 1470 5050 literas
1500 4977 1608 5050 dedit.

422 5207 596 5272 erdooieas
618 5207 826 5271 misericordia
849 5207 955 5270 diuina
977 5207 1061 5270 titali
1082 5226 1106 5270 s.
1132 5203 1298 5270 laurentii
1320 5209 1354 5270 ia
1376 5205 1514 5271 Damaso
1539 5205 1571 5270 S.
1589 5206 1629 5270 R.
1648 5206 1687 5270 Ε.
1706 5205 1860 5270 Presbiter
1885 5204 2083 5287 Cardirraiis,

513 5324 540 5381 et
563 5315 747 5380 Patriarcba
770 5315 994 5400 Aqaiiepieasis
1016 5315 1133 5378 doraiai
1157 5313 1261 5398 Papae
1286 5313 1486 5380 Caraerarias
1509 5323 1536 5379 et
1559 5315 1749 5399 Apostolieae
1774 5312 1861 5376 Sedis
1888 5312 2001 5377 Classis

1085 5419 1220 5506 Legatos
1242 5421 1280 5486 de
1303 5421 1424 5486 Latere.

433 5617 646 5682 Universitati
669 5623 795 5681 vestrae
819 5637 877 5702 per
899 5623 1086 5703 praesentes
1109 5617 1220 5681 literas
1248 5617 1492 5681 manifestamus
1523 5623 1556 5680 et
1587 5623 1699 5681 notum
1729 5617 1881 5698 iacimus,
1907 5616 1993 5701 quod
2024 5615 2159 5680 dilectus

345 5725 378 5788 in
402 5724 529 5790 Christo
552 5725 669 5789 nobilis
685 5723 833 5789 dominus
855 5723 1015 5808 Georgius
1030 5723 1294 5810 Diplovataecius
1310 5724 1350 5788 de
1367 5724 1646 5811 Constantinopoli
1662 5745 1798 5810 graecus
1815 5745 1856 5787 ex
1873 5723 2033 5809 imperiali
2049 5723 2159 5787 sobole

345 5832 472 5917 genitus
496 5833 611 5896 harum
635 5837 817 5896 nostrarum
840 5831 1013 5932 exhibitor,
1031 5837 1196 5916 tamquam
1220 5832 1269 5894 vir
1291 5831 1413 5917 probus
1437 5838 1469 5895 et
1492 5831 1595 5895 fidelis
1619 5837 1692 5917 post
1716 5831 1897 5916 captionem
1921 5830 2060 5894 civitatis
2085 5851 2161 5894 eon-

425 6136 464 6201 (1)
484 6134 604 6186 Uxorem
624 6134 739 6186 duxerat
757 6137 869 6203 neptam
888 6133 1066 6202 Apolloniae,
1084 6149 1154 6202 quae
1173 6131 1226 6184 fuit
1281 6133 1412 6185 miaaldi:
1425 6149 1439 6184 a
1452 6133 1508 6186 Iste
1523 6134 1639 6203 »inquit
1653 6151 1668 6183 a
1682 6133 1853 6186 doctissimus
1872 6134 1912 6185 vir
1931 6133 1984 6185 fuit
2003 6151 2080 6187 meus
2099 6151 2161 6204 pro-

345 6225 465 6278 secunda
489 6223 609 6275 Thomas
633 6222 833 6292 Diplovataccii
856 6237 933 6288 uxor,
952 6225 980 6274 et
1003 6225 1146 6291 praeterea
1170 6222 1225 6274 Lu·
1280 6226 1368 6274 mator
1387 6227 1414 6275 et
1434 6221 1467 6274 ab
1486 6221 1545 6292 lpso
1565 6222 1605 6274 fui
1629 6225 1820 6291 praesentatur
1840 6225 1867 6275 et
1886 6223 1985 6275 mirum
2004 6224 2032 6274 in
2051 6224 2161 6276 modum

345 6315 456 6368 clettam
470 6313 554 6364 liliam
567 6312 750 6364 collocaverat
763 6311 874 6365 Valerio
888 6312 1048 6376 Alexandri,
1062 6312 1108 6381 qui
1122 6311 1226 6364 Thomu
1280 6312 1428 6364 honoratus
1456 6313 1485 6364 in
1512 6311 1695 6365 famosissima
1721 6313 1832 6364 civilatc
1861 6312 2031 6389 ferrariensi,
2051 6313 2079 6364 in
2107 6329 2162 6382 qua

346 6407 373 6457 et
391 6402 539 6472 Apollonia
558 6402 667 6470 genitus
686 6401 785 6453 lueret.
1283 6402 1316 6453 ad
1346 6401 1506 6471 dignitatem
1535 6403 1690 6455 doctoratus
1716 6406 1871 6471 assumptus
1896 6402 1937 6454 fui
1961 6417 2032 6453 anno
2051 6401 2161 6453 Domini

425 6495 464 6558 (2)
483 6491 706 6561 Diplovataccius
725 6491 784 6560 ipse
804 6492 831 6543 in
849 6491 910 6544 Vita
923 6491 1043 6544 Joanm's
1057 6491 1166 6543 Mariae
1180 6491 1228 6542 lti-
1283 6490 1573 6558 nosocomus,
1592 6508 1664 6543 anno
1683 6493 1781 6544 aetatis
1801 6508 1878 6544 meae
1898 6490 1989 6542 XXII.
2005 6509 2028 6542 s.

424 6631 493 6669 rou.
513 6631 546 6668 11.
2067 6621 2078 6668 l
