5490 7750
781 679 1014 730 eescrxxrm
1042 681 1092 730 nn
1121 680 1376 732 eaossssonas
1405 681 1510 732 eume
1538 680 1715 732 csrvomcr
2079 665 2153 737 163

340 837 372 894 et
394 832 555 897 modicam
577 833 712 918 hebeat,
735 856 793 899 vos
818 835 847 898 ei
872 834 904 898 in
928 834 1046 900 scholis
1067 835 1135 920 jam
1159 856 1217 922 per
1238 835 1410 900 triennium
1435 843 1466 900 et
1489 858 1528 900 eo
1552 837 1690 922 amplius
1714 838 1942 922 commoranti,
1965 845 2092 925 partem
2115 840 2154 904 de

339 940 531 1023 eommunia,
556 962 618 1026 que
642 962 744 1027 parva
767 942 894 1026 dicitur,
911 942 992 1006 duas
1016 943 1138 1006 scilicet
1161 963 1286 1006 marcas
1311 949 1343 1007 et
1366 943 1532 1007 dimidium
1557 943 1727 1008 adruinus
1752 945 1844 1009 annis
1867 945 2003 1029 singulis
2027 947 2154 1012 subtra-

338 1046 442 1129 xistis,
459 1067 518 1112 nec
541 1047 645 1134 ipsam
668 1049 699 1112 ei
722 1049 830 1137 sepius
853 1071 912 1135 per
935 1049 1027 1114 illum
1050 1057 1083 1114 et
1107 1051 1225 1115 arnicos
1249 1072 1324 1115 suos
1348 1051 1465 1116 exinde
1489 1051 1644 1136 requisiti,
1661 1050 1796 1116 reddere
1820 1053 1982 1136 voluistis;
2006 1054 2081 1118 licet
2096 1076 2155 1119 vos

338 1152 401 1238 ipsi
424 1153 557 1218 obtentu
581 1154 782 1220 discretionis
807 1163 839 1220 et
862 1156 1040 1221 honestatis
1063 1179 1120 1221 sne
1144 1157 1184 1220 de
1208 1164 1326 1240 vestro,
1342 1157 1461 1222 nedum
1485 1157 1524 1222 ds
1546 1180 1614 1239 suo,
1632 1157 1792 1223 deberetis
1812 1160 1953 1224 maxime
1969 1160 2046 1225 dnm
2061 1162 2153 1226 scho-

339 1260 459 1326 lasticis
484 1261 661 1349 disciplinis
685 1263 832 1346 intendit,
849 1284 908 1328 nec
932 1264 1068 1328 multum
1093 1263 1245 1347 abundet,
1262 1286 1327 1329 non
1350 1265 1449 1328 semel
1466 1264 1523 1328 sed
1539 1266 1646 1351 sepius
1664 1265 1840 1330 liberaliter
1860 1268 2051 1350 contulisse3
2069 1269 2154 1333 unde

338 1370 490 1454 quoniam
514 1369 689 1435 commodis
713 1377 746 1435 et
768 1371 974 1436 incrementis
990 1372 1061 1456 ejus
1077 1379 1167 1436 tanto
1184 1371 1375 1458 propensius
1392 1373 1550 1454 volumus,
1567 1372 1650 1436 sicut
1665 1378 1822 1456 tenemur,
1839 1374 2015 1458 intendere,
2034 1383 2154 1461 quanto

337 1475 392 1540 ille
416 1475 582 1540 literarum
607 1477 721 1541 studiis
746 1484 779 1541 et
801 1478 882 1542 alios
907 1478 992 1541 ultra
1015 1479 1100 1542 vires
1124 1486 1157 1542 et
1180 1478 1351 1544 facultates
1375 1500 1450 1542 suas
1473 1478 1617 1542 noscitur
1640 1477 1816 1544 ferventius
1843 1481 2004 1566 aspirare3
2026 1482 2154 1546 univer·

338 1583 427 1647 sitati
448 1591 554 1647 vestre
579 1605 638 1670 per
656 1585 839 1670 xapostolica
862 1585 982 1671 scripta
1006 1585 1195 1649 mandemus
1221 1592 1317 1671 atque
1340 1586 1552 1672 precipimus,
1578 1592 1736 1672 quatenus
1760 1609 1799 1650 ea
1822 1609 1884 1673 que
1912 1595 2088 1654 memorato
2112 1587 2154 1654 D.

339 1690 378 1755 de
401 1691 581 1778 prescripta
605 1693 798 1775 communia,
822 1714 864 1756 ex
888 1715 951 1778 qno
973 1693 1035 1756 hac
1059 1693 1199 1756 secunda
1223 1694 1292 1758 vice
1315 1694 1462 1758 Bononia
1487 1693 1686 1758 scholasticis
1710 1693 1887 1780 disciplinis
1911 1696 2057 1779 intendit,
2079 1698 2154 1761 snb·

337 1798 476 1862 traxisse
500 1798 678 1882 noscimini,
703 1799 818 1882 eidem,
843 1800 896 1864 vel
920 1799 977 1884 alij
1000 1800 1129 1864 nomine
1154 1822 1222 1883 suo,
1248 1801 1299 1864 cui
1322 1800 1390 1886 ipse
1414 1801 1626 1883 mandaverit,
1652 1802 1738 1864 omni
1761 1823 1866 1884 mora,
1891 1805 2099 1868 excusatione
2123 1812 2155 1868 et

338 1904 558 1991 appellatione
591 1911 755 1989 cessante,
780 1907 940 1990 reddatis3
965 1913 997 1971 et
1029 1907 1114 1992 quod
1145 1929 1217 1971 cunr
1249 1907 1288 1972 de
1319 1915 1425 1972 cetero
1457 1909 1639 1992 continget,
1663 1908 1739 1994 ipsi,
1764 1908 1816 1972 vel
1839 1910 1895 1995 alij
1926 1911 2054 1974 nomine
2086 1932 2155 1994 suo,

338 2013 460 2098 absque
484 2012 697 2078 diminutione
720 2013 865 2096 solvatis,
882 2021 914 2078 et
938 2014 983 2079 ita
1007 2014 1125 2079 nostris
1150 2015 1182 2078 in
1206 2015 1266 2079 hac
1290 2021 1382 2100 parte
1405 2014 1565 2078 mandatis
1590 2023 1687 2100 etque
1707 2017 1866 2101 preceptis
1884 2016 2009 2081 deferre
2026 2019 2154 2101 curctis,

337 2119 424 2204 quod
447 2118 619 2184 adversum
643 2142 700 2185 vos
725 2143 790 2186 non
814 2121 987 2186 debeamus
1012 2123 1127 2187 rnerito
1159 2123 1373 2206 commoveri,
1398 2144 1457 2187 nec
1487 2129 1619 2209 propter
1648 2124 1710 2188 hoc
1740 2123 1991 2190 inobedientiam
2014 2133 2155 2190 vestram

337 2227 462 2313 punire,
486 2227 543 2292 sed
567 2229 674 2313 potins
698 2228 916 2294 obedientiam
939 2229 1173 2294 commendare.
1200 2230 1353 2313 sienim,
1378 2230 1460 2294 sicut
1484 2231 1658 2316 aliquando
1682 2231 1907 2315 consuevistis,
1932 2233 2024 2298 nobis
2049 2234 2081 2298 in
2104 2235 2154 2298 his

337 2336 597 2422 presumpseritis
621 2336 764 2420 obviare,
789 2358 847 2423 pro
872 2343 958 2401 certo
984 2338 1091 2402 sciatis
1116 2338 1201 2423 quod
1225 2359 1283 2402 nos
1307 2337 1338 2402 id
1363 2338 1576 2403 incorrectum
1599 2346 1632 2402 et
1652 2339 1844 2424 impunitum
1861 2340 2044 2404 nullatenus
2062 2343 2154 2406 omit·

337 2449 451 2525 temus,
477 2464 549 2506 cum
572 2444 664 2508 vobis
688 2466 747 2530 pro
779 2452 870 2508 tanta
902 2444 1040 2508 honesta
1072 2465 1170 2510 cansa
1202 2453 1234 2509 et
1264 2467 1323 2531 pro
1354 2446 1423 2510 viro
1456 2453 1522 2509 tam
1553 2445 1668 2510 idoneo
1701 2448 1820 2532 scripta
1851 2454 1960 2512 nostra
1991 2449 2155 2513 mittamus

1216 2766 1275 2832 VI.

1139 2980 1236 3044 Aristo
1261 2981 1357 3044 1163.

897 3193 951 3258 Ex
974 3193 1088 3258 eodem
1113 3200 1210 3278 tomo,
1236 3195 1295 3260 doc
1319 3196 1383 3280 IL,
1408 3219 1434 3262 c.
1458 3196 1545 3262 XIII
1569 3220 1594 3262 r.

423 3407 614 3473 Alexander
635 3429 722 3495 papa
745 3407 809 3472 III.
823 3407 862 3474 (1)
887 3409 1004 3472 illustri
1028 3409 1210 3494 Anglorum
1233 3411 1314 3494 regi.

426 3515 517 3580 Inter
541 3523 665 3580 ceteros
693 3515 932 3601 magnificentie
964 3520 1018 3580 tue
1050 3517 1184 3582 nuncios
1216 3518 1270 3602 qui
1302 3518 1343 3581 ad
1370 3525 1514 3583 nostram
1544 3519 1740 3605 presentiam
1771 3525 1992 3601 accesserunt,
2018 3519 2154 3584 dilectus

335 3623 421 3687 filius
444 3629 554 3688 noster
578 3622 732 3707 magister
753 3621 795 3686 D.
820 3623 1020 3687 scholasticis
1044 3622 1222 3709 disciplinis
1246 3631 1278 3690 et
1301 3624 1425 3708 studiis,
1451 3626 1567 3712 quihus
1590 3625 1736 3690 Bononia
1759 3626 1914 3708 vacabat,
1939 3626 2074 3709 relictis,
2098 3646 2154 3689 no·

336 3738 403 3795 stro
427 3752 461 3795 se
486 3730 672 3817 conspectui
702 3731 912 3816 presentavit.
936 3730 979 3795 Et
1010 3731 1052 3794 sd
1082 3731 1301 3817 promovenda
1325 3734 1456 3819 negotia
1480 3740 1536 3797 tua
1567 3733 1649 3798 siout
1679 3733 1729 3798 vir
1756 3733 1921 3816 literatus,
1944 3733 2098 3821 providus
2122 3740 2154 3797 et

337 3839 511 3921 discretus,
536 3838 678 3902 studium
702 3844 735 3902 et
758 3859 890 3925 operam
914 3845 1068 3924 quantam
1091 3841 1195 3925 potuit
1219 3840 1372 3904 adhihere
1396 3842 1539 3924 curavit,
1564 3849 1596 3905 et
1619 3863 1653 3906 se
1677 3841 1868 3905 excellentie
1893 3847 1946 3905 tue
1969 3841 2098 3906 fidelem
2121 3841 2154 3904 in

337 3946 485 4010 omnibus
508 3952 540 4010 et
563 3945 716 4010 devotum
739 3946 878 4010 existere
903 3947 998 4010 certis
1019 3947 1149 4030 judiciis
1174 3948 1405 4033 comprobavit.
1429 3949 1496 4012 Nos
1520 3955 1646 4032 autem,
1672 3949 1727 4034 qui
1757 3949 1834 4012 viris
1865 3949 2091 4013 ecclesiasticis
2122 3956 2155 4013 et

336 4054 400 4117 illis
423 4053 582 4135 maxime,
607 4052 663 4138 qui
694 4053 778 4116 inter
809 4060 932 4117 ceteros
964 4053 1149 4137 literatura,
1173 4054 1342 4120 honestate
1366 4063 1398 4120 et
1421 4056 1612 4122 discretione
1636 4057 1838 4144 prefulgent,
1864 4078 1905 4120 ex
1930 4055 2031 4120 nostri
2059 4056 2154 4120 officii

337 4161 445 4226 debito
470 4160 642 4224 subvenire
666 4159 831 4243 debemus,
849 4167 881 4225 et
904 4183 1015 4226 corum
1040 4161 1214 4226 commodis
1235 4183 1312 4226 cura
1328 4164 1529 4249 propensiori
1546 4163 1723 4247 intendere,
1737 4166 1807 4248 jam
1823 4163 1900 4227 dicti
1915 4163 1957 4227 D.
1974 4163 2152 4246 scientiam,

337 4274 516 4354 egestatem
538 4272 570 4331 et
594 4267 800 4352 prudentiam
823 4266 865 4331 ad
889 4269 1031 4332 animum
1055 4270 1191 4334 sollicite
1216 4277 1415 4354 revocantes,
1433 4271 1537 4357 ipsum
1558 4272 1774 4336 munificentie
1795 4279 1849 4337 tue
1866 4271 2016 4334 duximus
2032 4271 2153 4334 studio·

336 4377 402 4440 sius
427 4374 727 4440 commendandum.
752 4374 845 4440 Licet
868 4376 954 4440 enim
977 4397 1035 4440 nos
1059 4398 1117 4462 pro
1142 4398 1179 4441 eo
1205 4385 1261 4442 tun
1285 4379 1455 4442 clementia
1479 4379 1653 4443 sollicitare
1677 4379 1825 4460 deberet,
1850 4380 1926 4464 quia
1949 4386 2058 4442 tamen
2080 4399 2153 4463 per·

336 4505 449 4549 sonam
484 4483 573 4567 ejus,
598 4488 717 4546 statum
749 4503 876 4568 quoque
911 4490 943 4547 et
975 4482 1163 4548 facultatem
1194 4485 1295 4571 ipsius
1326 4486 1453 4572 plenius
1476 4487 1641 4569 novimus,
1666 4494 1755 4550 tuam
1778 4508 1836 4572 pro
1860 4508 1898 4550 eo
1922 4486 2153 4550 sublimitatem

338 4591 454 4656 nostris
477 4590 626 4676 precibus
651 4589 867 4674 prevenimus.
893 4589 988 4654 Unde
1012 4592 1164 4677 quoniam
1190 4593 1222 4656 in
1246 4615 1346 4678 regno
1370 4601 1440 4675 tuo,
1466 4593 1505 4658 de
1529 4615 1591 4679 quo
1616 4595 1724 4659 extitit
1747 4594 1919 4676 oriundus,
1944 4594 2061 4657 natalis
2093 4593 2154 4656 soli

337 4698 505 4763 dulcedine
530 4704 654 4783 captus,
679 4697 786 4785 potius
810 4720 907 4784 quam
931 4699 964 4763 in
989 4708 1102 4764 extera
1126 4701 1257 4786 regione
1282 4701 1444 4765 desiderat
1474 4723 1682 4788 permanere,
1707 4724 1765 4767 nos
1789 4702 1836 4765 illi
1861 4703 1893 4765 in
1916 4700 2029 4766 eodem
2053 4721 2153 4785 regno

337 4805 519 4870 curavimus
542 4804 726 4890 providere.
751 4804 927 4870 Credentes
951 4807 1110 4892 siquidem
1134 4815 1166 4871 et
1190 4815 1356 4893 sperantes
1381 4808 1466 4894 quod
1497 4809 1713 4874 munificentie
1737 4817 1791 4874 tue
1815 4831 1879 4874 non
1903 4789 2153 4894 debeat-displi-

339 4934 430 4996 cere,
455 4913 483 4977 si
506 4913 577 4996 ejus
601 4912 786 4976 necessitati
808 4934 866 5000 pro
891 4914 1051 4978 commissi
1075 4914 1167 4979 nobis
1191 4915 1360 5000 ministerij
1387 4917 1578 4981 auctoritate
1609 4917 1858 5003 proxpeximus,
1883 4916 1987 4980 eidem
2018 4916 2155 5001 primam

338 5019 547 5107 prebendam,
565 5039 662 5105 quam
685 5019 719 5082 in
741 5019 889 5085 Ecclesia
912 5020 1114 5086 lincolniensi
1131 5043 1247 5086 vacere
1264 5023 1445 5108 contigerit,
1462 5024 1517 5109 pia
1533 5024 1724 5088 discretione
1741 5024 1966 5106 concessimus,
1983 5022 2153 5108 presertim

339 5149 411 5193 curn
435 5148 508 5190 sum
533 5147 596 5190 uon
620 5126 725 5190 solum
749 5128 940 5192 canonicatu
963 5128 1020 5192 sed
1044 5135 1077 5193 et
1100 5130 1287 5216 episcopatu
1310 5128 1444 5213 dignum
1467 5152 1537 5195 esse
1566 5131 1751 5213 credamus,
1776 5139 1807 5194 et
1831 5131 1872 5194 ad
1895 5131 1973 5213 hec,
1998 5136 2154 5216 quantum

339 5256 397 5299 nos
421 5233 693 5320 comprehendere
717 5235 889 5319 potuimus,
906 5235 1057 5299 idoneum
1078 5236 1270 5320 judicemus.
1292 5237 1371 5301 Cum
1396 5238 1482 5302 enim
1504 5237 1652 5302 Ecclesia
1672 5240 1742 5322 jam
1766 5238 2005 5324 dictaproprIo
2028 5238 2154 5302 sithoc

339 5350 483 5428 tempore
508 5341 662 5406 destituta
685 5349 834 5428 pastore,
855 5343 952 5428 juxta
975 5344 1078 5408 nostri
1111 5345 1205 5409 officii
1229 5347 1454 5411 auctoritatem
1477 5347 1564 5411 vices
1588 5347 1730 5433 episcopi
1754 5346 1787 5410 in
1810 5367 1859 5429 ea,
1879 5347 1920 5410 de
1943 5347 2034 5431 regia
2057 5347 2154 5410 devo·

338 5450 425 5515 tione
442 5470 480 5513 ac
496 5449 680 5513 sinceritate
697 5449 818 5533 confisi,
836 5451 1066 5536 supplevimus,
1084 5457 1116 5515 et
1131 5460 1344 5517 memoratum
1367 5454 1409 5518 D.
1426 5454 1465 5517 de
1485 5455 1589 5540 prima
1604 5453 1780 5540 prebenda,
1797 5474 1859 5539 que
1880 5453 1999 5517 ibidem
2014 5454 2153 5538 vacabit,

339 5557 529 5622 canonicum
552 5556 748 5621 instituimus
771 5578 811 5621 ne
834 5557 928 5641 forte,
954 5558 1063 5644 aliquo
1087 5580 1163 5624 casu
1187 5559 1432 5644 interveniente,
1449 5569 1557 5626 nostre
1577 5561 1769 5647 provisionis
1785 5561 1994 5647 impediretur
2010 5561 2153 5646 effectus,

339 5670 371 5728 et
394 5664 480 5728 idem
503 5663 685 5728 desiderato
709 5665 814 5750 gratie
838 5671 893 5730 tue
920 5687 1053 5731 munere
1084 5668 1304 5733 frustraretur.
1328 5668 1382 5732 Ad
1413 5669 1502 5754 regie
1533 5669 1691 5754 siquidem
1722 5669 1960 5754 magnificentie
1990 5670 2154 5733 cumulum

339 5793 404 5836 non
427 5779 476 5835 est
499 5770 633 5834 dubium
655 5772 818 5858 pertinere
842 5773 929 5838 viros
953 5774 1122 5838 literatura
1145 5782 1178 5840 et
1200 5776 1369 5840 honestate
1392 5777 1589 5863 perspicuos,
1609 5783 1641 5840 et
1668 5798 1723 5841 eos
1747 5776 1887 5840 maxime
1912 5776 1966 5862 qui
1989 5776 2029 5840 de
2054 5798 2153 5862 regno

339 5885 394 5943 tuo
418 5878 547 5942 oriundi
569 5878 722 5962 existunt,
740 5880 785 5943 ita
808 5880 972 5945 beneficiis
996 5888 1028 5946 et
1052 5882 1123 5945 aliis
1147 5883 1251 5967 gratie
1276 5883 1462 5948 muneribus
1485 5885 1635 5966 retinere,
1653 5905 1693 5947 ne
1715 5885 1917 5970 paupertatis
1937 5884 2103 5949 occasione
2120 5907 2154 5948 se

339 5986 380 6049 ad
405 5991 591 6049 exterorum
615 6007 717 6070 regna
740 5993 899 6071 cogantur
922 5989 1108 6052 transferre.
1133 5989 1214 6053 Inde
1238 5989 1397 6076 siquidem
1420 5997 1469 6055 est
1493 5991 1579 6077 quod
1602 5993 1808 6054 serenitatem
1832 5997 1921 6054 tuam
1945 6012 2003 6076 per
2026 5999 2154 6077 aposto·

339 6093 402 6157 lica
426 6093 546 6180 scripta
571 6113 733 6178 rogamus,
758 6115 924 6160 monemus
949 6103 981 6160 et
1005 6096 1214 6161 exhortamur
1237 6098 1270 6161 in
1293 6097 1452 6182 Domino,
1477 6106 1512 6162 ut
1543 6097 1629 6184 quod
1659 6119 1678 6162 a
1709 6099 1802 6163 nobis
1830 6119 1926 6183 super
1949 6099 2010 6162 hoc
2034 6099 2155 6162 factum

340 6208 399 6284 est,
417 6207 575 6286 quantum
598 6202 640 6266 ad
663 6209 753 6267 tuam
777 6201 998 6268 celsitudinem
1024 6211 1158 6290 spectat,
1175 6212 1282 6270 ratum
1304 6207 1385 6270 velis
1409 6213 1441 6270 et
1464 6207 1591 6270 firmum
1614 6206 1728 6270 haberi
1751 6212 1783 6270 et
1806 6206 1852 6269 ita
1867 6207 2050 6271 executioni
2066 6227 2155 6270 man-

339 6309 420 6392 dari,
437 6315 472 6373 ut
496 6308 581 6373 idem
604 6309 646 6374 ab
670 6309 779 6396 aliquo
803 6310 962 6376 malitiose
986 6312 1110 6376 turbari
1134 6333 1339 6398 nequaquam
1362 6315 1531 6397 sustineas,
1549 6335 1607 6378 nec
1631 6314 1798 6378 occasione
1815 6314 1997 6378 donationis
2013 6314 2065 6377 vel
2081 6336 2154 6400 pro-

419 6540 458 6607 (1)
477 6539 520 6592 Ex
538 6541 598 6594 cod.
616 6541 698 6594 vetto.
716 6559 742 6594 n.
763 6545 841 6610 6024,
862 6543 911 6596 fol.
930 6546 990 6596 152.
