5484 7746
722 657 953 708 srnonnnnln
970 658 1021 708 An
1042 658 1149 710 Peon.
1170 658 1291 732 Pffln,
1311 659 1461 710 HUMAN.
1482 658 1555 710 LIT.
1576 657 1623 708 ΕΤ
1643 657 1779 707 THEOL,

1217 1131 1280 1196 III.

1020 1446 1024 1453 .
1079 1385 1176 1467 1272,
1199 1384 1219 1447 5
1243 1383 1420 1449 novembrio.

768 1633 821 1698 Ex
845 1641 920 1699 tom.
945 1633 1108 1699 XXVIII.
1135 1633 1208 1698 Cod.
1232 1635 1307 1720 dipl.
1330 1634 1415 1698 Eccl.
1438 1633 1525 1718 bom,
1551 1657 1636 1699 num.
1661 1634 1758 1702 XL..

430 1887 650 1972 Gregorius..
666 1885 801 1970 .[x.](1›
817 1886 971 1950 fratribus
994 1885 1198 1971 Hieronijmo
1222 1885 1261 1950 de
1285 1885 1414 1969 Eleoulo,
1439 1886 1633 1972 Raymundo
1657 1887 1868 1972 Berengarij,
1893 1887 2092 1972 Bonagratic
2116 1887 2156 1952 de

340 2002 452 2060 sancto
475 1995 625 2060 Iohanne
649 1994 681 2057 in
704 1994 876 2058 Perseceto
899 2000 931 2057 et
954 1993 1183 2058 Bonaventure
1206 1994 1247 2080 de
1271 1993 1416 2078 lllngello
1440 1994 1616 2079 apostolice
1642 1993 1735 2058 Sedis
1761 1994 1894 2078 nuntijs.
2106 2063 2109 2072 Δ

431 2101 512 2166 Cum
535 2122 593 2166 vos
610 2102 651 2164 ad
668 2101 874 2186 magnificum
890 2101 995 2164 virum
1011 2100 1235 2186 Paleologum,
1252 2101 1479 2187 imperatorem
1496 2100 1674 2166 Grecornm
1690 2102 1858 2181 illustrem,
1876 2123 1947 2166 cnm
1965 2103 2081 2166 nostris
2098 2102 2157 2167 sub

341 2218 429 2274 certa
452 2210 557 2274 lorma
580 2209 696 2272 litteris
719 2209 926 2290 destinemus,
950 2209 985 2272 in
1008 2208 1124 2294 quibus
1155 2209 1238 2272 inter
1271 2215 1378 2272 cetera
1402 2209 1583 2274 continetur
1606 2216 1642 2273 ut
1665 2209 1692 2273 si
1715 2209 1811 2291 velit,
1836 2209 1878 2273 ad
1901 2210 2158 2295 prosecutionem

342 2319 470 2382 illorum
495 2317 534 2381 de
558 2317 674 2402 quibus
699 2317 731 2380 in
755 2317 876 2380 eisdem
900 2316 1015 2380 litteris
1038 2317 1155 2400 agitur,
1173 2322 1248 2378 ante
1272 2316 1425 2380 indictum
1450 2337 1470 2378 a
1494 2317 1585 2380 nobis
1609 2317 1761 2400 generale
1786 2317 1956 2381 concilium
1971 2318 2023 2382 vel
2040 2317 2072 2380 in
2089 2319 2158 2402 ipso

342 2427 476 2491 concilio
509 2426 667 2490 solemnes
698 2424 911 2511 apocrisarios
935 2424 976 2487 ad
1001 2444 1058 2488 nos
1081 2425 1202 2506 mittat,
1227 2443 1267 2486 ne
1291 2424 1400 2486 forsan
1423 2423 1509 2487 idem
1532 2424 1707 2510 imperator
1730 2445 1764 2487 se
1789 2424 1973 2508 hujusmodi
1997 2427 2158 2511 apocrisa-

342 2534 406 2598 rios
430 2533 602 2598 securitate
626 2553 689 2596 non
714 2532 826 2595 habita
849 2531 1014 2596 commode
1038 2531 1166 2594 mittere
1190 2551 1253 2594 non
1277 2551 1382 2616 posse,
1407 2538 1567 2613 causetur,
1590 2531 1683 2595 vobis
1707 2532 1865 2614 omnibus,
1890 2533 1942 2596 vel
1965 2533 2077 2614 tribus,
2102 2541 2159 2598 ant

341 2641 466 2706 duobus
490 2661 532 2704 ex
555 2640 665 2722 vobis,
690 2640 717 2703 si
740 2639 881 2724 reliquos
905 2638 1053 2724 impediri
1077 2639 1257 2722 contingat,
1282 2637 1479 2702 concedendi
1502 2638 1622 2702 eisdem
1646 2639 1850 2724 apocrisariis
1874 2641 2080 2704 securitatem
2104 2663 2158 2704 ve·

342 2748 451 2812 niendi
474 2748 515 2811 ad
540 2745 656 2810 Sedcm
680 2747 901 2832 apostolicam,
926 2745 971 2810 ibi
995 2746 1151 2828 morandi,
1176 2753 1208 2809 et
1232 2745 1348 2808 exinde
1373 2746 1414 2808 ed
1437 2747 1568 2830 propria
1592 2746 1757 2829 redeundi,
1775 2754 1870 2832 prout
1893 2747 2037 2811 videritis
2061 2769 2158 2833 expe·

341 2853 420 2937 dire,
437 2854 567 2940 plenam
590 2859 622 2917 et
645 2853 781 2917 liberam
806 2853 997 2917 auctoritate
1021 2854 1218 2938 presentium
1242 2854 1445 2916 concedimus
1469 2852 1668 2916 facultatem.
1687 2852 1866 2918 Securitate
1887 2855 2072 2939 hujusmodi
2088 2863 2159 2919 tan·

341 2961 505 3025 tnmmodo
528 2981 630 3046 usque
654 2960 697 3023 ad
719 2960 840 3025 dictum
863 2960 1035 3024 concilium
1058 2961 1223 3024 duratura.
1248 2960 1300 3023 Ex
1324 2968 1400 3024 tunc
1423 2961 1526 3042 enim,
1548 2961 1575 3023 si
1599 2961 1812 3046 apocrisarios
1836 2963 1923 3048 ipsos
1947 2963 1988 3026 ed
2012 2962 2158 3027 eamdem

343 3069 460 3134 Sedem
482 3067 593 3132 venire
617 3068 820 3152 contingerit,
846 3068 892 3131 eis
916 3089 1013 3154 super
1036 3068 1097 3132 hoc
1122 3067 1222 3132 Sedes
1245 3068 1359 3132 cadem
1384 3069 1510 3154 plenius
1534 3068 1726 3154 providebit.

430 3175 552 3239 Datum
576 3174 662 3260 apud
685 3174 953 3239 Urbemveterem
978 3175 1070 3240 nonis
1094 3175 1288 3259 novembris,
1312 3177 1516 3262 pontificatus
1542 3177 1640 3240 nostri
1666 3197 1750 3241 anno
1774 3179 1887 3264 primo.

1221 3605 1280 3669 IV.

1072 3856 1168 3938 1273,
1192 3855 1235 3919 25
1258 3855 1435 3920 nocendi-is.

780 4105 832 4170 Ex
857 4104 970 4170 eodem
994 4111 1080 4170 tomo
1107 4105 1179 4169 Coc.
1204 4107 1279 4190 dipl.
1303 4107 1386 4171 Eccl.
1411 4107 1477 4171 bort.
1490 4157 1499 4190 ,
1523 4129 1610 4171 num.
1634 4108 1724 4172 XLI.

434 4356 809 4446 Gregorius...[X.](2)
827 4357 980 4421 fratribus
1004 4355 1205 4442 Hieronymo
1235 4355 1274 4420 dc
1297 4355 1416 4421 Esculo
1440 4366 1474 4450 et
1495 4358 1694 4444 Bonagratie
1726 4359 1766 4424 de
1797 4367 1908 4426 sancto
1939 4362 2088 4427 Iohanne
2124 4365 2157 4428 in

341 4469 513 4533 Prescceto
538 4466 668 4530 Ordinis
691 4464 843 4528 Fratrum
866 4463 1038 4528 Minorum.

430 4575 574 4640 Labores
599 4580 722 4637 vestros
746 4572 887 4636 humano
910 4577 1084 4657 pensantes
1109 4569 1238 4653 affectu,
1256 4571 1298 4634 ad
1318 4593 1375 4636 vos
1399 4581 1530 4659 propter
1554 4595 1608 4638 eos
1625 4575 1726 4639 multa
1742 4577 1963 4661 compassione
1979 4600 2156 4661 movemur,

342 4684 409 4767 sed,
433 4684 510 4747 dum
532 4682 678 4746 levamus
701 4678 967 4744 considerationis
991 4679 1100 4743 oculos
1124 4679 1231 4761 altius,
1256 4687 1287 4742 et
1311 4680 1507 4744 attendimus
1531 4703 1587 4745 vos
1612 4682 1644 4744 in
1669 4681 1755 4746 illine
1778 4685 1909 4749 servitIo
1933 4683 2082 4750 laborare
2106 4687 2158 4750 cui

342 4811 517 4876 numquam
540 4791 609 4852 sine
631 4787 890 4851 remuneratIone
914 4787 1063 4868 servitur,
1087 4787 1179 4850 vobis
1210 4807 1307 4873 super
1338 4788 1400 4850 illis
1430 4809 1493 4852 non
1526 4788 1710 4853 dubitamus
1741 4791 1847 4876 potius
1878 4792 2157 4876 congaudendum.

342 4899 465 4963 Verum
488 4918 551 4961 non
575 4896 770 4960 intendimus
794 4895 826 4961 in
851 4894 970 4958 talibus
994 4894 1088 4980 plene
1113 4893 1223 4959 doctos
1247 4895 1422 4978 instruere,
1447 4896 1503 4959 sed
1527 4895 1649 4960 hortari
1672 4897 1778 4982 potius
1803 4905 1837 4961 ut
1861 4898 2007 4962 laborum
2035 4901 2160 4985 magni·

340 5005 485 5070 tudinem
508 5011 597 5067 corta
620 5025 693 5089 spes
717 5002 871 5066 immense
895 5001 1114 5066 retributionis
1138 5001 1269 5065 alleviet
1292 5009 1324 5066 ct
1348 5003 1562 5067 laborantium
1588 5004 1692 5068 zelum
1716 5004 1881 5088 accendat,
1898 5005 1992 5070 utad
2012 5006 2158 5071 obtinen-

343 5113 418 5178 dum
440 5112 585 5199 votivum
608 5118 756 5197 suscepte
780 5109 1012 5174 commissionis
1036 5109 1158 5172 exitum
1182 5109 1329 5173 laborent
1353 5109 1535 5192 instantius,
1552 5118 1585 5175 et
1608 5111 1635 5174 si
1659 5118 1869 5196 angmentum
1891 5113 1992 5198 possit
2015 5115 2159 5200 ipsorum

342 5219 524 5286 sollicitudo
547 5217 701 5304 recipcre,
726 5217 880 5280 instantia
902 5216 1032 5280 maioris
1056 5216 1243 5279 attentionis
1266 5215 1435 5281 intendant
1457 5218 1618 5304 recepturi
1641 5239 1661 5280 a
1685 5219 1834 5302 Domino,
1857 5219 1946 5301 illud,
1971 5227 2007 5284 nt
2028 5229 2157 5308 preten-

343 5327 439 5413 gitur,
456 5324 670 5389 inestimabile
695 5324 914 5389 retributionis
939 5321 1118 5386 indubitate
1142 5323 1298 5408 premium
1324 5331 1356 5386 et
1379 5325 1547 5416 apostolici
1571 5325 1692 5389 favoris
1715 5333 1924 5410 augmentum
1943 5327 2076 5412 perinde
2092 5349 2157 5393 non

343 5434 502 5498 immerito
524 5432 677 5496 habituri.
695 5431 844 5498 Ceterum
869 5429 955 5516 apud
979 5430 1186 5514 magnificum
1201 5432 1305 5495 virum
1322 5431 1545 5517 Paleologum,
1562 5453 1732 5517 grecorum
1747 5433 1974 5519 imperatorem
1990 5434 2157 5518 illustrem,

342 5563 399 5606 vos
423 5540 606 5627 specialiter
629 5540 749 5602 instare
774 5539 923 5603 volumus
951 5544 987 5601 ut
1017 5559 1090 5602 oum
1117 5538 1183 5601 suis
1207 5539 1329 5623 nnnt'js
1352 5539 1496 5603 venturis
1520 5539 1562 5602 ad
1586 5539 1765 5604 Concilium
1787 5540 1833 5604 sic
1856 5541 2004 5605 celeriter
2026 5563 2084 5606 vos
2108 5563 2158 5606 re·

325 5649 460 5729 mittat,
484 5647 579 5731 quod,
604 5654 735 5711 auctore
759 5645 909 5729 Domino,
933 5645 1037 5709 eidem
1062 5645 1205 5710 Concilio
1229 5645 1358 5730 possitis
1380 5646 1594 5732 personaliter
1617 5647 1783 5711 interesse.

431 5755 553 5818 Datum
577 5753 740 5840 Lugduni,
765 5754 900 5840 septimo
925 5752 1082 5817 kalendas
1107 5752 1295 5836 decembris,
1320 5754 1525 5839 pontificatus
1549 5755 1650 5819 nostri
1673 5776 1758 5819 anno
1782 5756 1932 5821 secundo.

426 6433 464 6496 (1)
484 6429 525 6482 Ex
545 6446 602 6499 reg.
620 6429 643 6481 l.
663 6429 745 6498 Greg.
764 6427 813 6495 X.,
833 6445 876 6498 ep.
896 6432 939 6495 40,
959 6429 1006 6480 l'ol.
1026 6432 1069 6494 62,
1088 6445 1132 6482 en.
1150 6429 1355 6496 nconxxll„
1375 6430 1408 6482 V.
1428 6430 1592 6483 novembris.

426 6522 465 6586 (2)
484 6519 526 6571 Ex
546 6536 602 6589 rag.
622 6519 644 6570 I.
664 6518 746 6588 Greg.
764 6516 815 6583 X,
835 6535 878 6587 ep.
897 6519 930 6570 de
951 6517 1032 6570 Curia
1051 6518 1105 6584 ΙΙ.,
1124 6519 1172 6570 fol.
1194 6523 1252 6586 107,
1272 6519 1492 6586 nooman,
1511 6519 1600 6572 XXV.
1620 6519 1782 6573 novembris.

532 6729 600 6767 ΤΟΜ.
614 6729 646 6766 11.
