5490 7750
819 656 1050 710 senosanam
1078 659 1129 709 nn
1157 659 1413 710 esosnssoans
1442 661 1547 711 rums
1576 663 1709 713 c1v1n1s
2093 644 2166 714 113

355 807 516 873 citationis
539 809 667 896 publice
689 811 898 893 continentes,
915 812 1125 897 Potestatem,
1143 814 1285 897 Judices,
1304 815 1526 900 capitaneum,
1543 816 1749 902 Barisellum,
1767 819 1984 902 Consiliarios,
2001 819 2171 903 Antianos,

353 914 520 998 Rectores,
538 916 704 1000 Consules,
722 918 974 1002 universitatem,
992 941 1049 984 seu
1065 921 1292 986 universitates
1309 929 1341 987 et
1358 917 1613 1006 communitates,
1631 947 1689 988 nec
1709 947 1773 990 non
1794 928 1980 1014 episcopum
2007 935 2172 992 cenectcn-

355 1043 433 1106 sem,
457 1023 676 1091 alamannum
700 1026 738 1089 de
763 1025 873 1112 Opicis
897 1026 936 1090 de
960 1027 1051 1091 Luca
1079 1029 1223 1110 militem,
1248 1029 1416 1093 Thadeum
1440 1030 1479 1093 dc
1502 1030 1635 1117 Pepulis
1659 1031 1768 1116 legum
1792 1034 1965 1117 doctorem,
1989 1035 2173 1099 iohannem

355 1137 387 1194 et
410 1131 570 1196 Jacobum
594 1134 664 1216 ejus
687 1131 788 1214 filios,
813 1132 996 1198 Johannem
1020 1134 1060 1198 de
1083 1134 1235 1220 Pepulis,
1259 1136 1393 1200 fratrem
1424 1137 1501 1202 dicti
1532 1137 1674 1221 Thadei,
1700 1139 1857 1205 Comitem
1879 1141 1918 1205 de
1942 1141 2075 1227 Pepulis
2103 1143 2173 1226 ejus

353 1237 455 1302 filium
479 1247 511 1304 et
535 1241 705 1305 nonnullos
729 1241 810 1304 alios
827 1241 859 1303 in
880 1241 972 1305 dictis
989 1243 1192 1327 processibus
1208 1250 1284 1308 tunc
1300 1265 1481 1329 expressos,
1498 1252 1647 1330 presente
1663 1246 1868 1312 multitudine
1884 1251 2014 1334 copiosa
2029 1249 2172 1313 fidolium

354 1347 388 1410 in
412 1348 588 1432 apostolico
611 1349 732 1434 palatio
756 1355 866 1413 nostro
891 1349 1091 1413 avinionensi
1119 1350 1306 1433 citavimus,
1330 1359 1366 1414 ut
1396 1351 1480 1415 iufra
1512 1352 1607 1416 trium
1639 1355 1807 1437 mensium,
1832 1356 2103 1420 numerandcmm
2130 1377 2171 1419 ex

354 1461 441 1537 tune,
458 1457 608 1541 spatium,
626 1456 711 1541 quod
732 1457 778 1519 eis
802 1478 860 1542 pro
883 1456 1098 1542 peremptorio
1122 1457 1259 1521 termino
1283 1458 1434 1522 duximus
1458 1461 1698 1543 assignandum,
1720 1461 1928 1536 adnostram
1951 1484 2047 1549 super
2072 1463 2172 1527 omni-

353 1561 414 1626 bus
438 1570 470 1627 at
493 1562 629 1648 singulis
652 1563 837 1628 excessibus
860 1563 1072 1649 supradictis,
1096 1585 1156 1627 nec
1189 1585 1254 1629 non
1285 1564 1410 1629 damnis
1444 1572 1477 1629 et
1500 1567 1628 1651 injurijs
1652 1567 1773 1632 eisdem
1801 1590 1932 1633 romane
1962 1569 2107 1634 Ecclesia
2139 1577 2171 1634 et

354 1669 479 1754 Legato
508 1677 540 1733 et
563 1670 712 1754 gentibus
736 1671 802 1733 suis
826 1671 987 1754 irrogatis,
1005 1679 1037 1735 et
1061 1671 1217 1735 fructibus
1241 1678 1274 1736 et
1296 1673 1506 1758 proventibus
1530 1674 1634 1738 medio
1651 1681 1795 1761 tempore
1812 1677 1971 1762 perceptis
1988 1698 2115 1762 percos
2132 1677 2172 1740 dc

354 1777 485 1841 civitate
509 1777 709 1859 bononiensi,
727 1777 891 1860 comitatu,
911 1778 1072 1843 territorio
1097 1787 1129 1842 et
1153 1779 1299 1844 districtu
1322 1779 1484 1865 predictis,
1509 1783 1700 1845 sententiam
1718 1791 1749 1846 et
1765 1791 1890 1847 nostros
1907 1805 2075 1868 processus
2092 1784 2172 1848 alios

354 1885 531 1949 audiendos
554 1885 770 1972 prenominati
793 1906 903 1949 omnes
927 1893 959 1949 et
982 1887 1102 1970 singuli
1126 1887 1348 1972 personaliter,
1373 1888 1567 1952 universitas
1591 1911 1667 1952 vero
1692 1896 1724 1953 ot
1747 1891 1929 1953 communia
1953 1891 2102 1974 civitatis,
2120 1913 2172 1955 co·

354 1993 485 2057 mitatus
510 2001 542 2057 et
565 1992 727 2056 districtus
749 1992 967 2079 predictorum
991 2015 1048 2078 per
1071 1994 1250 2078 legitimum
1275 1994 1432 2058 sindicum
1456 2015 1513 2058 sau
1534 2011 1777 2081 procuratorem
1800 2019 1921 2079 eorum,
1950 2005 2173 2083 comparerent

354 2121 463 2165 coram
484 2100 576 2164 nobis
593 2107 625 2164 et
646 2099 728 2164 Sede
745 2100 900 2185 predicta,
917 2100 1078 2186 recepturi
1093 2122 1152 2186 pro
1168 2101 1290 2164 meritis
1307 2108 1339 2164 et
1356 2102 1471 2165 nostris
1488 2103 1611 2186 precise
1628 2103 1838 2189 beneplacitis
1854 2104 2000 2190 parituri,
2018 2105 2171 2190 alioquin,

354 2208 422 2271 sive
446 2207 603 2288 venirent,
628 2208 695 2271 sive
720 2227 794 2290 non,
818 2206 1025 2271 nihilominus
1049 2208 1295 2293 procederemus
1320 2209 1361 2272 ad
1384 2209 1541 2294 premissa
1570 2216 1667 2295 prout
1694 2211 1869 2296 expediens
1893 2211 2084 2276 videremus.
2108 2212 2173 2276 Per

354 2316 413 2378 hec
437 2323 561 2396 autem,
586 2314 671 2400 quod
694 2315 754 2378 sub
778 2313 871 2378 titulo
895 2315 1034 2379 civitatis
1066 2315 1118 2378 vel
1148 2315 1367 2390 universitatis
1390 2315 1589 2398 Bononiam,
1615 2317 1666 2380 vel
1691 2318 1761 2401 ejus
1785 2318 1907 2382 incolas
1931 2319 1990 2382 sub
2015 2320 2171 2383 universi-

353 2423 429 2486 tatis
453 2423 582 2486 nominc
606 2443 663 2507 per
686 2442 854 2507 processus
879 2428 1004 2485 nostros
1028 2428 1104 2485 tune
1120 2422 1247 2486 habitos
1265 2423 1530 2508 nuncupavimus,
1548 2424 1632 2486 sicut
1647 2422 1765 2487 fuimus
1782 2426 1814 2488 in
1831 2425 1952 2490 eisdem
1969 2427 2171 2512 processibus

354 2531 533 2615 protestati,
558 2551 619 2594 nou
646 2529 891 2592 intendebamus
916 2530 961 2592 eis
986 2529 1117 2614 aliquod
1141 2551 1258 2592 novum
1280 2531 1334 2613 jus
1358 2530 1499 2593 tribuere
1525 2531 1575 2594 vel
1599 2552 1699 2616 penas
1724 2532 1879 2613 adimere,
1898 2554 1978 2616 quas
2000 2534 2171 2597 incurrisse

353 2644 484 2722 propter
508 2637 650 2723 prefatos
674 2657 827 2700 excessus
851 2637 964 2698 meritc
989 2635 1214 2718 noscebantur,
1231 2643 1327 2720 prout
1350 2637 1506 2720 premissa
1531 2637 1638 2700 omnia
1660 2645 1693 2701 et
1713 2638 1842 2723 singula
1858 2640 1891 2701 in
1907 2640 2028 2703 eisdem
2045 2661 2171 2726 proces-

252 2741 254 2746 ’
352 2745 440 2808 sibus
464 2744 590 2830 plenius
611 2751 643 2808 et
659 2743 810 2807 seriosius
833 2743 1046 2806 eontinentur.
1063 2743 1107 2806 Et
1129 2750 1165 2806 ut
1188 2748 1300 2806 contra
1323 2764 1492 2827 processus
1508 2742 1692 2827 hujusmodi
1709 2746 1812 2808 omnia
1829 2746 1988 2809 calumnie
2005 2747 2172 2810 tolleretur

352 2853 495 2933 occasio,
519 2859 667 2937 patentes
690 2852 816 2932 literas,
845 2857 955 2913 nostra
979 2850 1068 2914 bulla
1092 2851 1242 2933 munitas,
1267 2837 1435 2936 processus
1460 2851 1659 2915 continentes
1683 2853 1812 2916 eosdem
1837 2854 1869 2915 in
1892 2855 2024 2937 majoris
2048 2855 2171 2918 avinio·

351 2961 459 3024 nensis
475 2958 619 3023 Ecclesia
642 2958 782 3044 appendi
806 2979 864 3020 scu
888 2957 976 3042 affigi
1000 2958 1113 3022 hostiis
1137 2957 1290 3039 fecimus;
1307 2979 1369 3042 que
1385 2979 1554 3043 processus
1578 2959 1664 3044 ipsos
1688 2980 1745 3022 suo
1769 2961 1862 3044 quasi
1885 2982 2001 3024 sonoro
2020 2963 2170 3045 preconio

351 3074 383 3131 et
406 3068 517 3152 patulo
539 3066 662 3150 judicio
685 3065 898 3152 publicarent,
924 3073 956 3129 et
980 3065 1187 3129 nihilominus
1211 3087 1253 3129 ex
1284 3065 1461 3129 abundanti
1493 3066 1594 3129 dictos
1626 3088 1793 3151 processus
1817 3089 1875 3152 per
1898 3068 2009 3131 literas
2034 3076 2170 3150 nostras,

351 3195 520 3260 processus
543 3174 743 3238 continentes
768 3173 907 3254 eosdem,
925 3173 956 3237 in
978 3173 1057 3236 locis
1082 3181 1113 3236 et
1134 3173 1281 3259 partibus
1298 3172 1401 3236 eidem
1419 3173 1541 3236 civitati
1559 3173 1748 3237 bononiensi
1764 3176 1939 3239 convicinis
1956 3198 2012 3260 per
2030 3177 2172 3262 prefatos

351 3283 556 3347 florentinum
580 3288 612 3345 et
636 3281 824 3345 imolensem
849 3281 1015 3366 episcopos
1041 3303 1078 3344 ac
1103 3288 1259 3344 rectorem
1284 3287 1316 3345 et
1332 3280 1570 3364 subdelegatos,
1589 3304 1645 3344 seu
1662 3281 1913 3346 subexecutcres
1930 3305 2040 3347 corum
2058 3284 2172 3348 solem-

351 3391 436 3454 niter
458 3389 593 3453 fecimus
616 3381 787 3475 publicari.
811 3388 854 3452 Et
878 3389 1024 3474 quamvis
1048 3410 1217 3474 processus
1241 3387 1424 3451 huiusmodi
1456 3410 1514 3475 per
1547 3409 1605 3452 nos
1636 3389 1681 3452 sic
1712 3390 1897 3454 solemniter
1927 3391 2013 3475 apud
2044 3398 2172 3476 aposto·

352 3497 449 3561 licam
473 3496 589 3560 Sedem
613 3497 715 3560 habiti
740 3504 772 3560 ct
795 3503 862 3559 tarn
887 3496 973 3580 apud
1002 3517 1091 3578 eam,
1117 3515 1213 3580 quam
1245 3496 1277 3558 in
1310 3496 1429 3560 eisdem
1461 3496 1624 3582 partibus,
1649 3504 1685 3560 ut
1716 3498 1912 3582 premittitur
1940 3498 2023 3561 dicte
2048 3499 2171 3561 civitati

350 3605 464 3669 vicinis
497 3605 682 3668 solemniter
710 3603 868 3689 publicati
898 3603 1051 3684 fuissent,
1076 3611 1108 3666 et
1139 3602 1181 3665 ad
1211 3602 1370 3666 dictorum
1400 3605 1634 3686 universitatis,
1660 3605 1897 3668 communitatis
1928 3612 1960 3668 et
1991 3605 2103 3690 populi
2134 3627 2171 3668 ae

353 3713 538 3777 officialium
570 3719 602 3776 et
632 3711 750 3775 civium
779 3711 917 3774 civitatis
949 3710 1109 3793 ejusdem,
1134 3716 1169 3773 ut
1192 3710 1289 3773 etiam
1321 3731 1363 3774 ex
1393 3711 1581 3796 subscriptis
1612 3719 1764 3796 apparet,
1790 3733 1990 3776 communem
2025 3713 2172 3776 notitiam

351 3819 588 3906 pervenissent,
613 3818 731 3904 prefati
754 3826 863 3881 tamen
888 3818 1099 3898 universitas,
1123 3817 1261 3902 populus
1286 3825 1318 3882 et
1345 3839 1529 3900 commune,
1555 3819 1707 3882 officiales
1731 3829 1762 3882 et
1786 3820 1872 3882 cives
1896 3820 2081 3904 hujusmodi
2105 3842 2171 3884 mo-

352 3928 542 4010 nitionibus,
566 3926 846 4012 requisitionibus,
871 3925 1030 3989 mandatis
1055 3933 1087 3989 et
1110 3926 1254 3989 citationi
1277 3947 1334 3989 scu
1358 3926 1563 3990 citationibus
1587 3927 1620 3991 in
1643 3928 1846 4013 processibus
1870 3928 1991 3991 eisdem
2015 3929 2172 3992 contentis

351 4036 435 4100 infra
464 4036 567 4100 dictos
600 4035 771 4115 terminos,
796 4041 828 4097 ct
858 4040 931 4120 post
962 4033 1124 4119 expectati
1157 4033 1276 4097 diutius
1307 4055 1422 4119 parere
1453 4041 1573 4098 temere
1602 4043 1634 4097 et
1665 4036 1895 4099 contumaciter
1927 4057 1990 4100 non
2019 4043 2172 4099 curarunt

354 4143 515 4230 predictas
540 4164 649 4206 omnes
673 4149 705 4206 et
729 4141 874 4226 singulas
891 4141 1231 4204 excommunicationis
1249 4142 1281 4204 in
1296 4163 1462 4226 personas,
1480 4149 1511 4205 et
1534 4141 1695 4205 interdicti
1720 4142 1751 4205 in
1775 4143 1949 4226 civitatem,
1974 4142 2171 4224 comitatum,

352 4251 548 4315 territorium
580 4257 612 4314 et
642 4249 823 4313 districtum
856 4248 1015 4334 predicta,
1048 4269 1106 4312 nec
1134 4269 1199 4311 uon
1231 4249 1422 4334 privationis
1453 4249 1598 4332 ejusdem
1632 4249 1753 4332 Studii,
1778 4250 2020 4334 privilegiorum
2045 4271 2172 4335 quoque

352 4366 384 4424 et
420 4358 693 4442 indulgentiarum
727 4378 763 4420 ae
799 4356 969 4420 feudorum
1000 4363 1032 4419 et
1061 4357 1197 4420 aliorum
1228 4355 1403 4438 bonorum,
1428 4357 1602 4420 sententias
1634 4365 1665 4421 et
1696 4379 1796 4442 penas
1828 4358 1908 4421 alias
1941 4365 2106 4421 contentas
2139 4357 2172 4420 in

353 4465 474 4530 eisdem
497 4464 701 4551 processibus
725 4463 935 4545 incurrendo,
960 4472 1092 4548 propter
1115 4485 1195 4548 quos
1218 4485 1276 4527 nos
1300 4464 1430 4528 eosdem
1453 4464 1710 4546 universitatem,
1735 4465 1890 4550 populum
1922 4472 1953 4528 ct
1985 4485 2170 4544 commune,

352 4573 504 4638 officiales
529 4579 562 4636 et
584 4573 765 4657 singulares
798 4591 953 4657 personas
985 4571 1124 4634 civitatis
1157 4571 1301 4654 ejusdem
1329 4593 1425 4656 super
1447 4571 1612 4656 premissis
1637 4573 1783 4635 omnibus
1808 4579 1840 4636 et
1863 4573 1998 4656 singulis
2023 4572 2170 4636 monitio·

352 4681 460 4763 nibus,
485 4679 748 4765 requisitionibus
772 4686 803 4742 et
826 4678 1004 4760 mandatis,
1029 4678 1181 4742 citatione
1206 4697 1332 4763 quoque
1357 4685 1388 4742 et
1412 4679 1617 4742 citationibus
1641 4680 1799 4742 contentis
1822 4680 1855 4742 in
1879 4679 2081 4765 processibus
2107 4701 2171 4742 me·

351 4789 482 4852 moratis
506 4786 741 4851 declaravimus
766 4785 864 4848 luisse
897 4793 929 4848 et
960 4807 1030 4849 esse
1055 4785 1275 4850 inobedientes
1299 4792 1332 4849 et
1355 4787 1452 4849 etiarn
1476 4793 1698 4867 contumaces,
1722 4786 1888 4871 dictasque
1917 4808 2027 4850 omnes
2051 4793 2083 4850 et
2106 4788 2170 4848 sin·

351 4895 445 4980 gulas
462 4893 803 4958 excommunicationis
820 4893 853 4955 in
871 4893 1051 4976 singulares
1068 4914 1233 4978 personas,
1250 4893 1436 4975 Potestatis,
1455 4893 1638 4978 Capitanei,
1656 4893 1817 4975 Bariselli,
1835 4893 1856 4957 J
1858 4893 1996 4975 udicum,
2015 4893 2171 4957 Consilia-

351 5003 481 5084 riorum,
498 5001 684 5082 Raetorum,
703 5001 888 5083 Consulum,
907 5001 1124 5063 Antianorum
1141 5007 1172 5063 et
1197 5001 1412 5085 quorumlibet
1436 5001 1620 5064 officialium
1644 5001 1783 5064 civitatis
1807 5001 1953 5084 ejusdem
1970 5021 2170 5086 quocumque

352 5109 481 5174 nomine
505 5115 722 5190 censerentur,
747 5113 779 5171 et
803 5108 964 5171 interdicti
986 5107 1019 5170 in
1043 5107 1216 5190 civitatem,
1241 5108 1438 5190 comitatum,
1462 5107 1658 5171 territorium
1682 5116 1714 5171 et
1737 5108 1916 5171 districtum
1939 5107 2093 5192 predicta,
2111 5130 2170 5173 nec

352 5236 415 5279 non
439 5215 629 5302 privationis
653 5215 798 5298 ejusdem
821 5214 928 5296 studii,
950 5214 1193 5300 privilegiorum
1218 5236 1344 5300 quoque
1367 5221 1400 5278 et
1423 5214 1696 5298 indulgentiarum
1721 5223 1753 5278 et
1777 5214 1956 5296 feudorum,
1979 5222 2011 5277 et
2034 5215 2171 5278 aliorum

352 5323 508 5387 bonorum
532 5324 708 5386 sententias
732 5330 764 5386 et
787 5343 888 5409 penas
913 5322 992 5385 alias
1016 5329 1183 5386 contentas
1207 5323 1240 5385 in
1263 5323 1384 5386 eisdem
1411 5322 1613 5407 processibus
1645 5322 1826 5385 incurrisse.
1851 5322 1930 5385 Post
1954 5343 2090 5406 quarum
2116 5343 2171 5406 pe-

351 5451 466 5494 narum
490 5438 522 5494 et
545 5431 776 5494 sententiarum
800 5431 1015 5494 incursionem
1038 5430 1148 5515 elapso
1173 5451 1236 5494 non
1265 5430 1388 5494 modico
1419 5431 1572 5515 temporis
1604 5430 1791 5511 intervallo,
1817 5429 1951 5514 predicti
1983 5451 2168 5511 commune,

350 5537 544 5601 universitas
568 5545 600 5600 et
623 5537 761 5623 populus
784 5537 991 5602 bononiensis
1015 5537 1202 5600 simulantes
1227 5559 1260 5600 se
1285 5537 1476 5622 intelligere,
1494 5544 1530 5600 ut
1550 5537 1631 5601 bene
1648 5543 1792 5622 agerent,
1809 5536 1866 5600 sed
1883 5537 2170 5600 circumventiones

350 5651 382 5708 et
406 5644 496 5708 dolos
520 5646 553 5707 in
578 5644 686 5728 cubili,
710 5651 745 5708 ut
775 5665 883 5708 rerum
914 5644 1057 5708 declarat
1081 5646 1206 5727 exitus,
1231 5645 1337 5730 potius
1362 5635 1563 5726 meditantes,
1585 5645 1756 5728 magistros
1779 5643 1919 5706 Paulum
1943 5643 1982 5707 de
2010 5642 2170 5727 Liazarijs

351 5751 563 5833 decretorum,
588 5759 620 5815 et
643 5751 906 5837 Machagnanum
929 5752 969 5815 dc
993 5751 1189 5836 Azuoguidis
1213 5759 1245 5816 et
1266 5753 1400 5816 Petrum
1424 5751 1463 5815 de
1486 5751 1671 5837 Bonipetris
1695 5751 1804 5836 legum
1825 5751 1982 5832 doctores,
2004 5750 2171 5814 ambasia·

350 5865 454 5941 tores,
479 5865 511 5922 et
534 5858 718 5922 Rolandum
742 5859 905 5943 quondam
928 5859 1088 5923 Johannis
1112 5859 1151 5923 de
1175 5858 1341 5924 Fantuciis
1366 5859 1523 5923 sindicum
1547 5868 1578 5922 ct
1602 5864 1844 5944 procuratorem
1868 5865 1900 5921 et
1923 5857 2074 5921 nuncium
2098 5879 2170 5942 spe-

352 5965 466 6029 cialem
494 5987 617 6048 eorum,
642 5967 764 6030 incolas
792 5966 1016 6048 bononienses,
1042 5967 1084 6030 ad
1108 5973 1250 6030 nostram
1281 5973 1313 6030 et
1345 5967 1490 6050 ejusdem
1521 5966 1613 6030 Sedis
1644 5966 1841 6050 presentiam
1871 5964 2091 6046 destinarunt,
2116 5965 2171 6049 qui

351 6094 459 6136 coram
489 6073 581 6136 nobis
611 6080 644 6136 et
666 6074 788 6136 eisdem
811 6073 965 6137 fratribus
988 6075 1105 6138 nostris
1129 6075 1162 6138 in
1186 6074 1375 6139 consistorio
1406 6073 1536 6159 publico
1567 6079 1807 6159 comparentes,
1840 6081 1988 6156 presente
2020 6073 2053 6134 in
2084 6072 2170 6135 dicto

351 6179 540 6244 consistorio
564 6185 631 6242 tam
654 6181 853 6264 prelatorum
870 6203 967 6266 quam
990 6181 1126 6244 aliorum
1150 6181 1294 6245 fidelium
1317 6180 1522 6244 multitudine
1546 6181 1686 6265 copiosa,
1705 6201 1724 6243 a
1744 6179 1836 6242 nobis
1853 6199 1895 6241 ex
1911 6186 2003 6264 parte
2021 6178 2169 6242 Commu·

351 6287 411 6370 nis,
428 6287 648 6351 universitatis
665 6295 697 6351 et
712 6288 824 6374 populi
847 6288 1063 6373 predictorum
1088 6288 1203 6353 devote
1228 6295 1260 6352 et
1282 6288 1412 6352 humilis
1436 6288 1691 6373 supplicationis,
1708 6293 1744 6350 ut
1766 6287 1870 6372 prima
1891 6285 1973 6350 faeie
1989 6284 2169 6368 videbatur,

350 6394 515 6478 instantia,
540 6396 745 6479 postularunt
768 6400 804 6458 ut
830 6416 898 6478 nos,
923 6417 987 6460 non
1011 6395 1214 6460 attendentes
1237 6395 1383 6478 ejusdem
1405 6395 1517 6482 populi
1547 6394 1765 6480 insipientiam
1789 6400 1821 6457 et
1843 6413 2013 6474 excessus,
2038 6392 2094 6455 sed
2118 6394 2170 6477 pie

351 6502 591 6567 considerantes
615 6502 761 6586 ejusdem
786 6502 878 6566 Sedis
902 6511 934 6567 et
958 6525 1090 6568 romane
1113 6503 1258 6567 Ecclesie
1281 6502 1514 6587 benignitatem
1537 6509 1569 6565 et
1593 6501 1797 6565 clementiam
1818 6508 2015 6582 consuetam,
2033 6507 2065 6564 et
2086 6500 2171 6584 quod

433 6641 501 6678 rou.
521 6641 553 6679 11.
2057 6627 2089 6675 15
