5544 7750
1366 618 1481 668 VITAE
1508 618 1688 669 insulana
1785 656 1789 664 .

785 1149 846 1219 An
875 1169 1070 1218 rnonarunr
1098 1146 1395 1243 tirossamen,
1425 1168 1588 1218 sermons
1617 1168 1690 1218 vsu
1718 1145 1767 1218 II.
1799 1169 1871 1218 van
1899 1146 1967 1219 ΙΙΙ.
1998 1170 2264 1222 ruarmnarm.

722 1396 751 1468 Ι.
781 1393 1139 1468 MCCCXXXVIII.
1171 1393 1303 1467 Paulus
1332 1395 1374 1466 de
1404 1394 1586 1490 Liazariis,
1616 1395 1861 1490 Macagnanus
1886 1395 1928 1468 de
1948 1395 2164 1490 Azzoguidis
2183 1405 2218 1468 et
2238 1397 2367 1470 Petrus
2387 1399 2430 1474 dc

613 1521 827 1619 Bompctris,
856 1520 976 1616 legum
1004 1521 1178 1614 doctores,
1204 1545 1274 1592 una
1303 1544 1382 1592 cum
1411 1519 1574 1593 Rolando
1602 1519 1776 1592 Fantuzio
1805 1521 1950 1617 syndico
1980 1531 2210 1618 procuratore
2239 1532 2274 1594 et
2303 1525 2430 1598 nuncio

612 1647 758 1746 speciali
786 1647 941 1720 civitatis
970 1647 1016 1719 ad
1044 1643 1302 1718 Pontificemlll
1323 1646 1368 1718 ad
1397 1646 1657 1743 deprecandum
1688 1645 1820 1718 crimen
1849 1645 1967 1718 laesae
1996 1647 2203 1742 maiestatis,
2233 1657 2300 1720 etc.

722 1771 953 1844 Occasionem
980 1770 1062 1843 huic
1090 1771 1258 1866 legationi
1287 1771 1383 1844 dedit
1408 1771 1521 1868 turpis
1548 1770 1673 1842 electio
1698 1771 1825 1866 Legati
1844 1771 2013 1868 pontificii
2032 1783 2068 1845 et
2088 1773 2197 1845 totius
2216 1774 2429 1871 reipublicae

613 1897 874 1972 administratio
903 1897 948 1968 ad
976 1895 1209 1968 'I'haddaeum
1239 1895 1413 1993 Pepulum
1442 1895 1571 1968 civium
1601 1897 1830 1968 consensione
1860 1894 2043 1970 delatal2l.
2073 1897 2206 1970 Fuerat
2242 1898 2431 1974 interdicta

613 2023 738 2096 civitas
768 2022 810 2094 de
839 2045 959 2093 mense
991 2021 1127 2094 martio.
1149 2020 1215 2093 Die
1236 2020 1400 2093 XXVII.
1425 2020 1546 2117 aprilis
1567 2021 1716 2118 profecti
1735 2022 1880 2094 fuerunt
1900 2021 2121 2094 Avcnionem
2144 2033 2302 2096 oratores
2322 2025 2428 2098 bono-

612 2147 764 2220 nienses.
793 2145 847 2218 De
877 2169 995 2218 mense
1024 2145 1166 2238 augusti
1194 2167 1358 2216 reversus
1387 2154 1441 2216 cst
1469 2144 1733 2238 Macagnanus:
1755 2144 1938 2218 Liazarius
1966 2146 2152 2218 Avenione
2180 2147 2377 2222 restittat).

721 2271 769 2344 II.
799 2268 1118 2342 MCCOXXXIX.
1159 2269 1202 2340 In
1231 2269 1465 2342 instrumento
1505 2269 1771 2365 protestationis
1807 2270 1850 2343 de
1889 2295 1959 2342 nou
1997 2271 2208 2344 admissione
2245 2271 2427 2346 literarum

612 2395 900 2494 apostolicarum,
931 2395 1183 2489 Illacaguanus¹
1205 2395 1296 2467 iuter
1325 2418 1385 2466 eos
1414 2395 1616 2467 nominatur
1644 2395 1767 2492 quiin
1797 2395 1929 2492 palatio
1959 2395 2098 2493 publico
2127 2420 2205 2468 cum
2235 2396 2428 2472 Thaddaeo

612 2529 726 2615 crant,
748 2546 827 2594 cum
858 2519 989 2615 Guigio
1019 2520 1062 2591 de
1092 2519 1223 2592 Sancto
1253 2517 1445 2604 Germano,
1467 2520 1616 2591 nuncius
1644 2520 1856 2617 pontificius,
1878 2521 1923 2592 ad
1951 2521 2069 2618 ipsum
2097 2523 2260 2615 accessit,
2282 2535 2428 2598 vocatus

611 2671 633 2720 a
662 2643 919 2718 Thaddaeottt.

720 2770 789 2843 III.
820 2768 1072 2843 MCGCXLV.
1103 2769 1263 2842 Delfinus
1297 2770 1497 2844 viennensis
1535 2771 1584 2844 X.
1616 2771 1770 2843 octobris
1804 2769 2003 2843 Bononiam
2033 2770 2194 2844 venit(⁵).
2223 2771 2291 2844 Die
2323 2773 2428 2848 XVI.

612 2920 713 2969 sacro
742 2895 904 2968 interfuit
933 2895 977 2966 ad
1008 2895 1121 2967 sancti
1150 2893 1391 2990 Dominae),
1423 2920 1492 2991 quo
1521 2905 1678 2992 peracto,
1709 2895 1844 2992 equites
1873 2895 1958 2968 fecit
1986 2896 2160 2969 Jacobum
2189 2907 2224 2969 et
2251 2898 2427 2972 Joannem

612 3021 777 3118 Populos,
798 3020 887 3094 filios
912 3020 1108 3093 Thaddaei.
1139 3019 1230 3092 Tum
1259 3020 1393 3092 hiduo
1423 3019 1541 3117 plures
1569 3020 1656 3093 alios
1685 3021 1808 3093 eodem
1838 3019 1971 3093 honore
2001 3019 2190 3117 donarunt,
2221 3047 2307 3118 quos
2335 3023 2428 3096 inter

610 3146 874 3242 Macagnanum
902 3143 1213 3240 Azzoguidumffl,
1245 3145 1304 3240 qui
1332 3144 1428 3216 hunc
1456 3144 1625 3216 honorem
1654 3169 1675 3216 a
1703 3146 1842 3217 Joanue
1871 3144 2009 3240 accepit
2024 3141 2075 3216 (Β).

716 3270 770 3343 De
798 3270 866 3342 hoc
894 3267 1061 3366 Delphini
1089 3269 1214 3341 itinere
1244 3277 1363 3341 actum
1392 3279 1445 3342 cst
1474 3269 1509 3340 in
1543 3267 1710 3340 Toddaeo
1740 3269 1880 3366 Populo,
1901 3280 1985 3342 tom.
2010 3270 2060 3364 1.,
2082 3295 2164 3368 pag.
2187 3273 2275 3364 281,
2296 3275 2316 3365 ξ
2339 3273 2424 3344 XV.

717 3395 784 3468 IV.
814 3393 1106 3468 MCCOXLVII.
1138 3393 1226 3466 Cum
1256 3394 1522 3489 Maccagnanus
1551 3394 1779 3489 Azzoguidus
1808 3419 1853 3466 ex
1883 3395 2105 3491 contagione,
2127 3420 2216 3491 quae
2244 3395 2426 3470 Bononiae

609 3522 676 3596 hoc
705 3545 799 3594 anno
827 3521 1071 3614 grassabatur,
1093 3519 1248 3614 obiisset,
1270 3519 1427 3592 Joannes
1456 3517 1623 3615 Papulas,
1645 3518 1782 3615 equites
1809 3519 1893 3591 fecit
1923 3544 2042 3592 mense
2071 3530 2222 3614 augusto
2246 3521 2334 3594 duos
2353 3523 2428 3594 eius

505 3675 511 3682 ·
609 3645 778 3746 parrulos
812 3645 901 3718 filios
930 3643 1187 3717 Bliobarixium
1204 3642 1242 3706 (9)
1262 3653 1297 3716 et
1316 3643 1567 3739 Thaddaeum;
1588 3644 1692 3740 idque
1721 3668 1829 3741 supra
1856 3645 1973 3741 ipsum
2001 3645 2113 3743 patris
2142 3644 2341 3742 sepulcrum
2358 3645 2425 3720 (¹⁰).

716 3772 763 3844 V.
788 3771 901 3865 Haec,
922 3770 1078 3866 inquam,
1100 3770 1396 3865 quemadmodum
1417 3769 1461 3842 ad
1482 3769 1692 3843 alterutrum
1713 3768 1975 3865 Macagnanum
1995 3771 2172 3868 pertinere
2194 3772 2427 3844 certissimum

609 3906 675 3993 est,
704 3897 755 3970 ita
783 3897 828 3970 ad
858 3903 978 3968 utrum
1007 3895 1210 3992 pertineant
1238 3903 1292 3967 est
1321 3895 1462 3967 omuino
1491 3895 1677 3970 incertum.
1703 3894 1809 3990 Nam,
1831 3920 1910 3968 cum
1935 3905 2074 3968 constet
2088 3893 2145 3958 (11)
2165 3895 2427 3990 Macagnanum

607 4023 707 4096 illum
736 4022 795 4118 qui
824 4021 868 4093 ad
897 4020 1131 4093 Benedictum
1160 4019 1248 4092 XII.
1279 4029 1398 4092 orator
1426 4028 1480 4091 est
1509 4020 1635 4092 missus
1673 4044 1843 4114 generum
1883 4020 2038 4093 eiusdem
2076 4019 2261 4093 Thaddaei
2297 4021 2425 4118 luisse,

607 4147 775 4222 affinitati
801 4147 882 4219 huic
912 4171 1023 4242 aeque
1052 4145 1088 4217 in
1116 4145 1341 4240 Macagnano
1360 4144 1408 4218 II.
1431 4169 1630 4242 repugnare
1660 4145 1801 4217 videtur
1829 4145 2092 4218 matrimonium
2121 4170 2200 4218 cum
2229 4144 2424 4242 beluaco,

608 4298 650 4347 ae
679 4273 715 4344 in
741 4273 966 4367 Macagnano
995 4271 1064 4344 III.
1094 4270 1303 4343 beneficium
1332 4269 1630 4365 ecclesiasticum,
1661 4293 1729 4366 quo
1767 4270 1890 4366 paucis
1918 4279 2000 4342 ante
2029 4271 2130 4344 annis
2160 4283 2238 4344 crat
2267 4297 2287 4344 a
2316 4273 2427 4344 Joan·

608 4425 652 4472 ne
681 4398 809 4471 XXII.
840 4395 1051 4471 3110118113).
1082 4397 1198 4469 Video
1226 4396 1389 4492 equidem
1417 4407 1607 4492 utrumque
1634 4394 1701 4468 hoo
1740 4396 2029 4493 impedimentum
2060 4395 2205 4470 dissolri
2232 4396 2334 4469 facile
2365 4423 2426 4495 po·

608 4525 736 4598 tuisse:
767 4523 803 4594 iu
831 4522 1056 4616 Macagnano
1085 4521 1227 4618 quidem
1255 4520 1305 4594 II.
1327 4546 1392 4618 per
1420 4529 1568 4593 mortem
1598 4520 1719 4593 uxoris
1747 4520 1892 4615 Beldae,
1913 4521 1948 4592 in
1977 4520 2046 4594 III.
2067 4546 2131 4619 per
2159 4521 2305 4594 liberam
2326 4523 2426 4595 abdi·

607 4649 783 4722 cationem
811 4646 993 4740 beneficii;
1015 4645 1144 4718 licebat
1164 4646 1256 4718 enim
1286 4645 1321 4718 id
1350 4645 1399 4717 illi
1427 4669 1491 4743 per
1518 4653 1693 4740 aetatem;
1714 4645 1776 4718 sed
1806 4670 1885 4716 oum
1906 4654 2070 4718 neutrum
2090 4645 2216 4719 horum
2236 4647 2425 4742 contigisse

605 4782 743 4848 constet
771 4773 807 4846 in
837 4773 962 4846 eadem
991 4795 1131 4869 semper
1158 4770 1346 4844 haeremus
1373 4771 1637 4844 incertitudine.

711 4899 777 4973 VI.
812 4898 892 4972 Alia
921 4905 1108 4996 praeterea
1137 4896 1322 4969 dubitandi
1349 4897 1441 4968 ratio
1469 4895 1558 4969 haec
1586 4905 1651 4968 est.
1673 4897 1916 4991 Macagnanus
1944 4895 2014 4992 ille,
2040 4897 2139 4970 cuius
2166 4898 2201 4970 in
2227 4898 2424 4994 pepulianis

604 5025 827 5123 processibus
856 5023 961 5096 toties
990 5022 1029 5094 fit
1055 5022 1198 5117 mentio,
1221 5021 1336 5093 doctor
1356 5029 1432 5093 erat
1452 5023 1586 5119 legum:
1604 5021 1713 5093 fuisse
1734 5032 1852 5094 autcm
1873 5021 2052 5094 doctorem
2073 5022 2334 5118 Macagnanum
2354 5024 2421 5096 III.

603 5343 713 5394 atinatis
730 5343 767 5392 ad
786 5340 926 5392 Civitatem
944 5339 1116 5390 Venellorum
1124 5355 1178 5405 pro
1190 5339 1332 5390 concordio
1345 5338 1490 5388 tractanda
1626 5339 1666 5403 (9)
1686 5336 1727 5388 Do
1747 5337 1804 5387 solo
1818 5336 1869 5387 hoo
1883 5335 2050 5388 Bliobarixio
2064 5353 2157 5388 verum
2171 5354 2230 5390 esse
2246 5343 2336 5404 potest
2355 5339 2426 5408 quod

605 5438 629 5483 et
647 5431 804 5484 ordinando
818 5431 890 5482 later·
903 5429 1046 5480 Commune
1059 5427 1195 5479 Bononiae
1214 5433 1237 5479 et
1251 5427 1395 5480 Commune
1412 5426 1491 5478 Vane-
1547 5427 1736 5478 Ghirardatius
1760 5427 1798 5477 ait
1825 5431 1844 5477 t.
1867 5425 1916 5491 IL,
1941 5443 2003 5496 pag.
2027 5430 2097 5493 3943
2122 5428 2199 5479 illurn
2228 5445 2325 5497 nempe
2354 5445 2425 5481 anno

605 5523 709 5572 tiorum
721 5537 803 5588 super
815 5522 887 5586 sarto
901 5519 1110 5570 placitationum
1130 5525 1158 5569 a!
1171 5520 1250 5570 etiam
1263 5518 1488 5585 repreaailiaram
1543 5514 1932 5567 mcccl.xxxt1.m0rtuum
1950 5515 2042 5568 luisse.
2063 5515 2133 5568 Nam
2152 5518 2223 5569 alter
2242 5517 2424 5571 Bliobarixiue

604 5628 653 5678 que
671 5617 734 5663 survi
753 5614 823 5662 inter·
836 5611 908 5661 dicta
923 5609 1091 5672 Communia,
1104 5609 1221 5660 uidelicet
1235 5610 1289 5674 ipsi
1300 5609 1406 5660 domino
1427 5607 1486 5658 Μα-
1541 5606 1627 5656 multo
1643 5609 1706 5656 ante
1720 5605 1834 5669 obierat,
1847 5605 1974 5656 nimirum
1993 5623 2063 5657 anno
2077 5605 2294 5659 MOCCXXXII.
2308 5607 2381 5673 (Vid.
2395 5609 2422 5660 in

604 5700 746 5768 chapaaao
764 5701 801 5751 od
819 5701 950 5751 rationem
970 5737 977 5750 .
997 5736 1003 5750 .
1023 5737 1030 5750 .
1052 5717 1066 5748 r
1086 5699 1138 5763 (Ex
1152 5699 1198 5750 lib.
1212 5698 1331 5763 Reform.
1346 5697 1376 5760 0,
1395 5713 1418 5748 c.
1433 5698 1487 5762 61).
1544 5695 1639 5759 alica,
1658 5695 1672 5760 ξ
1692 5694 1806 5760 XLIII.)

685 5793 723 5857 (1)
747 5789 814 5842 Vide
835 5790 960 5858 superius
979 5806 1041 5857 pag.
1061 5791 1104 5853 33,
1124 5789 1182 5840 doc.
1202 5788 1259 5840 XL.
1604 5787 1659 5851 (10)
1681 5783 1780 5836 caron.
1800 5783 1867 5848 hora,
1887 5785 1938 5836 col.
1959 5788 2019 5836 402.

684 5881 723 5946 (3)
744 5879 813 5930 Ibid.
833 5895 896 5947 pag.
918 5881 977 5929 142.
1601 5875 1658 5938 (11)
1679 5874 1720 5924 Ex
1744 5874 1815 5925 Hiat.
1836 5875 1957 5925 Miscella
1976 5873 2035 5926 boa.
2051 5879 2113 5926 tom.
2129 5874 2248 5941 XVIII,
2263 5875 2324 5927 Rer.
2341 5877 2419 5942 liat,

684 5971 723 6033 (3)
746 5968 866 6019 dlisceiIa
886 5968 961 6031 bora,
980 5967 1032 6020 col.
1053 5969 1113 6020 316.
1540 5965 1593 6015 col.
1607 5966 1667 6026 311,
1681 5981 1715 6016 ex
1729 5964 1893 6028 Ghirardat.‚
1914 5969 1978 6015 tom.
1997 5964 2044 6029 ΙΙ.,
2064 5980 2125 6033 pag.
2144 5969 2200 6028 136,
2221 5981 2255 6016 ex
2275 5966 2422 6034 Diplorat.,

684 6061 723 6124 (1)
744 6058 812 6109 Vido
832 6058 957 6126 superius
978 6074 1039 6125 pag.
1062 6060 1110 6108 103
1131 6063 1157 6108 ct
1177 6074 1246 6125 seq„
1266 6058 1323 6108 doc.
1344 6055 1443 6106 LXIV.
1541 6070 1602 6122 pag.
1617 6057 1683 6118 214,
1703 6070 1737 6105 ex
1754 6053 1854 6122 Negrio
1873 6054 1907 6105 ad
1928 6071 2028 6104 annum
2049 6053 2320 6120 mcccxxxvnl„
2341 6061 2422 6126 atque

683 6151 722 6216 (5)
743 6147 842 6199 Cicron.
861 6146 930 6211 boa„
949 6151 969 6197 t.
988 6145 1094 6198 XVIII.
1116 6146 1178 6198 Rer.
1199 6146 1272 6210 liat,
1291 6146 1341 6198 col.
1362 6149 1422 6198 393.
1541 6159 1575 6195 ex
1594 6143 1709 6195 caeteris
1729 6143 1786 6196 lere
1800 6144 1933 6208 omnibus,
1947 6144 1993 6212 qui
2012 6144 2045 6194 dc
2065 6143 2146 6195 rebus
2165 6143 2304 6196 'Ibaddaci
2323 6145 2421 6213 Populi

683 6240 722 6304 (6)
743 6237 878 6303 Ghirard.,
897 6239 916 6288 t.
936 6236 982 6300 11..
1002 6253 1065 6305 pag.
1087 6239 1145 6288 tto.
1540 6233 1725 6302 prodiderunt.

684 6329 723 6394 (1)
744 6325 842 6379 Cbrca.
862 6326 931 6390 bon„
949 6326 1059 6378 ibidem.
1604 6325 1660 6392 (12)
1680 6323 1741 6375 Vid.
1762 6325 1787 6374 in
1809 6325 1934 6390 Macaya.
1955 6322 2005 6387 IL,
2024 6324 2038 6390 ξ
2058 6322 2119 6375 XX.

684 6419 723 6483 (8)
743 6416 859 6485 Negrius
880 6417 906 6467 in
927 6415 1028 6466 Annei.
1049 6431 1110 6466 orsa.
1130 6416 1255 6467 adhunc
1275 6431 1384 6466 annum.
1605 6415 1660 6481 (13)
1682 6413 1742 6464 Vid.
1761 6415 1789 6464 in
1810 6413 1934 6479 Maroga.
1955 6412 2096 6480 111.,§1.
