5484 7746
1053 670 1243 719 APPENDIX
1270 669 1421 719 ALTERA

316 824 388 888 dem
413 825 498 888 clero
523 825 664 909 loquitur
680 845 744 888 non
761 823 800 887 de
817 824 1016 909 presbytero,
1034 823 1200 888 sciendum

317 938 374 1014 est,
392 933 467 1017 quia
492 931 639 1016 superius
663 931 697 994 in
721 931 833 994 eadem
851 931 1085 995 Constitutione
1107 931 1199 1016 quin-

316 1040 503 1124 quagesimo
524 1040 627 1124 primo
644 1037 785 1124 capitulo
803 1038 931 1124 legitur,
948 1037 1199 1124 appellationem

317 1145 506 1210 clericorum
531 1155 592 1209 ete.

378 1253 597 1318 Arrirnndcerte
620 1253 702 1338 quod
724 1256 758 1318 iu
782 1252 880 1317 indice
902 1253 1107 1337 capitulorum
1131 1251 1201 1314 1110

318 1359 385 1424 111.
404 1363 492 1444 parti
510 1361 650 1444 praefixo
672 1360 752 1424 deest
775 1361 906 1444 foliurn,
929 1362 963 1423 11
987 1361 1199 1444 1100011110-

317 1467 432 1531 buntur
454 1470 537 1531 tituli
563 1467 777 1552 Capitale-rann
800 1469 899 1530 decem
916 1488 952 1531 eu
969 1465 1108 1551 Reqistro
1123 1466 1201 1530 beuti

318 1574 472 1660 Greqorii,
497 1583 523 1639 et
547 1575 659 1660 reliqui
682 1577 765 1639 tituli
788 1576 842 1660 qui
863 1574 912 1638 liic
941 1596 962 1638 a
992 1574 1076 1637 nobis
1106 1573 1198 1656 subji-

316 1683 453 1762 ciuntur,
478 1682 736 1766 quernudmodum
757 1689 830 1746 sunt
852 1683 886 1745 iu
908 1683 972 1764 ipso
997 1679 1113 1745 Codice.

377 1789 454 1853 Item
478 1791 549 1873 lcnp.
567 1789 658 1874 Leqis
681 1810 807 1853 romane
822 1789 865 1853 ud
879 1791 1121 1873 suprascriptam·
1138 1795 1197 1852 ter-

314 1899 390 1960 tium
407 1904 531 1981 partem
549 1898 748 1980 pertinenia.

374 2004 401 2067 Ι.
426 2003 476 2066 110
501 2004 620 2067 sanetis
647 2011 786 2089 quatuor
810 2003 1022 2069 Conciliislll.

374 2109 521 2184 Quatuor
537 2118 722 2176 sanctorum
739 2110 957 2175 Consiliorum
981 2131 1121 2174 canones
1137 2131 1195 2196 pro

312 2217 385 2302 lege
409 2217 600 2300 habeantur,
626 2225 686 2282 010.

374 2323 418 2387 II.
444 2325 493 2387 De
527 2324 678 2388 Consiliis
710 2326 934 2411 episcoporum
965 2347 1023 2410 per
1051 2325 1196 2409 singulos

313 2452 414 2495 anuos
437 2431 593 2496 iaciendis
607 2433 656 2496 (2).

380 2538 561 2623 Sequuntur·
583 2548 644 2603 octo
667 2541 731 2603 alin
755 2542 864 2623 capitu.

376 2646 495 2732 Incipit
518 2646 557 2710 de
583 2661 721 2733 quatuor
746 2647 884 2732 Synodis
908 2647 1150 2733 principalibus.

376 2753 487 2818 Canon
512 2775 618 2837 grece,
642 2755 741 2818 latine
765 2755 879 2840 regula
903 2761 1117 2840 nuncupatur,
1136 2761 1195 2817 etc.

318 2861 322 2870 '
376 2860 460 2924 Item
483 2861 565 2925 ratio
590 2861 629 2925 de
653 2861 830 2925 canonibus
851 2862 1081 2946 Apostolorum
1105 2868 1137 2924 et
1157 2860 1197 2923 de

313 2990 372 3032 sex
398 2969 536 3053 Synodis
561 2969 803 3055 principalibus

375 3077 606 3161 Apostolorum
638 3098 796 3158 cationes,
822 3077 877 3162 qni
908 3097 966 3162 per
999 3075 1197 3140 Clementem

314 3204 482 3246 romanum
518 3183 726 3266 Pontificem,
755 3184 837 3248 sieut
869 3181 999 3268 quidam
1031 3189 1196 3263 asserunt,

314 3290 463 3354 dicuntur
494 3313 564 3354 esse
594 3292 760 3374 translati,
785 3298 860 3355 sunt
883 3291 921 3354 L.
945 3291 1056 3354 Prima
1089 3296 1198 3354 autem

315 3398 464 3483 Synodus
489 3399 522 3461 in
545 3399 656 3480 Nicea,
681 3406 741 3462 etc.
758 3401 800 3462 sic
821 3420 887 3463 cero
910 3399 1039 3463 desinit:
1055 3405 1149 3461 sexta
1164 3400 1198 3461 in

315 3505 594 3591 Constantinopoli
615 3505 679 3570 CL.
701 3498 837 3570 Petrum
861 3516 972 3570 contra
995 3505 1197 3570 Macharium

315 3614 542 3677 antiochenum
566 3621 598 3676 01
622 3613 725 3678 socios
749 3615 830 3698 ejus,
855 3613 919 3699 qui,
943 3621 1004 3676 etc.

377 3722 460 3785 Item
485 3721 592 3784 brevis
616 3722 781 3786 annotatio
812 3721 852 3785 de
879 3721 1012 3806 reliquis
1048 3719 1196 3806 Synodis.

380 3831 488 3894 Princo
511 3833 678 3895 crinotutio.
702 3831 868 3915 Aquisaue
887 3830 1018 3916 Synodi,
1037 3851 1098 3915 que
1122 3836 1197 3893 ante

313 3939 460 4002 nicenam
492 3939 595 4002 fertur
622 3939 738 4020 fuisse,
763 3944 823 4002 ete.
848 3937 988 4002 Desinit:
1015 3937 1197 4021 Vigesima·

313 4053 428 4131 quarta
454 4046 530 4108 item
554 4044 801 4130 Lugdunensis,
826 4045 859 4108 in
890 4064 954 4129 qua
981 4044 1097 4108 Patres
1120 4044 1196 4108 XX.

313 4160 495 4217 statuerunt
519 4174 668 4235 canones,
684 4174 819 4238 quorum
835 4159 947 4215 auctor
963 4152 1103 4216 maxime
1119 4151 1197 4216 item

313 4260 443 4324 Priscus
468 4260 695 4344 Lugdunensis
718 4259 887 4344 episeopus
911 4259 1029 4323 extitit.

251 4375 254 4379 '
374 4367 450 4431 Item
467 4367 702 4432 111111111Βο
715 4366 940 4431 Decretalibus
953 4365 1195 4452 Apostolorum,

312 4477 436 4559 incipit:
461 4475 615 4540 Silvester
631 4497 716 4562 papa
733 4497 753 4539 a
772 4476 871 4540 Petro
894 4476 1077 4561 trigesimus
1102 4495 1197 4561 quar·

314 4589 374 4664 tus,
400 4591 459 4646 010.
491 4583 632 4646 Desinit:
664 4583 841 4668 Gregorius
865 4583 911 4647 ΙΙ.
936 4604 956 4646 a
979 4583 1077 4647 Petro
1108 4582 1196 4648 XCI.

313 4691 440 4775 scripsit
465 4691 607 4775 capitula
631 4689 742 4754 XVII.
760 4691 847 4755 omni
870 4690 1198 4774 Ecclesieservanda

313 4818 386 4861 cum
409 4797 562 4861 Patribus
586 4797 768 4880 XXXIII,
786 4819 889 4884 eaque
906 4797 965 4862 sub
982 4798 1197 4862 anathematis

313 4904 442 4966 uinculo
468 4905 625 4988 alligavit.

375 5009 462 5073 Haec
485 5013 575 5074 tertio
593 5014 729 5096 persia
752 5014 905 5095 superiori
929 5015 1196 5099 1019110111νὶ-

313 5117 415 5182 bilur:
438 5118 488 5182 De
514 5118 644 5203 Synodo
669 5118 872 5182 celebranda.
1031 5199 1034 5206 Ι

376 5226 496 5305 Olearia
506 5248 586 5311 pars
601 5228 747 5291 cordiuet:
762 5226 812 5290 De
830 5228 1019 5311 congruenti
1037 5227 1195 5312 dignitate

313 5340 345 5397 01
361 5333 487 5397 diuerso
501 5334 630 5417 negotio
647 5333 910 5420 presbyterorum
926 5339 959 5396 01
975 5333 1194 5417 diaconorum,

314 5463 370 5505 seu
394 5441 592 5526 reliquorum
617 5441 775 5506 Ordinum
799 5441 1099 5505 ecelesiasticorum.

375 5548 401 5611 Ι.
420 5549 514 5622 Quod
530 5549 700 5635 bipertitus
716 5549 758 5611 sit
770 5547 857 5613 Ordo
871 5548 1133 5634 presbyterorum
1146 5547 1195 5614 13).

376 5887 414 5951 (1)
435 5885 476 5935 Ex
496 5886 584 5937 novel.
603 5885 685 5955 Legis
704 5902 785 5951 rom.,
804 5886 831 5938 k.
849 5885 925 5937 DVI.

378 5978 416 6040 (2)
437 5975 477 6025 Ex
497 5976 592 6027 eodem
613 5977 715 6041 novel,
734 5975 762 6027 1.
781 5974 1033 6028 CCCCXXXVIII.

377 6065 415 6130 (3)
436 6065 476 6114 Ex
497 6065 613 6132 epistola
632 6065 760 6117 Anacleti
780 6081 868 6134 papae
888 6065 972 6116 missa
989 6064 1114 6116 omnibus
1139 6064 1197 6133 epi·

314 6154 403 6222 scopis
423 6158 449 6205 01
470 6154 581 6222 reliquis
600 6155 797 6220 sacerdotibus,
816 6153 844 6206 1.
862 6153 969 6206 XVIII.
989 6153 1022 6206 ad
1041 6153 1171 6207 medium.

378 6246 416 6308 (1)
437 6243 502 6294 Can.
523 6245 726 6312 Apostolorum,
745 6243 772 6294 1.
792 6243 829 6295 II.

375 6334 414 6398 (ὁ)
433 6334 531 6384 Anacl.
551 6349 649 6402 papae,
667 6333 694 6384 k.
714 6332 822 6385 XVIII.
841 6334 876 6384 ad
896 6333 986 6384 finem.

377 6425 415 6488 (a)
435 6422 574 6490 Zephirini
592 6439 690 6491 papae,
709 6422 736 6474 k.
755 6421 832 6475 XIV.

376 6515 414 6579 (l)
435 6512 495 6563 Cui.
515 6528 613 6581 papae,
633 6513 659 6564 1.
678 6510 728 6564 VI.

2065 649 2139 720 279

1325 821 1370 885 II.
1394 821 1444 885 110
1481 821 1601 886 Ordine
1634 822 1897 908 presbyterorum
1929 827 1961 884 01
1993 820 2142 886 diacono·

1263 950 1334 1004 rum
1356 919 1404 993 (r),

1325 1035 1388 1100 III.
1413 1036 1463 1100 De
1488 1037 1790 1101 011010000015).

1324 1143 1383 1209 IV.
1415 1145 1465 1208 De
1486 1143 1741 1209 ordinationibus
1765 1145 2016 1232 presbiterorum
2040 1152 2072 1208 01
2099 1145 2144 1208 le-

1264 1253 1401 1316 vitarum
1416 1251 1465 1314 16).

1325 1358 1366 1423 V.
1390 1359 1440 1423 De
1465 1359 1641 1424 Ordinibus
1666 1359 1951 1424 0001001101101017).

1324 1465 1383 1530 VI.
1409 1467 1458 1531 De
1483 1467 1683 1553 promotione
1700 1466 1900 1552 singulorum
1918 1465 2075 1530 Ordinum
2093 1489 2143 1532 ec·

1263 1574 1515 1638 elesiasticorum
1529 1573 1578 1638 (8).

1326 1678 1507 1764 Sequuntur
1529 1682 1629 1763 capitu
1653 1700 1749 1764 usque
1771 1679 1813 1742 ud
1838 1677 1997 1745 CXXIV.

1324 1785 1494 1872 Hucusque
1508 1788 1545 1851 de
1565 1787 1743 1852 Presbiteris
1759 1794 1785 1850 et
1801 1787 2007 1872 Diaconibus,·
2021 1789 2059 1853 ab
2074 1789 2146 1852 binc

1251 1894 1299 1960 de
1320 1895 1391 1960 solis
1413 1903 1534 1959 tantnm
1556 1894 1756 1960 Diaconibne.

1324 2002 1457 2068 CXXV.
1482 2003 1532 2068 De
1559 2002 1734 2066 ministerio
1767 2002 1975 2066 diaconorum
2004 2010 2036 2066 st
2060 2003 2145 2089 quod

1261 2116 1426 2197 tamquam
1451 2110 1534 2175 oculi
1558 2111 1622 2174 sint
1646 2109 1804 2196 episcopis
1818 2109 1866 2173 (91.

1324 2217 1505 2303 Sequuntur
1527 2238 1622 2302 usquc
1645 2217 1688 2281 cd
1713 2215 1813 2280 CXL.

1323 2324 1493 2410 Hucusque
1516 2327 1553 2390 de
1576 2325 1785 2408 Diaconibus,·
1800 2325 1837 2388 ub
1856 2325 1928 2389 binc
1951 2325 1988 2388 de
2011 2324 2144 2390 Subdin-

1261 2431 1440 2604 WCXLI.
1465 2539 1550 2612 Quid
1576 2538 1799 2602 Subdiaconus
1823 2560 1895 2602 cum
1920 2539 2086 2603 ordinatur
2105 2540 2145 2604 de

1261 2667 1358 2710 manu
1383 2647 1524 2732 episcopi
1549 2645 1696 2731 accipiat,
1715 2645 1791 2730 quid
1809 2667 1885 2709 vero
1908 2645 1946 2709 de
1971 2667 2068 2710 manu
2093 2666 2143 2710 ar·

1261 2753 1441 2818 chidiaeoni
1454 2753 1522 2816 (10).

1324 2859 1507 2945 Sequuntur
1529 2862 1629 2944 cupita
1652 2881 1747 2945 usque
1770 2860 1813 2923 nd
1838 2859 1902 2924 CL.

1323 2968 1494 3054 Hucusque
1516 2969 1553 3031 de
1577 2967 1836 3052 Subdicconibus,·
1859 2968 1896 3031 nb
1919 2968 1990 3032 binc
2012 2969 2049 3032 de
2073 2969 2144 3032 reli-

1262 3078 1330 3162 quis
1355 3075 1533 3140 Ordinibus.

1325 3183 1407 3248 CLI.
1432 3184 1579 3257 Qualiter
1604 3183 1762 3247 acholitus
1787 3183 1827 3246 ab
1852 3184 2003 3270 episeopo
2028 3183 2070 3246 sit
2094 3205 2144 3246 or-

1263 3290 1421 3355 dinandus
1435 3292 1502 3354 llll.

1324 3398 1506 3484 chrurutur
1529 3421 1625 3484 usque
1648 3400 1690 3463 nd
1712 3407 1804 3484 caput
1827 3398 1920 3463 LXI.

1322 3507 1399 3572 ltere
1424 3529 1461 3571 ea
1484 3507 1624 3592 lleqistro
1647 3507 1725 3571 beuti
1751 3507 1894 3593 Gregorii
1910 3508 2040 3592 quedam
2056 3508 2144 3592 liupi-

1261 3615 1328 3678 1111
1351 3615 1393 3677 ad
1414 3617 1602 3699 superiorein
1620 3621 1742 3698 purtem
1761 3615 1961 3698 pertinentia.

1326 3721 1459 3785 CLXII.
1485 3722 1605 3796 Quales
1630 3721 1671 3785 ad
1694 3742 1822 3786 sacrum
1839 3721 1995 3786 Ordinem
2010 3723 2145 3808 provehi

1262 3829 1401 3893 debeant
1414 3830 1480 3893 (12).

1321 3937 1371 4000 Itu
1395 3936 1523 4002 liabetur
1546 3940 1578 4000 iu
1602 3936 1709 4002 Indice
1740 3939 1874 4022 cupitum
1902 3938 2040 4022 praefixo
2072 3938 2144 4004 hnic

1257 4046 1344 4128 parti
1360 4043 1441 4128 11,
1458 4045 1510 4108 sed
1532 4047 1564 4108 in
1588 4045 1685 4109 codice
1709 4046 1772 4129 ipso
1795 4044 1906 4108 desunt
1925 4047 2025 4129 cupite
2041 4048 2143 4110 ornniu

1261 4172 1297 4216 eu
1316 4152 1531 4236 reqistrobecti
1550 4152 1703 4238 Greqorii.
1723 4151 1838 4217 Verum
1848 4161 1914 4236 post
1926 4174 1991 4237 cup.
2002 4152 2141 4218 CLXII.

1260 4257 1333 4322 laec
1354 4259 1517 4343 lequntnr:

1322 4364 1440 4452 Incipit
1453 4366 1491 4430 de
1504 4373 1627 4452 septem
1644 4365 1799 4452 gradibus
1816 4366 2040 4432 ecclesiasticis
2057 4367 2145 4431 beati

1262 4472 1418 4537 Ierouirni
1448 4473 1620 4559 presbiteri
1643 4473 1685 4537 ad
1708 4474 1888 4558 Rusticum,
1910 4475 2144 4540 narbonensem

1261 4580 1458 4666 episcopum.

1326 4687 1478 4751 Sufficere
1502 4689 1632 4774 quidem
1655 4687 1730 4752 fidei
1746 4695 1800 4755 tue
1817 4688 1956 4752 arbitror
1973 4710 2144 4754 conversa·

1261 4794 1382 4859 tionem
1399 4803 1554 4878 sanctam,
1565 4817 1662 4880 quam
1678 4795 1779 4859 habes
1796 4794 1828 4858 in
1842 4795 1970 4860 Christo
1982 4795 2072 4878 Jesu,
2084 4804 2143 4860 etc.

1261 4902 1403 4967 Desinit:
1423 4903 1533 4989 sicque
1555 4924 1665 4966 omnes
1690 4902 1916 4988 dispositiones
1939 4903 1972 4966 iu
1994 4903 2145 4968 Ecclesia

1262 5010 1382 5076 Christi
1412 5011 1584 5075 hominem.
1613 5009 1655 5074 Et
1686 5010 1797 5074 desinit
1819 5013 1942 5094 pariter
1963 5012 2069 5094 codex,
2091 5015 2145 5097 qui

1261 5138 1388 5182 muneris
1412 5126 1463 5182 est.

1321 5225 1361 5289 11
1394 5226 1494 5290 iudice
1522 5247 1588 5290 uero
1612 5233 1848 5310 prosequuntur
1874 5227 2077 5310 capitulorum
2106 5230 2143 5291 n·-

1259 5333 1327 5397 tuli.

1323 5440 1475 5504 CLXIII.
1493 5441 1614 5514 Quales
1631 5440 1694 5503 siut
1711 5440 1880 5505 ordinandi
1896 5442 2066 5528 presbiteri
2087 5463 2143 5527 pa·

1260 5549 1494 5614 rochialcstlsst.

1324 5889 1363 5954 (8)
1384 5887 1507 5940 Silvestri
1526 5904 1625 5957 papas,
1644 5887 1671 5938 k.
1691 5887 1755 5938 VII.

1324 5979 1364 6044 (9)
1384 5977 1533 6030 Clementis
1553 5993 1651 6046 papae,
1670 5977 1697 6028 1.
1716 5976 1782 6028 XII.

1305 6069 1362 6133 (10)
1382 6067 1485 6120 Concil.
1504 6067 1567 6120 hab.
1587 6067 1701 6134 Valen,
1720 6068 1748 6120 k.
1766 6067 1869 6120 XCIII.

1306 6159 1363 6224 (11)
1383 6157 1486 6210 Concil.
1506 6157 1568 6209 hab.
1588 6157 1704 6222 Valen,
1723 6157 1750 6208 1.
1771 6156 1870 6209 XCIV.

1306 6250 1362 6312 (12)
1383 6247 1423 6297 Ex
1448 6263 1517 6316 reg,
1535 6263 1593 6316 par.
1618 6246 1664 6312 Il.,
1678 6246 1705 6297 1.
1720 6245 1870 6298 CLXXIX.
1889 6247 1924 6298 ad
1943 6246 2143 6298 Columbanum

1262 6338 1428 6406 episcopum.

1306 6429 1362 6492 (13)
1383 6426 1424 6477 Ex
1443 6427 1538 6479 eodem
1553 6443 1618 6495 reg,
1631 6444 1689 6495 pur.
1704 6426 1750 6490 11,
1765 6425 1828 6495 kap.
1843 6425 1918 6478 LIII.
1932 6427 1965 6478 ud
1986 6427 2144 6494 episcopum

1260 6517 1435 6585 sipontinum.
2107 6521 2109 6526 '
