5492 7750
781 645 1013 696 senosanam
1039 644 1091 694 sn
1120 643 1374 696 Paosnssoans
1402 644 1507 695 sums
1536 644 1669 694 crvrms
2081 624 2129 695 29

321 803 413 882 parte
437 797 493 860 alii
516 797 681 882 substitutj
707 804 782 860 sunt
805 804 837 862 et
861 797 1021 883 ordinatj3
1038 797 1189 862 videlicet
1212 819 1271 883 pro
1296 797 1491 862 monasterio
1514 797 1663 862 dominus
1685 797 1802 862 Ysaias
1828 797 2015 880 monachus,
2032 804 2065 862 et
2079 819 2138 883 pro

319 903 547 990 suprascriptis
572 904 717 989 collegiis
741 903 903 989 Ugclinus
927 904 966 968 de
990 904 1155 986 Plancrio,
1180 905 1262 969 siout
1285 927 1343 990 per
1366 905 1583 970 instrumenta
1606 903 1736 991 publica
1767 911 1931 970 ostensum
1957 905 2028 969 luit.
2052 904 2139 969 Visis

321 1017 353 1074 et
375 1010 494 1074 auditis
518 1031 581 1096 qne
605 1012 647 1075 ab
670 1018 807 1096 utraque
830 1017 921 1096 parte
946 1011 1112 1097 proposita
1135 1010 1275 1094 luerunt,
1292 1011 1405 1076 habitu
1429 1032 1555 1097 quoque
1577 1011 1725 1096 diligentj
1749 1011 1965 1097 inquisitione,
1982 1020 2015 1076 et
2034 1012 2138 1097 magis

320 1137 417 1204 super
440 1118 590 1183 omnibus
614 1117 846 1182 deliberatione
870 1118 1064 1205 participato
1089 1117 1280 1204 Sapientem
1304 1119 1447 1202 consilio,
1472 1117 1593 1184 dictum
1616 1117 1793 1204 Ugol'urum
1817 1119 1985 1203 sindicnm,
2010 1119 2138 1184 nomine

319 1223 613 1310 suprascriptarum
628 1224 848 1306 ecclesiarum,
861 1232 895 1287 et
911 1225 997 1311 ipsas
1014 1224 1168 1288 ecclesias
1183 1225 1218 1288 in
1234 1225 1471 1290 restitutionem
1494 1225 1785 1312 suprascriptarum
1808 1226 1944 1290 duarum
1967 1227 2138 1313 petiarum,

320 1351 383 1414 qne
410 1330 541 1394 fuerunt
573 1331 701 1395 demine
726 1331 852 1413 Guilie,
877 1338 913 1395 ut
943 1331 1069 1414 dloitur,
1095 1332 1148 1396 vel
1172 1332 1276 1396 saneti
1299 1331 1451 1416 Martinj,
1475 1338 1512 1397 ut
1534 1332 1655 1396 dictum
1682 1337 1748 1415 est,
1777 1340 1809 1397 et
1839 1334 1872 1396 in
1903 1333 2138 1398 rest'tutionem

319 1437 414 1501 unius
438 1444 605 1502 tornature
629 1439 723 1503 vinee
748 1460 846 1524 supra
870 1439 980 1525 petite,
1001 1440 1104 1525 posite
1130 1439 1164 1502 in
1186 1439 1361 1522 Barbiano,
1385 1447 1418 1504 et
1440 1447 1476 1504 ut
1499 1440 1616 1504 debeat
1639 1461 1673 1504 se
1695 1441 1824 1505 nomine
1847 1441 2139 1527 suprascriptarum

320 1544 547 1626 ecclesiarum,
567 1552 599 1609 et
621 1545 710 1631 ipsas
735 1544 887 1610 ecelesias
911 1566 1068 1610 renovare
1091 1546 1131 1611 de
1155 1552 1242 1610 terra
1265 1548 1372 1633 posita
1396 1548 1429 1611 in
1451 1547 1670 1632 Partignanc,
1694 1553 1729 1612 ut
1752 1569 1850 1634 supra
1872 1547 2139 1634 comprehensum

320 1658 368 1716 est
399 1651 432 1715 in
464 1651 574 1717 libello
604 1653 822 1739 suprascripto
854 1652 977 1717 sindico
1005 1652 1135 1718 domino
1162 1653 1280 1736 Ysaie,
1304 1654 1433 1718 nomine
1464 1655 1665 1738 monasterii,
1695 1654 1872 1742 condepno.
1903 1654 1988 1720 Item
2016 1655 2137 1721 dictum

224 1767 227 1780 '
320 1757 455 1823 Ysaiam
485 1758 661 1842 sindioum,
686 1760 814 1824 nomine
843 1760 1050 1846 monasterij,
1074 1767 1107 1826 et
1140 1761 1246 1846 ipsum
1277 1761 1508 1826 monasterium
1537 1761 1570 1826 in
1601 1762 1836 1828 restitutionem
1858 1763 1956 1826 trium
1978 1763 2138 1850 potiorum

320 1867 498 1951 positarum
521 1865 554 1930 in
577 1865 791 1952 Vidalegola,
816 1889 897 1953 quas
919 1888 979 1954 pro
1004 1868 1129 1934 cambio
1154 1868 1275 1933 dictum
1298 1868 1530 1934 monasterium
1553 1891 1612 1956 pro
1635 1869 1861 1956 suprascriptis
1890 1869 2015 1934 duabus
2043 1872 2137 1958 petiis

321 1972 530 2059 condepnatis
553 1995 573 2038 a
597 1973 692 2038 dictis
715 1975 870 2060 collegiis,
895 1975 947 2040 vel
972 1997 991 2038 a
1014 1975 1121 2061 priore
1143 1997 1266 2059 earum,
1292 1982 1472 2061 acceperat,
1496 1976 1579 2042 sicut
1601 1976 1669 2042 Leo
1693 1977 1834 2041 sindicus
1858 1983 2054 2042 memoratus
2076 1978 2138 2044 fuit

320 2079 485 2144 confessus
509 2081 594 2146 dieto
617 2080 760 2166 Ugolinc
784 2082 917 2166 sindico,
943 2083 1071 2148 nomine
1095 2083 1253 2146 dictarum
1272 2083 1491 2168 ecelesiarum,
1508 2083 1717 2171 condempno.
1737 2084 1791 2148 Ab
1815 2084 1888 2148 aliis
1911 2084 2059 2150 omnibus
2082 2107 2137 2172 pe-

320 2187 488 2252 titionibus
512 2188 649 2252 invieem
672 2187 778 2272 factis,
803 2189 942 2255 sindieos
967 2189 1169 2276 supradictos
1194 2211 1326 2254 suarum
1348 2191 1558 2256 eeclesiarum
1580 2191 1708 2256 nomine
1731 2190 1875 2256 absolvo.
1898 2191 2045 2277 Utroque
2073 2193 2137 2257 sin·

320 2294 391 2358 dico
414 2301 563 2379 presente
580 2296 622 2359 ad
641 2297 835 2360 sententiam
859 2296 1065 2361 audiendam.
1082 2297 1202 2361 Actum
1218 2297 1277 2360 sub
1292 2297 1418 2383 porticu
1440 2305 1550 2362 sancte
1565 2297 1668 2362 Maria
1685 2297 1725 2362 de
1745 2297 1897 2382 Canariis,
1913 2320 1999 2364 anno
2016 2299 2136 2366 domiui

319 2421 362 2464 m.
380 2401 473 2486 ccvij.
491 2400 542 2465 die
567 2401 695 2466 sabbati
717 2402 796 2467 XII.
818 2411 958 2468 exeunte
979 2403 1142 2488 januario,
1163 2403 1337 2468 indictione
1360 2403 1402 2468 X.
1427 2403 1540 2468 Testes
1564 2404 1711 2468 dominus
1733 2404 2062 2492 Pascenspauperem,
2079 2407 2135 2472 do·

319 2507 424 2571 minus
449 2507 607 2572 Girardus
632 2508 672 2573 de
697 2509 796 2593 Zeno,
813 2509 961 2574 dominus
987 2510 1151 2593 (libertus,
1170 2510 1388 2576 Boncambins
1411 2511 1451 2575 de
1474 2510 1615 2576 (lareriis
1638 2519 1671 2576 et
1693 2510 1851 2576 Vicianus
1873 2513 2016 2599 pisanus.

408 2615 479 2700 Ego
503 2615 680 2680 Zacharias
705 2616 901 2700 faventinus,
926 2617 1090 2703 quondam
1113 2618 1249 2683 Henrici
1272 2619 1475 2705 imperatoris
1495 2620 1650 2703 notarius,
1666 2619 1742 2684 huic
1764 2621 1922 2684 sententie
1945 2621 2086 2705 interlui,
2103 2629 2136 2686 et

318 2722 470 2786 mandato
494 2723 571 2788 dieti
594 2722 718 2787 demini
741 2723 883 2789 Bandini
907 2725 1030 2810 scripsi.

406 2827 464 2908 (L.
481 2828 503 2909 †
520 2827 569 2910 S.)
591 2827 631 2892 In
661 2828 725 2893 Dei
748 2830 892 2912 nomine,
916 2852 1021 2895 amen.
1046 2831 1118 2916 Ego
1141 2832 1300 2917 presbiter
1323 2831 1481 2916 Ubaldus‚
1505 2835 1686 2920 prepositus
1710 2835 1839 2921 collegii
1862 2835 1965 2899 sancti
1987 2835 2140 2922 Prosperi

318 2955 360 2998 ex
384 2933 588 3019 delegatione
611 2935 735 3000 domini
756 2935 847 3022 Pape
872 2937 1054 3002 Innocentii
1077 2938 1160 3019 III.,
1179 2960 1240 3025 que
1256 2940 1331 3004 talis
1351 2947 1416 3004 est:
1433 2941 1642 3005 Innocentius
1663 2941 1832 3028 episcopus
1855 2948 1915 3006 ete.
1933 2941 2138 3027 cognoscens

318 3040 358 3105 de
381 3042 542 3106 sententia
572 3042 640 3128 lato
670 3064 728 3128 per
761 3043 926 3110 dominum
956 3044 1142 3110 Bandinum
1170 3046 1254 3110 inter
1285 3048 1515 3112 monasterium
1547 3048 1650 3113 sancti
1680 3049 1837 3134 Stephani
1864 3071 1906 3112 ex
1936 3070 2001 3113 una
2029 3057 2136 3136 parte,

318 3155 351 3212 et
382 3149 534 3213 ecclesias
567 3150 671 3214 saneti
696 3151 855 3216 Iohannis
886 3159 920 3215 et
951 3152 1055 3216 sancti
1077 3151 1219 3218 Victoris
1250 3177 1292 3218 ex
1321 3155 1401 3238 alia,
1426 3176 1489 3240 que
1513 3156 1673 3220 sententia
1699 3156 1773 3219 talis
1797 3162 1862 3220 est:
1887 3156 1927 3220 In
1950 3158 2053 3221 eterni
2073 3157 2137 3222 Dei

319 3255 447 3319 nomine
471 3263 531 3321 eto.
556 3257 687 3322 Auditis
720 3265 752 3323 et
777 3258 855 3322 visis
886 3267 918 3323 et
942 3260 1117 3324 intellectis
1146 3263 1221 3327 hino
1252 3262 1326 3327 inde
1357 3263 1530 3350 propositis
1559 3270 1592 3327 et
1620 3263 1801 3350 productis,
1825 3263 1935 3330 habito
1963 3266 2137 3330 multorum

319 3361 509 3447 Sapientum
541 3364 693 3448 oonsilio,
719 3365 897 3451 predictam
932 3369 1125 3432 sententiam
1156 3370 1347 3434 auctoritate
1377 3370 1499 3436 domini
1527 3371 1635 3457 Pape,
1660 3393 1724 3457 qna
1754 3371 1884 3456 fungor,
1908 3373 2081 3456 confirmo,
2105 3379 2138 3438 et

319 3471 474 3554 approbo.

405 3576 478 3641 Heo
505 3579 666 3642 sententia
697 3580 764 3644 lata
790 3586 823 3643 et
845 3581 981 3645 recitata
1004 3582 1067 3647 suit
1092 3583 1127 3647 in
1153 3582 1290 3648 ecclesia
1313 3585 1417 3648 sancti
1439 3583 1559 3648 Marini
1582 3606 1667 3650 anno
1688 3585 1821 3650 Domini
1844 3585 2029 3652 MOOVIII.
2052 3588 2134 3653 indi·

317 3683 422 3749 ctione
454 3683 534 3765 XL,
559 3683 611 3748 die
641 3686 789 3767 veneris,
823 3708 925 3751 nonas
955 3687 1152 3772 decembris3
1183 3696 1282 3754 testes
1316 3689 1464 3755 dominus
1495 3691 1744 3777 archipresbiter
1771 3693 1922 3758 Julianus
1952 3693 1992 3758 de
2024 3701 2135 3760 sancto

317 3789 445 3854 Osoano
469 3797 502 3854 et
522 3791 681 3877 presbiter
698 3792 851 3858 Rusticus
867 3796 1049 3881 prepositus
1066 3797 1169 3861 saneti
1188 3795 1357 3882 Stephani,
1374 3804 1406 3862 et
1425 3798 1585 3884 presbiter
1601 3799 1777 3864 Gratianus
1793 3799 1832 3864 de
1849 3807 1961 3864 sancta
1977 3800 2134 3886 Teeh[l]a,

317 3903 349 3961 et
371 3897 531 3983 presbiter
554 3899 722 3963 Anzaldus
747 3903 929 3986 prepositus
946 3904 1049 3968 sancti
1065 3903 1200 3989 Donatj,
1217 3911 1249 3969 et
1264 3905 1419 3990 magister
1436 3905 1560 3988 Gratia,
1584 3913 1616 3972 et
1638 3906 1787 3972 dominus
1806 3907 1904 3995 Osep,
1921 3915 1954 3973 et
1970 3908 2133 3975 (lambius.

406 4004 467 4082 (L.
485 4005 507 4087 †
525 4005 573 4087 S.)
595 4005 639 4070 Et
666 4028 727 4092 ego
757 4006 876 4072 Petrus
906 4009 947 4075 de
976 4009 1101 4097 Arpino
1130 4011 1215 4075 sacri
1244 4013 1389 4076 notarius
1420 4012 1543 4098 Palatij
1572 4014 1655 4079 hanc
1685 4015 1878 4080 sententiam
1910 4037 1953 4080 ex
1981 4016 2133 4083 mandato

317 4110 438 4176 domini
462 4112 584 4176 Ubaldi
606 4113 763 4200 prepositj
789 4116 917 4202 collegii
940 4119 1044 4182 saneti
1067 4117 1221 4205 Prosperi
1249 4120 1377 4206 scripsi,
1401 4128 1434 4184 et
1466 4121 1636 4186 emendavi
1665 4121 1750 4187 infra
1772 4121 1832 4186 VI.
1855 4122 1975 4187 lineam
1997 4123 2037 4188 de
2061 4146 2133 4189 sen·

314 4217 417 4282 tentia
441 4219 508 4282 lata
532 4241 552 4283 a
575 4220 704 4286 domino
729 4220 903 4287 Ubandino
932 4248 946 4280 s
973 4224 1075 4310 prime
1100 4247 1131 4308 ι,
1155 4233 1188 4290 et
1211 4226 1396 4313 subscripsi.

517 4327 548 4391 A
571 4334 672 4393 tero:

323 4449 327 4456 ·
405 4326 572 4498 Sentehtia
596 4325 735 4519 qhedirm
758 4436 842 4500 inter
866 4444 1013 4502 sanctum
1038 4437 1240 4526 Stephanum
1263 4447 1296 4506 et
1319 4449 1466 4507 sanctum
1489 4443 1672 4508 Iohannem
1695 4444 1728 4508 in
1751 4444 1872 4511 Monte.

403 4539 533 4603 Castam
557 4541 703 4606 invenies
728 4542 767 4607 de
791 4545 1028 4629 permutatione
1052 4545 1141 4611 faeta
1164 4547 1203 4612 de
1227 4548 1420 4634 Viadagola.

1193 4922 1253 4986 XI.

1097 5155 1193 5238 1209,
1218 5156 1261 5218 30
1283 5159 1356 5220 antri.

598 5378 650 5443 Ειι
675 5380 850 5447 Tabulario
873 5381 963 5449 Max.
989 5385 1126 5469 bonon,
1149 5387 1183 5450 in
1207 5386 1347 5472 Ropistro
1373 5389 1495 5474 Gnosso,
1518 5390 1574 5454 lib.
1598 5390 1646 5474 L,
1670 5413 1697 5456 o.
1725 5394 1784 5457 181
1811 5414 1836 5458 r.

402 5608 581 5696 Exemplar
603 5611 771 5677 cuiusdam
795 5615 1000 5681 instrumenti
1023 5639 1069 5683 sre
1091 5621 1290 5705 inerprentis:
1315 5621 1355 5685 In
1381 5622 1510 5688 nomine
1532 5622 1664 5688 Domini
1688 5625 1857 5691 millesimo
1881 5626 1934 5692 00
1956 5628 2053 5715 viiij..
2077 5630 2129 5694 die

313 5715 454 5780 secundo
479 5724 618 5782 exeunte
643 5740 752 5784 meuse
776 5721 885 5805 madii,
899 5723 1077 5807 jndietione
1101 5725 1301 5810 duodecima,
1315 5729 1353 5813 jn
1375 5729 1539 5815 presentia
1561 5730 1682 5796 domini
1703 5731 1838 5819 Ugolini
1853 5734 1963 5820 legum
1977 5735 2127 5822 doctoris,

312 5823 433 5889 domini
456 5824 598 5888 Bandini
619 5826 729 5911 legum
744 5827 894 5912 doctoris,
912 5831 1033 5895 domini
1055 5831 1217 5919 Arpinelli
1241 5843 1274 5900 et
1296 5835 1418 5902 domini
1433 5835 1567 5922 Ugolini
1581 5837 1695 5922 Pizoli,
1714 5848 1959 5926 procuratorum
1974 5842 2127 5910 Comanis

311 5930 468 6014 Bononie,
493 5937 569 5997 tuno
593 5933 717 5998 domini
745 5934 982 6020 Gothesoalohi,
1006 5939 1128 6004 domini
1150 5941 1361 6026 Ranbertini,
1384 5943 1562 6028 Ranberti,
1585 5952 1661 6011 tunc
1684 5947 1823 6012 militum
1842 5949 1981 6034 justitie,
2005 5950 2126 6018 domini

312 6036 427 6102 Iacchi
452 6039 581 6103 Alberti
603 6040 697 6122 Ursi,
721 6042 843 6107 domini
874 6044 1039 6110 Guilielmi
1062 6046 1102 6111 de
1125 6047 1320 6134 Malavolta,
1344 6051 1465 6116 domini
1487 6051 1677 6118 Munsarelli
1707 6059 1741 6118 et
1770 6055 1908 6120 aliorum
1935 6078 2033 6142 quam
2055 6060 2126 6146 plu-

312 6143 414 6227 rium,
437 6144 586 6211 dominus
611 6147 719 6213 Guido
742 6148 943 6235 Lanbertini,
968 6153 1007 6218 de
1031 6155 1182 6221 mandato
1206 6155 1328 6242 dominj
1353 6157 1465 6224 Gilioli
1492 6158 1532 6224 de
1565 6159 1678 6244 Sesso,
1701 6160 1877 6227 Potestatis
1899 6163 2056 6250 Bononie,
2081 6167 2127 6231 ita

312 6252 478 6336 respondit
500 6252 629 6319 domino
653 6255 842 6322 Patriarche
867 6266 900 6323 et
922 6259 1118 6344 Camerario,
1143 6265 1229 6348 quod
1252 6265 1471 6351 possessiones
1494 6273 1527 6331 et
1549 6273 1670 6351 terras,
1695 6289 1775 6354 quas
1798 6268 1940 6336 habebat
1963 6271 2125 6340 Henricus

312 6357 493 6444 Imperator
516 6367 660 6447 tempore
684 6364 808 6448 mortis,
833 6371 866 6430 et
888 6369 1058 6454 occupavit
1081 6369 1224 6436 (lomene
1247 6372 1393 6438 Bononio
1416 6380 1490 6459 post
1511 6381 1639 6460 tempus
1662 6376 1783 6460 mortis,
1808 6398 1870 6463 que
1893 6379 2023 6444 suntin
2048 6380 2125 6468 Epi·

311 6472 446 6551 scopatu
468 6466 615 6533 Bononio
642 6470 695 6534 vel
726 6471 790 6536 alio
814 6471 1030 6562 Episcopatu,
1053 6478 1113 6543 has
1137 6486 1246 6544 autem
1269 6480 1478 6567 intelligimus
1501 6503 1572 6547 esse
1595 6482 1790 6548 Medicinam
1820 6491 1852 6549 et
1882 6485 1972 6550 illam
1998 6496 2125 6573 partem
