5492 7750
626 611 675 683 26
1416 634 1657 684 noncupans

623 786 847 851 constituimus
872 807 929 852 vos
953 807 1155 874 possessores
1178 787 1396 874 predictorum
1420 787 1563 852 omnium
1586 809 1645 874 pro
1670 787 1840 852 Communi
1860 787 2017 870 Bononia,
2037 795 2069 853 et
2085 789 2216 875 insuper
2232 789 2447 876 promittimus

623 893 752 957 nomine
777 893 963 959 Communis
983 895 1053 979 jam
1077 893 1155 958 dicti
1178 895 1239 958 loci
1264 900 1296 958 ct
1320 901 1445 976 nostro,
1471 895 1580 958 omnia
1603 894 1748 981 predicta
1771 917 1829 982 per
1853 917 1911 960 nos
1936 903 2126 982 nostrosque
2150 917 2352 961 successores
2374 919 2447 983 per·

624 1007 722 1086 petuo
745 1001 838 1065 firma
861 1023 991 1066 servare
1015 1008 1047 1066 et
1070 1001 1102 1065 in
1128 1001 1217 1066 nullo
1241 1001 1476 1083 contravenire,
1494 1008 1528 1066 et
1550 1002 1730 1088 predictum
1755 1009 1898 1066 castrum
1922 1023 1994 1066 cnm
2018 1009 2086 1068 toto
2109 1009 2218 1068 mente
2241 1009 2273 1068 et
2297 1004 2447 1068 cucherla

623 1127 682 1193 pro
708 1107 879 1172 Communi
901 1107 1048 1173 Bononie
1072 1115 1104 1173 et
1128 1108 1170 1172 ad
1192 1109 1348 1173 honorem
1371 1115 1404 1172 et
1428 1108 1601 1173 utilitatem
1625 1107 1812 1174 Communis
1835 1108 1982 1173 Bononia
2005 1116 2162 1196 perpetuo
2185 1117 2295 1174 tenere
2323 1117 2356 1176 et
2383 1111 2446 1174 sal·

623 1235 701 1278 rare
727 1221 823 1301 atque
848 1215 1010 1280 custodire
1034 1223 1147 1280 contra
1171 1237 1298 1280 omnem
1323 1215 1496 1280 hominem.
1521 1214 1565 1280 Et
1587 1216 1733 1281 homines
1756 1215 1903 1280 Bononio
1937 1237 2113 1303 eorumque
2144 1239 2196 1282 res
2227 1239 2264 1282 ac
2297 1199 2382 1282 bona
2413 1220 2446 1282 in

624 1321 695 1407 ipso
718 1329 824 1387 castro
849 1329 881 1386 et
904 1329 973 1386 tota
997 1324 1068 1406 ejus
1092 1323 1182 1387 curia
1206 1323 1334 1386 salvare
1358 1330 1454 1408 atque
1480 1322 1654 1387 defendere
1679 1331 1711 1388 et
1734 1323 1890 1408 adjuvare
1909 1329 2021 1388 contra
2045 1345 2172 1388 omnem
2191 1325 2370 1406 hominom;
2388 1347 2447 1390 nec

624 1426 766 1514 aliquem
788 1429 952 1494 hominem
975 1435 1089 1494 contra
1112 1430 1267 1495 honorem
1292 1429 1478 1494 Communis
1502 1429 1649 1494 Bcnonie
1674 1431 1706 1494 in
1731 1451 1769 1495 co
1793 1438 1898 1495 castro
1923 1438 1980 1495 ant
2008 1432 2078 1514 ejus
2110 1432 2200 1496 curia
2226 1432 2371 1518 recipcre
2394 1432 2446 1496 vel

624 1536 774 1601 retinere.
791 1535 904 1624 Ipsum
924 1537 1023 1602 ctiam
1047 1543 1188 1602 castrum
1212 1544 1245 1602 et
1268 1539 1339 1622 ejus
1364 1537 1550 1602 cucherlam
1576 1537 1720 1624 predicte
1742 1537 1912 1621 Potestati,
1930 1539 2065 1624 aliisque
2081 1537 2274 1604 Rectcribus
2290 1538 2447 1622 Bononie‚

624 1643 679 1728 qui
702 1664 761 1730 pro
786 1627 931 1731 tempore
955 1644 1085 1729 luerint,
1110 1651 1166 1708 aut
1190 1665 1301 1709 eorum
1325 1644 1456 1728 nuntiis,
1479 1665 1544 1709 non
1566 1651 1689 1728 vetare,
1709 1666 1768 1710 nec
1791 1645 1963 1732 prohibere
1986 1667 2044 1733 pro
2068 1667 2187 1730 guerra
2210 1647 2263 1711 rel
2286 1667 2447 1734 pacesue

625 1750 760 1816 arbitrio
783 1751 949 1835 facienda,
974 1773 1048 1816 cum
1070 1752 1298 1838 guarnimcuto
1321 1761 1353 1816 ct
1376 1751 1446 1816 sine
1471 1751 1714 1838 guarnimcnt03
1738 1759 1770 1816 ct
1793 1775 1858 1817 non
1881 1754 2000 1818 crimus
2024 1753 2057 1818 in
2087 1753 2173 1818 facto
2204 1775 2263 1818 nce
2294 1753 2445 1836 consilio,

624 1879 684 1923 nec
707 1858 774 1923 ullo
799 1859 863 1922 alio
888 1859 1018 1944 ingenio
1042 1859 1278 1923 consentiemus
1301 1880 1360 1945 per
1383 1881 1455 1942 uos,
1480 1858 1533 1922 vel
1557 1880 1615 1945 pcr
1639 1859 1720 1922 alios
1744 1859 1829 1944 quod
1853 1859 2030 1924 Commune
2053 1860 2200 1925 Bononia
2231 1861 2346 1948 perdat
2373 1883 2445 1948 pre·

624 1965 746 2030 dictum
769 1973 912 2031 castrum
936 1965 988 2029 vel
1012 1965 1195 2030 cucherlam
1221 1966 1272 2030 sel
1297 1968 1368 2051 ejus
1391 1966 1563 2049 honorem,
1588 1965 1698 2030 autel
1728 1966 1935 2031 diminuatur.
1959 1967 2002 2031 Et
2032 1967 2059 2031 si
2093 1967 2270 2032 Commune
2300 1969 2446 2033 Bononia

623 2073 732 2158 aliquo
756 2073 789 2137 in
814 2081 959 2160 tempore
983 2073 1160 2160 perdiderit
1185 2073 1347 2159 profatum
1370 2081 1512 2138 castrum
1535 2073 1587 2137 vel
1611 2073 1806 2156 cucherlam,
1824 2073 1909 2138 bona
1932 2073 2005 2156 fide,
2023 2075 2091 2138 sinc
2108 2074 2233 2158 fraude,
2250 2097 2322 2140 cum
2338 2075 2445 2141 Bono-

624 2181 790 2245 niensibus
813 2187 846 2244 et
870 2181 939 2244 siue
964 2180 1223 2245 Bononiensibus
1248 2181 1431 2245 omnimodo
1456 2201 1633 2267 proposse
1666 2202 1858 2267 recuperare
1888 2181 2103 2264 studebimus,
2127 2190 2160 2245 ct
2183 2182 2327 2268 predicto
2351 2183 2446 2248 modo

623 2287 844 2353 retinebimus.
869 2287 912 2352 Et
935 2309 993 2374 pro
1018 2288 1068 2353 his
1093 2288 1241 2352 omnibus
1265 2310 1284 2351 a
1308 2287 1400 2352 nobis
1424 2296 1457 2353 et
1485 2288 1601 2352 nostris
1633 2289 1871 2352 successoribus
1903 2288 2113 2353 observandis
2138 2299 2304 2376 perpetuo,
2329 2311 2447 2376 penam

623 2395 711 2460 mille
735 2395 941 2459 marcharum
965 2396 1092 2480 argenti
1116 2396 1207 2459 vobis
1231 2395 1361 2460 domino
1385 2395 1509 2460 Uberto
1525 2395 1718 2460 Vicecomiti
1734 2395 1912 2478 Placentia,
1927 2395 2073 2460 Bononie
2089 2394 2259 2479 Potestati,
2276 2419 2334 2484 pro
2351 2397 2445 2462 Com-

623 2503 713 2566 muni
735 2502 882 2567 Bononie
906 2503 1085 2588 recipienti,
1103 2503 1230 2589 tuisque
1255 2503 1493 2567 successoribus
1511 2503 1543 2566 in
1559 2501 1717 2586 regimine
1734 2501 1881 2566 Bononie
1901 2503 2126 2589 promittimus,
2143 2509 2175 2567 et
2192 2525 2303 2568 omnes
2319 2512 2446 2569 nostras

503 2595 508 2602 ’
623 2609 858 2696 possessiones,
883 2610 1099 2695 proprietates
1123 2617 1155 2674 ct
1176 2611 1252 2694 jura
1275 2609 1367 2674 robis
1391 2609 1589 2695 obligamus,
1613 2617 1649 2672 nt
1670 2609 1698 2672 si
1723 2609 2016 2674 contrafacercnrus
2039 2630 2097 2674 nos
2120 2610 2172 2674 vel
2197 2611 2298 2674 nostri
2321 2632 2447 2675 sncces-

622 2737 729 2799 sores,
753 2723 862 2780 restra
894 2716 1105 2799 auctoritate,
1130 2723 1254 2780 remota
1283 2717 1370 2780 omni
1403 2717 1571 2781 occasione
1593 2716 1695 2800 juris,
1720 2736 1878 2803 occupare
1901 2716 2051 2802 possitis;
2074 2723 2106 2781 et
2132 2717 2341 2781 nihilominus
2364 2739 2449 2804 pena

623 2823 740 2906 soluta,
766 2824 874 2888 omnia
898 2823 1085 2909 supradicta
1108 2824 1140 2886 in
1165 2845 1222 2888 suo
1247 2824 1361 2888 robore
1384 2831 1606 2910 permaneant.

713 2929 784 3005 Que
809 2931 918 2994 omnia
942 2929 1129 3016 supradicta
1153 2931 1221 2995 sinc
1246 2931 1333 2995 omni
1356 2930 1429 2996 dolo
1454 2937 1486 2994 et
1511 2930 1625 2994 fraudo
1650 2939 1805 3016 perpetuo
1831 2929 2061 2994 inviolabiliter
2079 2931 2202 2994 serrari
2219 2931 2444 3017 promittimus,

623 3044 656 3100 et
679 3037 891 3123 corporaliter
915 3037 1083 3101 attendere
1104 3038 1262 3121 juramus.
1286 3037 1519 3121 Pronriscrunt,
1538 3043 1572 3100 ut
1596 3037 1777 3124 predictum
1801 3041 1859 3118 est,
1877 3043 1909 3100 et
1932 3036 2142 3122 corporaliter
2162 3037 2355 3122 juraverunt
2378 3059 2443 3102 ser·

623 3165 701 3208 vare
733 3165 792 3230 per
819 3165 853 3208 sc
885 3165 1024 3231 suosque
1053 3166 1254 3208 successores
1284 3154 1440 3232 perpetuo
1464 3145 1655 3209 Pctrocinus
1679 3143 1719 3207 de
1742 3143 1952 3208 llontebellio
1980 3151 2012 3208 et
2035 3143 2257 3229 Henrcgettus
2287 3144 2444 3210 Consules

622 3251 845 3334 Montisbellii,
871 3251 1051 3317 Cuidoctus
1075 3252 1269 3338 Tigrirnutii,
1295 3253 1508 3317 Gerardcttus
1531 3251 1755 3333 Portunarius,
1779 3250 1934 3316 Albcrtus
1958 3250 2086 3315 dominc
2109 3251 2217 3335 Ilelic,
2240 3252 2375 3316 Jocnlus
2402 3253 2442 3316 de

622 3356 760 3441 Unzola,
785 3358 892 3423 (luido
916 3359 1105 3424 Rainaldini
1128 3367 1160 3424 ct
1185 3360 1384 3424 Gerardiuus
1408 3360 1447 3424 dc
1477 3358 1644 3443 Trullone,
1669 3358 1798 3423 domino
1820 3358 1944 3422 Uberto
1968 3358 2159 3423 l'icecomiti
2181 3359 2359 3442 Placentic,
2379 3358 2442 3424 Bc-

622 3465 717 3530 nonie
741 3465 912 3548 Potestati,
937 3466 1105 3553 recipienti
1129 3467 1256 3532 neruiue
1283 3467 1469 3532 Communis
1492 3466 1650 3532 Bononic.

709 3573 830 3638 Actum
853 3573 887 3637 in
917 3573 1011 3638 domo
1043 3573 1207 3660 quondam
1239 3575 1361 3639 domini
1388 3574 1540 3659 Bulgari,
1566 3574 1621 3637 ubi
1645 3579 1789 3637 moratur
1812 3573 1941 3658 prelata
1963 3573 2131 3656 Potestas,
2155 3574 2358 3659 presentibus
2386 3573 2443 3638 do-

621 3681 708 3747 mino
728 3680 872 3767 Rogcrio
896 3681 935 3746 dc
961 3681 1149 3764 Sarturano,
1167 3683 1296 3747 domino
1319 3683 1460 3747 blattina
1481 3681 1582 3765 Aioli,
1599 3681 1728 3746 domino
1751 3680 1926 3764 Landullo,
1947 3681 2076 3745 domino
2101 3681 2235 3746 Giberto
2257 3689 2291 3746 et
2314 3681 2443 3748 domine

620 3785 805 3853 Alamanno
831 3789 1001 3854 Judicibus
1027 3789 1223 3872 Communis,
1248 3790 1378 3854 domino
1402 3789 1517 3870 Docto,
1543 3788 1673 3852 domiuo
1697 3787 1877 3872 Ramisino,
1901 3787 2030 3852 domino
2053 3787 2179 3853 ilberto
2203 3789 2243 3854 de
2266 3789 2387 3871 Balsio,
2411 3797 2444 3853 et

620 3893 815 3961 Mamiliotto
840 3896 1034 3962 Consulibus
1056 3898 1193 3983 justitie,
1219 3897 1357 3962 Saliario
1380 3897 1551 3980 Massario,
1575 3896 1726 3962 Johanne
1750 3895 1885 3960 Notario
1907 3894 2094 3978 Potestatis,
2112 3895 2285 3960 Guiliclmo
2308 3895 2443 3962 Notarie

622 3999 825 4085 Communis,
850 4003 980 4068 domiuo
1013 4003 1162 4068 Guidone
1195 4004 1414 4086 Lambertini,
1443 4003 1575 4068 domino
1607 4002 1745 4066 Oderico
1775 4001 1884 4087 legum
1915 4002 2063 4086 doctore,
2095 4002 2226 4066 domino
2256 4003 2386 4085 Acone,
2410 4009 2443 4067 et

622 4107 752 4175 domino
776 4109 892 4196 Ugone
913 4111 997 4196 juris
1022 4112 1272 4198 professoribus,
1295 4111 1434 4175 Oderico
1460 4110 1627 4192 Galitiani,
1650 4109 1748 4174 Petro
1773 4109 1931 4174 (luidonis
1956 4108 2132 4192 Romantii,
2156 4109 2297 4195 Ugolino
2321 4110 2443 4174 domini

622 4214 798 4301 Guilielmi,
823 4217 982 4283 Miehacle
1006 4218 1045 4284 de
1071 4219 1269 4304 Calcagnile,
1287 4217 1465 4282 Ramberto
1488 4217 1528 4281 de
1552 4217 1687 4297 Albarc,
1710 4216 1858 4281 (luidone
1881 4216 2055 4298 Bunalclli,
2080 4216 2264 4300 Bunalcllo,
2287 4216 2443 4282 Lamber-

621 4324 689 4388 tino
713 4325 785 4409 ejus
806 4325 902 4408 filiis,
927 4326 1073 4391 Zacharo
1098 4325 1278 4408 causidico,
1302 4324 1459 4389 Raincrio
1485 4323 1664 4410 Spiularic,
1688 4322 1866 4388 Ramberto
1890 4322 2070 4406 Bazalcrii,
2095 4323 2294 4406 Bonasolta,
2318 4324 2442 4390 Jacobo

618 4431 740 4518 judice,
765 4431 937 4516 Cranario,
961 4433 1113 4498 Johannc
1136 4433 1239 4497 Paolo
1263 4432 1448 4515 Guiliclmi,
1473 4431 1615 4516 Ugclinc
1639 4431 1679 4494 de
1702 4430 1874 4513 Prunario,
1898 4431 2093 4514 Barnialdo‚
2119 4430 2294 4497 Corrulino
2317 4431 2357 4496 de
2381 4431 2443 4497 Ca·

621 4539 733 4622 stello,
757 4540 894 4605 Albcrto
918 4541 959 4606 de
984 4541 1127 4622 Olzano,
1151 4541 1344 4622 Barnabau,
1367 4538 1565 4603 Ildebrando
1596 4539 1733 4603 Henrici
1757 4538 1901 4621 Schelle,
1926 4539 2051 4604 Jacobo
2074 4539 2208 4604 Martini
2230 4539 2270 4603 de
2294 4539 2441 4622 Calcina,

621 4645 764 4712 Rodulfo
788 4647 947 4713 Guidouis
972 4647 1147 4730 Corvolini,
1172 4647 1374 4711 Zamboniuo
1398 4645 1599 4727 Zanzarello,
1624 4645 1759 4711 Cambio
1783 4646 1953 4728 Tancrcdi,
1977 4646 2126 4710 Gnidone
2153 4646 2194 4710 de
2216 4645 2363 4728 Albcrio,
2381 4646 2442 4711 Ca-

621 4754 736 4819 nonico
760 4754 901 4839 Arardi,
924 4755 1073 4819 Ventura
1097 4755 1234 4836 notario,
1258 4753 1437 4835 Cerronio,
1461 4753 1638 4835 Feliciano,
1662 4752 1807 4818 Bolnisio
1830 4755 1901 4838 ejus
1925 4754 2039 4835 fratre,
2063 4753 2193 4817 Ubaldo
2216 4753 2257 4818 de
2281 4753 2440 4836 Scauello,

621 4859 781 4926 Zacharia
805 4861 988 4927 Rambaldo
1011 4863 1084 4946 ejus
1107 4862 1184 4944 filio,
1201 4860 1347 4925 Victoria
1371 4859 1461 4925 Petri
1484 4860 1525 4924 de
1548 4859 1635 4943 vite,
1658 4860 1833 4946 Angelino,
1857 4860 2116 4942 Coastalaseolc,
2140 4869 2172 4924 et
2195 4860 2441 4926 Lambertuccio

621 4967 789 5034 Fastorum
812 4969 853 5033 ad
877 4970 937 5034 hec
961 4968 1148 5056 specialiter
1171 4968 1305 5053 rogatis.

709 5075 782 5162 Ego
799 5077 999 5162 Tettacapra
1016 5074 1094 5140 olim
1114 5072 1298 5157 F[riderici]
1315 5074 1519 5160 imperatoris
1535 5073 1727 5138 auctoritate
1743 5074 1899 5157 notarius,
1911 5081 2045 5160 rogatus
2060 5073 2192 5139 interfui
2207 5083 2239 5139 ct
2255 5074 2439 5161 subscripsi.

1498 5429 1575 5494 VH.

1389 5663 1486 5744 1193,
1509 5663 1552 5726 31
1575 5663 1683 5726 octobr.

1122 5892 1175 5956 Ex
1198 5893 1311 5958 eodem
1337 5892 1478 5979 Rapis-tre
1503 5895 1626 5976 Gmaao,
1648 5892 1706 5958 lib.
1729 5893 1772 5974 I.,
1797 5916 1824 5958 c.
1850 5897 1892 5958 68
1917 5916 1941 5958 ι.

711 6147 808 6211 Anno
832 6143 965 6210 Domini
987 6143 1032 6209 u.
1057 6143 1093 6210 C.
1119 6145 1330 6230 nonagesimo
1353 6151 1486 6228 octavo,
1512 6145 1686 6210 indictione
1706 6147 1750 6230 j.,
1774 6145 1877 6232 pridie
1909 6145 2067 6210 kalendas
2097 6145 2282 6210 novembris
2312 6145 2347 6210 in
2375 6146 2440 6210 Bo·

622 6255 732 6336 nonia,
748 6253 782 6317 in
803 6251 927 6317 Pontili
950 6252 1082 6339 hospitii
1105 6252 1227 6316 domini
1247 6253 1373 6334 Uberti,
1390 6253 1597 6318 bononiensis
1620 6253 1806 6335 Potestatis,
1823 6274 1931 6318 coram
1955 6252 2085 6317 domino
2107 6252 2250 6338 Ugolino
2273 6251 2313 6316 de
2330 6251 2439 6334 (losio,

617 6361 744 6448 judice,
771 6359 872 6425 Petro
902 6359 943 6424 de
974 6359 1172 6443 Romancio,
1195 6359 1345 6425 Rodaldo
1371 6359 1506 6444 Rubeo,
1529 6360 1693 6426 Palmerio
1725 6360 1913 6442 causidicis,
1937 6367 1970 6424 et
2001 6359 2074 6424 aliis
2103 6360 2213 6424 multis
2237 6359 2439 6437 (L‘donriuus

621 6468 829 6535 Johanninns
850 6466 1039 6554 Preceptor,
1062 6468 1158 6533 tactis
1190 6468 1404 6533 sacrosanctis
1435 6466 1643 6554 Evangeliis,
1667 6468 1784 6532 iurarit
1808 6466 1894 6553 qnod
1917 6466 1958 6531 de
1982 6473 2089 6532 cetero
2115 6469 2150 6532 in
2177 6467 2319 6553 aliquam
2342 6467 2439 6532 aliam
