5490 7750
541 622 614 694 106
1241 605 1243 610 ⁵
1329 644 1569 696 uosuusnra

626 799 750 863 Eodem
774 819 870 882 anno,
888 798 939 863 die
964 799 1038 864 lune
1064 808 1179 885 quarta
1202 799 1338 886 predicti
1362 800 1480 863 mensis
1501 800 1656 884 januarij,
1675 801 1830 882 nonnulli,
1847 800 1915 865 fere
1940 802 2056 887 viginti
2078 811 2110 866 et
2133 803 2229 885 ultra,
2247 804 2301 888 qui
2324 824 2358 866 se

538 905 698 971 Antianos
715 913 747 970 et
764 905 972 971 consiliarios
997 906 1183 972 Communis
1208 913 1240 970 et
1262 906 1381 992 Populi
1405 907 1544 971 civitatis
1567 907 1711 993 predicte
1736 907 1897 990 dicebant,
1913 917 2071 973 venerunt
2094 909 2136 973 ad
2159 909 2281 974 dietum
2303 910 2358 974 do·

538 1014 661 1078 minum
686 1014 847 1077 notarium
870 1015 1019 1078 nuntium
1043 1015 1075 1076 in
1098 1014 1245 1078 domibus
1263 1015 1450 1098 monasterij
1468 1015 1571 1078 saneti
1589 1015 1767 1080 Salvatoris
1784 1015 2001 1098 bononiensis,
2019 1017 2075 1080 ubi
2090 1017 2195 1081 dictus
2211 1017 2358 1081 dominus

536 1121 681 1186 notarius
704 1121 836 1184 nuntius
860 1142 933 1185 cum
956 1142 1015 1184 sua
1037 1120 1162 1184 familia
1186 1121 1358 1203 residebat,
1376 1128 1408 1185 et
1431 1121 1583 1185 dixerunt
1606 1129 1679 1208 post
1704 1123 1805 1186 multa
1829 1122 1929 1186 verba
1953 1123 2065 1188 habita
2085 1124 2169 1188 inter
2189 1146 2255 1208 eos,
2272 1124 2358 1210 qued

535 1227 569 1292 in
593 1227 670 1314 ipsis
695 1227 797 1291 literis
823 1228 1007 1314 apostolicis
1032 1228 1203 1313 legationis
1220 1228 1273 1292 vel
1297 1228 1512 1292 nunciationis
1537 1229 1682 1312 ejusdem
1705 1229 1826 1293 domini
1850 1231 1967 1294 notarii
1991 1230 2095 1294 nuntii
2111 1231 2358 1295 continebantur

537 1334 693 1399 nonnulle
717 1334 871 1415 clausule,
896 1355 953 1397 seu
976 1335 1130 1420 capitula,
1148 1355 1209 1420 que
1234 1335 1280 1398 eis
1305 1334 1485 1417 Communi,
1502 1337 1707 1400 universitati
1723 1344 1755 1400 et
1771 1337 1890 1422 populo
1911 1338 2050 1402 civitatis
2066 1338 2208 1424 predicte
2225 1338 2359 1402 nimium

538 1463 675 1506 onerosa
699 1449 732 1505 et
755 1442 885 1505 omnino
909 1442 1128 1527 importabilia
1152 1443 1221 1506 fore
1245 1443 1444 1525 asserebant,
1469 1451 1501 1506 et
1531 1465 1594 1528 que
1616 1443 1705 1507 nullo
1730 1443 1825 1508 modo
1848 1465 1883 1508 se
1906 1445 2045 1508 tolerare
2069 1445 2153 1509 velle
2181 1467 2240 1510 nec
2263 1467 2358 1531 posse

536 1549 704 1631 dicebaut3
722 1555 931 1635 propterque
955 1549 1163 1633 requirebant
1183 1571 1257 1612 eum
1273 1571 1437 1636 expresse,
1455 1556 1486 1614 et
1502 1573 1573 1615 cum
1591 1551 1745 1614 instantia
1761 1551 1931 1636 rogabant,
1949 1551 2044 1637 quod,
2063 1553 2223 1637 quamcito
2239 1559 2358 1639 posset,

536 1657 656 1722 rediret
686 1678 743 1721 seu
774 1663 934 1721 remearet
961 1656 1000 1719 ad
1026 1678 1193 1720 romanam
1218 1657 1363 1740 Ouriam,
1388 1665 1420 1721 et
1444 1659 1529 1744 quod
1553 1659 1688 1723 instaret
1712 1666 1744 1724 et
1767 1661 1964 1747 supplicaret
1987 1681 2045 1746 pro
2070 1661 2284 1747 reparatione,
2308 1681 2358 1724 re·

535 1762 685 1846 sectione,
703 1785 760 1828 seu
784 1763 1004 1828 moderatione
1028 1764 1246 1828 clausularum
1274 1771 1306 1828 et
1330 1764 1545 1851 capitulorum
1569 1766 1796 1852 predictorum,
1814 1775 1846 1832 et
1869 1767 2060 1832 admirative
2084 1768 2181 1831 etiam
2198 1767 2358 1849 dicebant,

537 1893 637 1957 quare
661 1879 787 1935 tantum
810 1871 843 1934 in
867 1871 953 1935 dieta
977 1871 1107 1935 civitate
1131 1872 1328 1954 morabatur,
1353 1872 1439 1958 quod
1462 1894 1527 1936 non
1551 1874 1723 1938 recedebat
1747 1875 1787 1938 de
1812 1874 1899 1940 dicta
1927 1875 2074 1956 civitate,
2099 1881 2131 1938 et
2160 1874 2286 1939 redibat
2317 1873 2358 1938 ad

536 1980 657 2044 dictam
680 1999 847 2043 romanam
869 1979 1000 2043 Curiam
1016 2001 1074 2066 pro
1090 1979 1260 2066 predictis,
1278 1987 1310 2044 et
1327 1981 1411 2065 quod
1429 1981 1629 2045 nullomodo
1647 1982 1875 2069 approbarent,
1892 1983 2129 2063 confirmarent,
2147 2003 2205 2045 seu
2220 1982 2359 2045 ratifica-

536 2094 609 2152 rent
633 2087 757 2173 aliquid
780 2085 819 2151 de
844 2087 1002 2150 contentis
1026 2088 1059 2150 in
1083 2087 1176 2150 dictis
1200 2087 1302 2150 literis
1326 2088 1521 2173 apostolicis,
1540 2089 1601 2151 nisi
1624 2089 1713 2174 prius
1730 2090 1815 2153 dieta
1833 2090 1986 2176 capitula,
2003 2111 2060 2153 seu
2081 2089 2235 2170 clausule,
2252 2095 2360 2152 essent

535 2216 594 2281 per
617 2194 720 2258 dictos
744 2193 890 2258 dominos
915 2201 1041 2258 nostros
1057 2193 1182 2279 Papam
1198 2203 1230 2257 et
1248 2194 1437 2258 cardinales
1462 2196 1639 2278 moderata,
1656 2197 1840 2261 modificata
1856 2204 1888 2261 et
1904 2204 2066 2283 reparata.
2082 2195 2234 2259 Prefatus
2250 2202 2360 2259 autem

536 2301 684 2366 dominus
713 2302 857 2366 notarius
881 2308 913 2364 et
937 2302 1067 2365 nuntius
1091 2301 1256 2387 respondit
1281 2309 1312 2365 et
1335 2302 1418 2364 dixit
1449 2302 1588 2384 eisdem,
1613 2303 1699 2389 quod
1730 2305 1798 2389 ipse
1830 2311 1964 2368 venerat
1994 2311 2026 2367 ct
2058 2304 2173 2366 missus
2201 2309 2272 2367 erat
2301 2323 2359 2388 per

536 2408 702 2472 dominum
725 2413 871 2472 nostrum
895 2408 1019 2493 Papam
1044 2406 1086 2470 ad
1110 2408 1285 2490 civitatem,
1303 2409 1491 2472 comitatum
1515 2416 1546 2472 et
1570 2410 1750 2474 districtum
1774 2411 2005 2474 bononiensem
2020 2410 2182 2496 predictos
2198 2430 2256 2496 pro
2273 2430 2359 2472 eom-

536 2516 672 2602 plendo,
698 2515 888 2601 exequendo
913 2521 944 2578 et
968 2516 1221 2579 consummando
1251 2523 1402 2580 contenta
1433 2517 1466 2580 in
1495 2517 1588 2580 dictis
1611 2517 1713 2582 literis
1737 2518 1940 2603 apostolicis,
1965 2525 1996 2582 et
2020 2517 2149 2603 singula
2173 2518 2359 2582 corumdem

537 2622 713 2688 secundum
736 2645 848 2687 earum
872 2624 1012 2706 modum,
1030 2630 1062 2686 et
1084 2623 1228 2687 ordinem
1245 2645 1281 2688 ac
1303 2625 1534 2688 continentiam
1551 2633 1583 2688 et
1598 2634 1753 2708 tenorem,
1772 2647 1843 2711 que,
1861 2633 2016 2712 quantum
2033 2626 2074 2690 ad
2090 2648 2164 2690 eum
2180 2626 2358 2712 spectabat,

536 2739 670 2818 paratus
694 2742 764 2795 erut
789 2731 943 2817 perficere
964 2737 996 2793 ct
1019 2732 1154 2816 exequi,
1179 2739 1211 2794 et
1235 2753 1456 2796 consummare
1481 2733 1656 2796 secundum
1682 2733 1912 2797 continentiam
1935 2734 2102 2797 literarum
2129 2734 2359 2820 predictarum,

537 2848 569 2904 et
593 2840 632 2904 de
656 2840 716 2903 hoc
740 2838 802 2902 fuit
825 2845 1020 2924 protestatus
1045 2861 1207 2925 expresse.

626 2946 750 3010 Eodem
774 2967 869 3028 anno,
887 2946 938 3010 die
963 2953 1055 3009 sexta
1080 2945 1224 3029 ejusdem
1249 2948 1367 3010 mensis
1383 2948 1537 3031 jannarij,
1555 2947 1658 3011 dictus
1682 2947 1830 3012 dominus
1854 2949 1998 3012 notarius
2018 2949 2150 3012 nuntius
2167 2948 2359 3012 constitutus

536 3055 568 3118 in
594 3054 716 3141 palatio
741 3052 843 3116 veteri
866 3053 1066 3135 bononiensi,
1090 3053 1145 3116 ubi
1166 3055 1219 3136 jus
1245 3053 1334 3117 reddi
1359 3056 1536 3137 consuerit,
1557 3062 1590 3118 et
1612 3055 1667 3119 ubi
1689 3054 1826 3118 Antiaui
1849 3062 1881 3119 et
1903 3056 2041 3142 populus
2066 3055 2258 3140 congregari
2281 3076 2356 3118 con·

536 3167 711 3226 sueverunt
735 3160 776 3223 ad
801 3160 970 3224 eonsilium
993 3159 1187 3242 iaciendum,
1204 3182 1269 3224 nna
1291 3183 1364 3224 cum
1385 3161 1569 3247 supradicto
1593 3162 1723 3226 domino
1748 3162 1880 3226 Thadeo
1897 3184 1934 3226 ac
1950 3163 2127 3245 Potestate,
2144 3169 2176 3226 et
2192 3162 2356 3244 Antianis,

538 3269 749 3350 Consiliariis,
768 3267 986 3354 Sapientibus,
1004 3274 1036 3331 et
1060 3268 1265 3332 multitudine
1282 3269 1394 3354 populi
1411 3270 1551 3333 civitatis
1567 3269 1775 3334 bononiensis
1799 3270 1953 3356 predicte,
1970 3271 2003 3334 in
2027 3291 2091 3356 qua
2108 3270 2358 3354 congregatione

536 3377 726 3442 dicebantur
743 3397 812 3438 esse
830 3376 915 3438 ultra
932 3396 1028 3460 quam
1045 3374 1107 3438 tria
1124 3375 1225 3438 nrillia
1242 3397 1463 3460 personarum,
1482 3398 1539 3440 nco
1557 3399 1620 3440 non
1637 3377 1773 3440 dominis
1789 3378 1894 3441 Paulo
1911 3377 1950 3440 de
1965 3377 2140 3462 Liazarijs,
2153 3375 2357 3440 Maeanhane

537 3485 577 3548 de
600 3483 807 3568 Anzoguidis,
825 3490 857 3546 et
881 3483 979 3546 Petro
997 3482 1035 3546 do
1055 3482 1249 3568 Bompetris,
1275 3483 1563 3566 ambasiatoribus,
1588 3484 1773 3548 doctoribus
1797 3484 2058 3568 bononiensibus,
2083 3505 2121 3548 ao
2144 3483 2294 3548 Rolando
2319 3483 2358 3547 de

537 3592 705 3675 Fantueijs
729 3589 851 3654 sindico
876 3589 1087 3675 supradictis,
1112 3589 1194 3652 dixit
1219 3597 1250 3653 et
1274 3591 1441 3675 proposuit
1472 3613 1580 3654 eoram
1605 3592 1669 3674 eis,
1696 3591 1781 3677 quod
1801 3593 1869 3677 ipse
1893 3598 1963 3656 erat
1994 3592 2111 3655 missus
2142 3591 2184 3655 ad
2215 3612 2269 3655 eos
2300 3613 2358 3675 per

536 3699 701 3763 dominum
724 3706 869 3761 nostrum
893 3718 1054 3760 summum
1078 3696 1268 3761 Pontificem
1292 3704 1323 3761 ct
1347 3697 1387 3760 ad
1414 3698 1588 3781 civitatem,
1607 3699 1794 3762 comitatum
1814 3706 1846 3762 et
1870 3698 2050 3763 districtum
2069 3698 2283 3762 bononienses
2299 3720 2357 3784 pro

536 3805 741 3893 perficiendo,
767 3803 957 3890 complendo
982 3804 1089 3867 omnia
1114 3809 1145 3867 et
1170 3805 1298 3888 singula
1322 3812 1404 3886 aeta,
1430 3812 1532 3890 gesta,
1550 3805 1661 3869 habita
1685 3812 1717 3869 et
1738 3807 1848 3889 jurata
1872 3827 1930 3892 per
1953 3806 2110 3870 sindicum
2135 3811 2167 3869 et
2191 3804 2357 3868 ambasia·
2445 3831 2450 3836 ·

536 3921 622 3978 tores
645 3913 817 3999 predictos,
834 3933 893 3975 nec
915 3933 978 3974 non
995 3911 1102 3974 omnia
1118 3918 1151 3974 et
1167 3912 1295 3996 singula
1312 3912 1373 3975 sibi
1391 3913 1541 3997 imposita
1558 3919 1589 3976 et
1612 3913 1757 3996 injuncta
1773 3935 1832 4000 per
1847 3913 2013 3977 dominum
2029 3921 2174 3978 nostrum
2198 3935 2357 3976 summum

536 4021 726 4086 Pontificem
750 4019 981 4106 supradictum,
999 4007 1094 4104 prout
1118 4019 1149 4082 in
1173 4018 1275 4082 literis
1300 4019 1486 4104 apostolicis
1511 4042 1607 4106 super
1630 4021 1691 4084 hoo
1715 4021 1868 4084 confectis
1893 4021 2018 4107 plenius
2042 4021 2259 4104 continentum
2277 4041 2357 4106 quas

536 4128 647 4192 literas
670 4136 803 4214 paratus
827 4133 897 4191 erat
920 4127 1029 4190 statim
1053 4127 1180 4211 legere,
1205 4147 1262 4190 seu
1285 4125 1352 4211 legi
1375 4126 1482 4190 facere
1507 4134 1539 4191 et
1562 4127 1661 4191 etiam
1683 4127 1866 4213 publicare,
1892 4128 1967 4192 lieet
1998 4128 2037 4192 dc
2068 4127 2161 4192 dictis
2192 4127 2293 4191 literis
2325 4134 2357 4190 et

536 4237 695 4299 contentis
721 4235 822 4298 ineis
847 4234 1019 4297 habuerint
1051 4242 1082 4296 et
1114 4234 1234 4297 habere
1263 4254 1297 4296 se
1322 4233 1463 4297 dixerint
1489 4234 1634 4298 notitiam
1666 4235 1860 4320 pleniorem:
1885 4242 1918 4299 et
1946 4235 2153 4299 nihilominus
2185 4234 2362 4320 quamdam·

536 4343 664 4406 literam
688 4342 909 4427 apostolicam,
927 4362 989 4426 que
1013 4340 1215 4425 dirigebatur
1239 4340 1409 4404 Communi
1432 4349 1464 4404 et
1486 4341 1613 4427 Populo
1638 4341 1776 4405 civitatis
1800 4342 1954 4427 predicte,
1972 4342 2064 4425 eujus
2084 4348 2177 4404 tenor
2199 4341 2274 4405 talis
2297 4347 2356 4422 est,

541 4476 555 4508 u
581 4449 766 4514 Benedictus
789 4451 942 4532 episcopus
964 4468 1069 4512 serens
1091 4469 1246 4510 serrorum
1272 4447 1349 4530 Dei,
1373 4448 1488 4512 dilectis
1507 4448 1583 4531 filiis
1610 4448 1789 4531 Cornmuui,
1812 4451 2005 4512 unirersiiati
2035 4457 2061 4512 et
2085 4449 2199 4532 populo
2229 4449 2358 4512 ciuitatis

535 4565 637 4622 nostre
661 4557 880 4639 Bononiensis,
904 4557 1034 4619 salutern
1062 4563 1088 4618 et
1115 4556 1307 4639 (prostolicam
1338 4554 1581 4620 benedictionem.
1605 4556 1733 4621 Dilectis
1753 4557 1828 4639 filiis
1851 4558 1996 4640 nrapistrc
2020 4555 2119 4618 Paulo
2142 4555 2180 4619 de
2202 4554 2359 4637 Liaearijs

535 4665 742 4746 decretorum,
766 4670 792 4726 et
816 4663 1012 4726 blucunlruno
1034 4663 1071 4726 de
1094 4662 1294 4747 steropiriclis,
1319 4669 1345 4724 et
1369 4661 1460 4726 Petro
1483 4664 1520 4726 de
1551 4663 1725 4748 Bompetris
1747 4664 1847 4748 lepum
1877 4661 2065 4744 doctoribus,
2087 4661 2357 4744 ambasiatoribus,

535 4771 669 4853 rruncijs,
694 4778 720 4834 ei
743 4769 912 4833 carreiribus
935 4770 1050 4850 restris,
1074 4775 1165 4853 atque
1189 4768 1330 4831 finlanda
1354 4769 1509 4853 peraridum
1533 4768 1688 4832 Jolrannis
1709 4770 1747 4833 ele
1770 4767 1940 4846 Fantuciis,
1962 4767 2078 4831 sindico
2102 4774 2129 4832 et
2146 4775 2357 4852 procuratore,

535 4886 562 4942 et
584 4880 694 4941 rrurrtio
717 4877 840 4961 speciali
863 4883 959 4940 uestro
981 4896 1084 4938 coram
1108 4875 1202 4958 nobis,
1219 4883 1245 4939 et
1265 4875 1421 4958 frutribus
1445 4878 1556 4940 nostris
1578 4878 1612 4939 in
1635 4878 1810 4940 consistorio
1827 4875 1951 4960 publico
1973 4874 2225 4959 eornporentibns,
2245 4895 2281 4938 ac
2297 4895 2358 4958 per

534 4986 650 5048 dictmn
673 4985 827 5048 sirnlicum
851 4984 1019 5046 sindicurio
1041 4989 1068 5046 et
1086 4984 1301 5065 procuratorio
1324 4985 1447 5046 riorrriue
1470 4991 1566 5047 cestro
1588 4984 1750 5047 estraellis
1771 5004 1874 5047 coram
1897 4981 1982 5046 nobis
2004 4989 2031 5046 et
2054 4983 2142 5045 dictis
2155 4981 2309 5065 fratribus
2326 4983 2358 5045 in

534 5093 636 5158 eedem
658 5094 834 5156 consistorio
858 5092 1026 5175 recognitio,
1050 5092 1134 5172 actis,
1156 5091 1255 5173 pestis,
1274 5092 1447 5173 promissis,
1472 5092 1628 5174 restitutis,
1651 5092 1742 5172 datis,
1757 5090 1859 5173 factis,
1876 5090 1986 5154 babilis
2003 5097 2029 5154 et
2044 5091 2174 5172 juratis,
2191 5110 2246 5152 nos
2265 5110 2358 5173 suuper

534 5202 586 5281 eis,
610 5207 637 5264 ct
659 5200 719 5282 biis
742 5200 843 5278 etiam,
868 5219 926 5283 que
943 5219 1004 5282 per
1026 5217 1080 5260 nos
1102 5196 1139 5260 de
1163 5197 1313 5260 dictorum
1335 5196 1477 5279 fratrum
1500 5199 1623 5260 consilio
1646 5219 1782 5262 correessa
1806 5205 1832 5262 et
1854 5197 2000 5281 disposita
2020 5197 2164 5280 suerum,
2180 5198 2358 5280 apostolicus

534 5309 639 5372 literas
661 5307 746 5371 bullu-
769 5314 876 5370 nostra
898 5305 1032 5369 bullatas
1055 5305 1097 5368 ad
1114 5311 1298 5388 perpetuam
1322 5306 1368 5368 rei
1390 5307 1568 5368 messoriam
1590 5304 1660 5387 fieri
1680 5306 1820 5388 fecimus,
1830 5313 1927 5390 prout
1943 5326 1980 5369 es
1995 5313 2098 5370 tenore
2113 5308 2264 5389 ipsarum,
2281 5327 2358 5390 quas

533 5417 644 5480 latores
661 5417 853 5499 presentium
878 5413 920 5478 ad
943 5433 993 5477 ros
1016 5420 1119 5476 menies
1142 5433 1241 5476 serrem
1265 5412 1420 5494 deferunt,
1432 5414 1572 5496 poteritis
1588 5414 1714 5496 plenius
1738 5413 1914 5495 informari.
1938 5412 1980 5476 Et
2004 5421 2039 5477 ut
2051 5414 2202 5497 premissa
2217 5433 2356 5477 consum-

533 5525 714 5600 mationem,
739 5530 766 5586 et
789 5522 993 5586 executionem
1011 5521 1157 5604 plenam,
1182 5519 1331 5601 efficacem
1362 5525 1389 5584 et
1418 5519 1605 5584 laudabilem
1632 5527 1786 5584 annitente
1808 5520 1931 5583 domino
1954 5527 2190 5604 consequantur,
2214 5519 2357 5582 dilectum

530 5630 633 5712 filium
664 5631 846 5714 nrapistrnm
878 5628 1049 5711 Guiponem
1075 5626 1114 5690 rie
1143 5633 1246 5690 sancta
1279 5626 1435 5690 Germano
1465 5629 1621 5690 notarium
1651 5634 1790 5690 nostrum
1813 5626 1984 5710 Apostolice
2013 5625 2100 5690 Sedis
2134 5628 2296 5708 nuntium,
2321 5627 2358 5690 (le

533 5737 622 5821 rujm
652 5737 928 5820 circumspectionis
953 5735 1111 5798 industria
1133 5735 1167 5796 in
1191 5736 1312 5819 rrrupuis
1335 5741 1362 5798 et
1384 5734 1494 5797 arduis
1517 5741 1640 5818 erperra
1663 5734 1789 5818 nepotrjs
1811 5741 1838 5796 et
1861 5733 2059 5797 laudabiliter
2089 5732 2297 5817 cornprobata,
2318 5733 2357 5815 fi-

533 5845 642 5930 deique
664 5846 834 5908 coristantia
852 5844 982 5928 plenam·
1003 5844 1034 5905 iu
1057 5841 1193 5904 Domino
1214 5841 1361 5923 fiduciam
1384 5841 1561 5923 obtinemus,
1584 5841 1626 5905 ad
1643 5843 1867 5926 premissorum
1889 5842 2178 5904 consummationem
2201 5847 2228 5904 et
2252 5861 2357 5904 escae·

532 5955 645 6017 tionem
668 5953 705 6017 de
728 5958 833 6015 nostra
855 5951 1037 6014 conscientia
1055 5950 1198 6032 plenarie
1227 5949 1431 6031 informatum
1461 5949 1503 6012 ael
1533 5951 1681 6013 civitatem
1715 5947 1945 6031 bononiensem,
1969 5948 2093 6032 ejusque
2125 5950 2300 6011 comitatum
2332 5955 2357 6010 et

533 6061 705 6124 districtum
725 6058 920 6144 procidimus
936 6057 1144 6142 personaliter
1167 6057 1394 6120 destinandum.
1422 6055 1569 6134 eroeirca
1599 6057 1828 6120 universitatem
1858 6062 1989 6119 cestram
2019 6075 2178 6139 ropamus,
2202 6075 2358 6118 moeremus

532 6176 559 6232 et
583 6169 746 6232 liertanun·
768 6173 880 6230 attente
903 6164 983 6229 nobis
999 6185 1061 6248 per
1083 6163 1245 6249 apostoliea
1268 6165 1382 6248 seriprta
1404 6164 1605 6246 murrduates,
1630 6171 1780 6247 quatenus
1803 6162 1942 6227 eunrdem
1965 6164 2116 6225 aurinum
2138 6163 2231 6224 immo
2252 6163 2358 6245 potius

532 6295 588 6339 rios
609 6277 644 6339 in
666 6277 731 6359 ipso
753 6273 881 6358 benipne
905 6274 1080 6355 recipientes
1104 6279 1131 6336 et
1153 6271 1383 6353 honorificentia
1406 6268 1506 6334 debita
1523 6276 1758 6354 pertractantes,
1780 6277 1844 6333 tam
1866 6270 1915 6352 ijs,
1940 6290 1997 6354 que
2019 6269 2100 6331 idem
2121 6270 2255 6332 aeracius
2278 6267 2358 6332 robis

532 6405 569 6448 ea
587 6389 679 6468 parte
702 6388 808 6446 nostra
831 6381 981 6461 retulerit,
1006 6401 1098 6464 quam
1121 6378 1262 6442 orrrnibus
1286 6386 1313 6442 et
1335 6378 1466 6463 sinpulis
1488 6379 1634 6441 contentis
1657 6379 1690 6440 in
1713 6377 1801 6440 dietis
1822 6377 1919 6440 literis
1941 6376 2117 6461 elilipentins
2139 6376 2305 6456 intellectis,
2324 6376 2358 6438 in

526 6492 687 6576 premissis
710 6487 849 6554 erunibus
873 6494 899 6552 et
922 6487 1053 6572 sinpulis
1070 6487 1230 6570 plenarie,
1254 6486 1418 6568 efficaciter
1449 6493 1476 6549 et
1507 6485 1639 6548 totaliter
1668 6483 1874 6568 adimplendis
1896 6483 1985 6547 eorde
2007 6490 2034 6547 et
2056 6503 2145 6567 opere
2165 6483 2250 6546 illius
2265 6483 2359 6567 plene
