5544 7750
992 644 1075 694 aun.
1106 642 1178 692 clv,
1208 642 1256 691 nu
1286 641 1370 691 cau.
1400 640 1508 691 raon.
2083 619 2157 691 337

345 802 385 875 fit
402 801 666 896 Macagnanurn
685 801 870 897 iuniorem,
892 800 963 897 qui,
984 807 1024 872 ut
1043 823 1088 872 ex
1107 799 1261 872 laudatis
1279 797 1391 871 literis
1411 800 1674 895 comprobatur,
1691 821 1783 871 anno
1803 795 2064 870 MCCOXXX.
2086 808 2164 872 erat

346 951 519 1000 annorum
548 926 656 1022 XX,
687 926 721 999 in
750 925 841 998 vivis
870 949 1044 999 essenon
1073 924 1230 1022 potuisse
1258 948 1351 997 anno
1379 921 1700 996 MOCOXXXIX.
1731 922 1799 996 Sed
1828 922 1910 995 hinc
1938 921 2024 994 illud
2052 921 2163 996 fluere

345 1053 499 1126 arbitror
527 1051 761 1124 dubitandum
790 1051 916 1126 saltem
944 1075 1038 1146 esse,
1069 1057 1189 1122 utrum
1218 1073 1344 1122 revera
1372 1049 1461 1121 adeo
1489 1048 1645 1144 iuvenis,
1675 1048 1971 1145 quemadmodum
2000 1055 2163 1122 statuunt

345 1176 635 1274 Diplovatacoius
663 1176 793 1273 aliique
821 1177 896 1249 vita
923 1176 1066 1248 functus
1095 1175 1140 1248 sit
1167 1175 1411 1270 Maoagnanus
1439 1173 1566 1247 iunior.
1599 1172 1688 1246 Cum
1716 1173 1752 1245 id
1781 1173 1850 1270 ipsi
1876 1173 1951 1247 sine
1979 1171 2051 1246 ullo
2071 1180 2162 1246 teste

344 1299 534 1396 affirment,
563 1325 634 1374 non
664 1301 826 1396 equidem
856 1299 1066 1372 crediderim
1095 1324 1159 1396 pro
1188 1323 1230 1372 oa
1258 1298 1434 1396 opinione,
1460 1299 1586 1396 posito,
1610 1307 1650 1369 ut
1678 1297 1819 1392 dicitur,
1839 1298 1999 1394 pignore,
2021 1305 2161 1371 certan-

345 1425 439 1501 dum.
471 1425 585 1498 Immo
609 1450 688 1497 oum
708 1425 743 1496 in
763 1424 872 1498 allato
893 1433 1120 1497 monumento
1139 1424 1384 1519 Macagnanus
1402 1423 1494 1496 filius
1514 1423 1653 1496 dicatur
1672 1422 1893 1519 Bliobarixii,
1914 1431 2049 1496 certum
2071 1447 2161 1520 pene

344 1550 429 1622 mihi
459 1559 512 1622 est
540 1549 802 1646 Macagnanum
830 1549 1003 1622 iuniorem
1032 1549 1230 1644 designari,
1260 1549 1328 1620 nisi
1362 1548 1465 1620 nimis
1500 1547 1630 1620 multos
1658 1547 1901 1643 Macagnanos
1925 1548 2017 1644 juris
2050 1548 2162 1646 civilis

344 1675 562 1773 professores
590 1699 662 1747 una
691 1675 850 1748 extitisse
879 1682 914 1746 et
942 1675 1102 1747 floruisse
1140 1675 1174 1746 in
1213 1675 1357 1746 ciuitate
1393 1681 1515 1746 nostra
1550 1674 1651 1746 nobis
1685 1672 1819 1767 fingere
1855 1673 2016 1746 velimus.
2047 1673 2163 1768 Igitur

344 1800 545 1897 putaverim
573 1824 654 1872 eum
676 1800 843 1872 iuvenem
861 1799 1016 1896 quidem,
1042 1799 1103 1872 sed
1123 1798 1354 1896 provectioris
1374 1799 1514 1894 aetatis,
1534 1799 1701 1870 nimirum
1720 1823 1851 1870 annum
1873 1799 2014 1870 circiter
2032 1799 2160 1873 XXX.

344 1950 363 1998 e
391 1926 482 1998 riuis
510 1924 700 1998 sublatum.

959 2137 1028 2246 an
1062 2171 1429 2246 arnononnnun
1462 2171 1548 2246 ro)

448 2423 478 2496 Ι.
509 2421 806 2517 ΜΟΟΟΧἮΙΙ.,
837 2422 974 2494 XXXI
1002 2422 1096 2502 maii.
1127 2422 1398 2494 Testamentum
1425 2422 1642 2516 Illaoagnani
1678 2424 1856 2519 quondam
1885 2423 2019 2496 domini
2046 2425 2162 2497 Azao·

343 2549 441 2644 guidi
469 2549 511 2621 de
540 2548 767 2642 Aznognidis,
789 2549 824 2620 in
853 2572 922 2643 quo
951 2549 1143 2644 praecipua
1163 2547 1251 2618 baec
1277 2557 1379 2619 sunt:
1400 2547 1659 2620 Bliobarixium
1678 2557 1713 2621 et
1734 2549 1997 2643 Macagnanum
2015 2558 2162 2646 nepotes

344 2697 426 2746 suos
453 2674 488 2745 in
518 2674 740 2746 comissarios
769 2674 878 2769 eligit.
901 2673 1105 2745 Zaneverae
1125 2679 1161 2744 et
1180 2672 1342 2744 Marinae
1362 2671 1500 2744 filiabus
1519 2672 1638 2768 legata
1659 2674 1834 2769 quaedam
1853 2673 2031 2770 relinquit.
2053 2673 2161 2747 Nico-

342 2797 436 2870 laum
466 2806 501 2870 et
529 2798 788 2894 Azzoguidum,
816 2798 917 2894 filios,
948 2797 1119 2870 haeredes
1148 2796 1366 2869 uniuersales
1394 2797 1516 2893 aequis
1545 2799 1766 2895 portionibus
1795 2796 2013 2871 instituitl2l.

449 2922 498 2995 Π.
529 2920 750 2994 MCCCXX.
781 2921 1036 3016 Tromentana,
1060 2920 1131 2993 filia
1159 2921 1336 3018 qnondam
1365 2913 1505 2993 Nicolai
1533 2922 1710 3018 quondam
1740 2921 1955 3016 blacagnani
1982 2923 2160 3019 quondam

343 3047 540 3142 Azzoguidi
568 3048 611 3119 de
641 3047 867 3142 Azzoguidis,
890 3047 1036 3143 exponit
1066 3045 1245 3117 venditam
1265 3045 1373 3118 fuisse
1395 3046 1488 3117 dicto
1508 3046 1731 3140 blacagnano
1752 3048 1893 3119 domurn
1915 3048 2092 3144 quandam
2108 3045 2159 3121 (Β).

449 3170 517 3244 III.
541 3171 844 3267 MCCCXXIV.,
866 3171 973 3244 XIII.
996 3171 1088 3244 maii.
1111 3169 1344 3242 Nominatur:
1367 3171 1570 3268 Azzopaido
1590 3172 1764 3268 quondam
1787 3172 1923 3244 (lorraini
1943 3172 2163 3270 Macapaoai

342 3295 383 3366 de
412 3295 627 3394 Azaopaidls
643 3295 693 3368 (4).

784 3547 853 3620 no
891 3546 1268 3620 antonnarxruu
1304 3547 1369 3618 nu
1408 3546 1719 3620 azzoounns
1802 3530 1804 3535 ’

447 3798 477 3870 Ι.
507 3796 710 3893 Medon,
732 3798 824 3870 maio
852 3798 1007 3870 ineunte.
1029 3797 1191 3869 Freddus
1211 3795 1435 3893 TolomaeuS,
1457 3798 1625 3892 senensis,
1648 3822 1692 3868 ex
1713 3797 1929 3871 nobilissima
1948 3798 2157 3872 Tolomaeo-

342 3948 421 3995 rum
449 3921 594 4018 familia,
625 3923 830 3996 adolescens
859 3947 969 4019 pravo
997 3923 1139 4016 ingenio
1168 3931 1275 4018 atque
1303 3921 1424 4018 feroci,
1446 3923 1501 3994 cni
1527 3923 1627 3996 rixae
1652 3932 1687 3994 et
1707 3924 1950 3996 contentiones
1968 3926 2004 3995 in
2025 3924 2158 3998 deliciis

340 4055 454 4143 erant,
476 4072 556 4120 oum
584 4047 696 4120 literis
724 4047 907 4120 Bononiae
935 4072 1080 4145 operam
1104 4047 1217 4142 daret,
1239 4047 1425 4119 conciliata
1449 4047 1515 4119 sibi
1535 4049 1664 4144 partim
1684 4057 1792 4143 metu,
1814 4049 1943 4145 partim
1964 4049 2158 4122 nobilitatis

340 4197 424 4244 suae
454 4172 652 4270 splendore,
674 4171 894 4268 quorundam
914 4172 1135 4269 perditorum
1164 4197 1282 4267 manu,
1304 4170 1541 4268 Gymnasium
1562 4173 1718 4267 qnotidie
1738 4173 1813 4267 (uti
1832 4180 1938 4246 antea
1957 4174 2103 4246 Parisiis
2124 4183 2159 4246 et

339 4295 508 4370 Aureliae
537 4297 663 4370 fecisse
692 4298 899 4391 dicebatur)
928 4297 1168 4370 crudelissime
1197 4298 1365 4393 vexabat,
1387 4297 1507 4370 multis
1536 4322 1581 4368 ex
1610 4296 1841 4394 scholaribus,
1863 4298 2071 4395 praesertim
2094 4323 2158 4372 no-

339 4422 522 4496 bilioribus
550 4423 631 4496 inde
660 4422 695 4495 vi
725 4423 856 4519 eiectis,
878 4423 956 4496 aliis
985 4422 1190 4495 vulneratis.
1219 4422 1273 4494 Ea
1302 4422 1344 4494 de
1374 4447 1495 4518 cansa,
1516 4448 1596 4495 curn
1624 4448 1668 4495 ne
1697 4423 1782 4520 ipsis
1811 4425 1952 4520 quidem
1980 4424 2158 4522 professo-

339 4548 436 4621 ribus
465 4555 543 4621 tuto
571 4549 617 4620 ad
645 4547 791 4621 Scholas
820 4549 988 4621 accedere
1016 4547 1150 4644 liceret,
1180 4548 1464 4620 Universitatum
1494 4548 1666 4621 Rectores
1694 4550 1968 4646 universumque
1998 4549 2158 4647 Gymna-

339 4673 430 4746 sium
449 4673 672 4746 vacationem
691 4673 940 4746 electionibus
959 4673 1166 4746 indinerunt
1185 4681 1220 4746 et
1240 4697 1261 4746 a
1281 4672 1436 4746 Consilio
1456 4673 1583 4770 Populi
1602 4673 1774 4746 auxilium
1794 4674 1839 4747 ad
1859 4676 2159 4772 comprimendam

339 4797 596 4870 intolerabilem
625 4798 756 4870 Freddi
786 4798 971 4870 audaciam
1000 4797 1237 4896 postularunt.
1259 4797 1465 4895 Consilium,
1487 4823 1566 4870 eum
1595 4798 1832 4871 nobilissimae
1862 4799 2077 4874 Tholomeae
2104 4801 2158 4874 fa-

339 4922 456 5024 miliae
485 4923 657 4996 rationem
687 4947 764 4996 esse
793 4923 994 4996 habendam
1030 4924 1234 5019 statuisset,
1266 4931 1418 5019 quatuor
1457 4923 1636 5021 sapientes
1673 4924 1768 4996 viros
1797 4924 1949 5021 primurn
1978 4925 2158 5021 eligendos

339 5049 452 5145 duxit,
483 5049 610 5144 quibus
638 5049 817 5144 negotium
849 5049 957 5144 dedit,
987 5057 1039 5145 ut,
1068 5049 1249 5122 Freddum
1278 5048 1540 5145 convenientes,
1561 5048 1661 5121 illum
1689 5049 1734 5122 ad
1763 5051 1893 5122 bonam
1921 5051 2061 5146 frugem
2087 5050 2158 5124 leni

339 5182 375 5245 et
402 5175 495 5247 bono
523 5174 628 5246 modo
657 5199 825 5246 revocare
854 5182 1079 5246 conarentur.
1111 5173 1179 5246 Sed
1209 5183 1441 5271 posteaquam
1480 5174 1546 5248 hac
1584 5174 1730 5247 Consilii
1765 5173 1911 5248 lenitate
1946 5201 2017 5249 non
2054 5177 2158 5250 modo

339 5297 425 5370 nihil
452 5323 490 5372 se
519 5298 711 5396 profecisse
740 5298 925 5396 Sapientes
955 5298 1166 5393 retulerunt,
1187 5322 1311 5372 verum
1341 5299 1449 5371 etiam
1476 5298 1657 5371 Freddum
1677 5299 1902 5372 audaciorem
1922 5300 2056 5374 lactum
2075 5326 2158 5396 gra·

339 5421 438 5494 viora
467 5422 624 5494 minitari
654 5422 684 5495 si
711 5423 896 5518 quisquam
926 5423 992 5496 sibi
1020 5448 1062 5496 ea
1091 5424 1134 5496 de
1162 5447 1200 5496 re
1229 5423 1462 5521 imposterum
1490 5421 1587 5520 loqui
1614 5423 1782 5518 auderet,
1804 5432 1998 5497 convocato
2021 5449 2156 5520 rursus,

419 5738 1221 5810 mfflMmmmhmmmMmmme
1276 5741 2159 5811 &mmmmmmmmwmfflMmfflmmm

339 5830 412 5898 guidi
423 5831 456 5882 de
465 5829 626 5898 Anzoguidis
636 5829 700 5895 filio,
708 5831 785 5881 nulla
794 5834 858 5881 sunt
867 5830 922 5882 aliu
932 5830 1095 5882 documenta
1106 5831 1221 5882 authen·
1276 5831 1452 5899 perspicuum
1472 5830 1515 5881 fir.
2048 5900 2050 5906 Ι

338 5919 394 5970 tica
412 5924 522 5986 praeter
541 5919 608 5970 haee
629 5920 655 5970 in
676 5919 773 5987 quibus
787 5919 870 5971 facile
889 5919 1028 5971 observari
1042 5924 1141 5988 potest,
1155 5937 1218 5972 nus·
1355 5919 1497 5980 Quaenam
1517 5921 1571 5971 sint
1590 5920 1667 5986 haec,
1681 5937 1751 5989 quae
1771 5925 1915 5988 practerea
1935 5922 1967 5972 de
1987 5921 2158 5990 Maoagnnno

338 6025 420 6076 quern
439 6009 517 6059 illurn
537 6009 675 6060 doctorem
695 6009 824 6077 apallari3
845 6009 966 6078 adeoque
987 6013 1062 6078 puto,
1082 6010 1220 6062 doctorem
1277 6009 1412 6074 dieantur,
1432 6013 1459 6061 et
1478 6025 1526 6061 our
1545 6010 1579 6061 ad
1603 6013 1694 6061 utrum
1718 6009 1917 6078 Mooagnanum
1944 6011 2081 6079 pertinere
2110 6013 2159 6063 du·

339 6113 477 6165 nunquam
497 6098 594 6162 luisse;
609 6099 770 6166 pracsertim
790 6115 851 6148 curn
872 6115 904 6150 ee
924 6116 993 6167 quae
1013 6099 1063 6150 sub
1084 6099 1136 6150 fine
1162 6116 1221 6151 sao·
1277 6099 1375 6164 bitem,
1394 6101 1455 6151 ride
1476 6099 1590 6151 inferius
1609 6101 1658 6150 fol.
1677 6101 1710 6150 A.

339 6186 394 6237 culi
416 6185 496 6238 XIII.
520 6190 547 6239 et
572 6187 649 6238 initio
674 6187 751 6238 XIV.
777 6188 949 6254 Mocapnuno
976 6189 1083 6239 cuidam
1112 6187 1224 6241 Doctori
1358 6192 1397 6256 (2)
1416 6190 1458 6240 Ex
1478 6189 1557 6242 Mem.
1576 6189 1724 6242 Laurentii
1739 6191 1875 6257 pecandum
1894 6191 2045 6247 Michaelis.

339 6280 396 6327 tum
422 6276 496 6344 opud
514 6275 649 6328 Auctores
668 6280 727 6328 turn
746 6277 773 6328 in
796 6276 898 6329 tabulis
917 6277 1035 6345 publicis
1055 6277 1220 6344 tribuuntur,
1356 6282 1395 6346 (3)
1415 6280 1457 6331 Ex
1476 6280 1555 6331 Mem.
1579 6279 1687 6346 Uqaint
1704 6281 1837 6347 woradum
1857 6281 2000 6348 Ena-iprpti
2020 6282 2053 6332 de
2076 6282 2159 6346 Quer-

337 6365 438 6433 optlme
458 6366 593 6434 quadrent
611 6365 639 6417 in
658 6365 860 6434 Macagnanum
881 6365 918 6418 II.
938 6366 1018 6418 huius
1038 6371 1175 6435 nepotem,
1197 6372 1224 6420 et
1270 6371 1325 6435 tica,
1342 6386 1405 6439 pag.
1425 6374 1468 6422 41.

340 6453 465 6524 Gregorii,
484 6456 516 6507 de
536 6455 697 6526 Azaoguidls
718 6455 820 6523 filium3
843 6459 873 6508 ut
895 6473 929 6508 ex
948 6456 1097 6509 observatis
1118 6461 1222 6526 tempo·
1358 6461 1397 6527 (4)
1416 6459 1458 6510 Ex
1477 6460 1557 6512 lllem.
1575 6459 1672 6512 Jacobs·
1692 6459 1839 6528 Guglielmr’
1856 6460 1949 6527 Desii,
1967 6478 2030 6531 pag.
2050 6465 2094 6514 ts.

489 6685 559 6723 uon.
578 6686 610 6722 11.
1835 6701 1839 6708 ·
2044 6679 2078 6728 43
