5484 7746
655 590 728 660 198
1440 614 1681 666 nordmanna

649 788 815 850 nenorum,
839 769 872 833 in
895 769 1037 856 presenti
1059 775 1253 834 testamento
1277 792 1377 855 usque
1402 771 1442 835 ad
1467 770 1584 834 dictam
1609 771 1820 857 quantitatem
1850 773 1938 858 legat
1970 773 2016 836 eis
2051 781 2083 837 91
2117 795 2182 838 999
2217 774 2319 856 91199,
2344 781 2376 838 91
2399 775 2461 839 9191

647 875 798 939 99919911.

735 983 819 1046 Item
842 983 964 1068 legavit
987 983 1141 1048 fratribus
1165 984 1241 1066 suis,
1259 985 1379 1048 scilicet
1402 985 1530 1049 domino
1555 984 1728 1050 Guillelmo
1753 993 1784 1050 et
1809 986 1908 1069 Gozo,
1931 994 1963 1051 et
1986 990 2155 1074 nepotibus
2180 990 2246 1052 suis
2270 988 2461 1053 (iuramenti

646 1091 712 1153 filio
736 1091 872 1156 condam
895 1091 1016 1156 domini
1039 1091 1147 1156 Caleni
1177 1093 1383 1179 primogeniti
1414 1093 1522 1156 fratris
1551 1093 1617 1175 991,
1641 1101 1673 1157 91
1697 1092 1866 1180 Capricino
1897 1095 1963 1160 filio
1996 1095 2131 1160 condam
2159 1097 2281 1161 domini
2306 1096 2458 1161 Saraceni

646 1198 754 1261 fratris
777 1199 836 1282 sui,
861 1205 964 1263 totum
986 1200 1066 1263 illud
1091 1200 1176 1286 quod
1199 1223 1240 1264 ex
1264 1200 1441 1264 hereditate
1466 1201 1639 1287 patrissui
1663 1200 1783 1266 domini
1807 1202 1941 1288 Ugolini
1965 1203 2093 1289 Caprizi
2117 1204 2178 1290 ipsi
2194 1205 2340 1268 testatori
2357 1205 2459 1289 potuit

644 1305 823 1391 pervenire.

733 1413 816 1477 Item
840 1414 929 1500 legat
951 1415 1103 1500 predictis
1127 1414 1280 1480 fratribus
1304 1416 1370 1480 9919
1393 1423 1425 1480 91
1449 1417 1618 1504 nepotibus
1641 1424 1744 1480 totum
1766 1417 1886 1504 podere
1914 1417 1999 1502 quod
2030 1420 2107 1514 emit
2136 1441 2155 1482 a
2180 1418 2379 1484 Guramonte
2404 1439 2458 1480 99-

642 1527 718 1606 9919
742 1543 799 1585 999
824 1523 856 1586 19
880 1529 967 1586 19999
990 1529 1021 1588 91
1045 1524 1135 1587 99919
1158 1522 1294 1608 Oaragli
1317 1532 1349 1588 et
1373 1525 1577 1610 pertinenciis
1601 1524 1729 1610 poderis
1752 1547 1810 1610 999
1834 1526 2003 1609 equalibus
2026 1525 2252 1612 porcionibus,
2277 1526 2322 1588 119
2349 1531 2456 1588 tamen

644 1627 729 1713 quod
753 1650 816 1693 non
839 1631 963 1715 possint
986 1631 1128 1695 alienare
1152 1631 1184 1694 in
1208 1631 1289 1694 alias
1313 1653 1466 1717 personas
1502 1653 1598 1718 quam
1623 1632 1705 1696 inter
1729 1633 1815 1718 ipsos
1838 1633 2014 1718 legatarios
2040 1633 2092 1697 991
2114 1632 2250 1697 heredes
2274 1654 2402 1714 eorum,
2427 1640 2458 1696 et

643 1733 682 1798 de
705 1735 766 1801 hoe
790 1737 854 1801 sint
877 1737 1029 1803 contenti.

730 1844 814 1908 Item
836 1845 960 1930 legavit
983 1845 1100 1928 ahino,
1117 1847 1183 1911 filio
1207 1846 1347 1910 naturali
1370 1848 1506 1912 condam
1528 1847 1649 1911 demini
1673 1847 1827 1911 Saraceni
1850 1846 1959 1912 fratris
1983 1849 2042 1930 991,
2061 1848 2255 1933 quingentas
2276 1846 2376 1911 libras
2400 1847 2455 1911 bo·

642 1972 851 2032 uenenorum,
877 1975 939 2038 quc
962 1953 1024 2018 sibi
1046 1954 1163 2018 dentur
1186 1953 1219 2018 in
1242 1954 1497 2040 possessionibus
1522 1954 1748 2019 immobilibus.

729 2058 814 2122 Item
837 2060 939 2124 991911
962 2067 994 2123 91
1017 2061 1183 2124 mandavit
1207 2061 1292 2147 qnod
1315 2062 1486 2125 servitores
1510 2061 1577 2142 sni,
1601 2061 1655 2146 qui
1679 2069 1822 2146 tempore
1847 2062 1957 2126 mortis
1981 2083 2037 2126 sue
2062 2083 2169 2127 secum
2198 2067 2401 2126 morarentur
2425 2069 2456 2125 et

641 2173 773 2248 starent,
794 2168 820 2230 si
845 2167 1041 2232 remunerati
1064 2189 1128 2231 999
1152 2177 1259 2232 999991
1282 2177 1314 2233 91
1337 2168 1494 2232 satisfacti
1517 2191 1575 2254 per
1597 2169 1702 2254 ipsum
1725 2175 1912 2233 testatorem
1936 2167 1975 2232 de
1999 2169 2145 2234 mercede
2169 2191 2291 2252 eorum,
2309 2170 2454 2233 commis·

640 2273 745 2336 sarius
768 2295 845 2337 suus
868 2274 1047 2339 satisfaciat
1068 2275 1124 2357 eis,
1149 2276 1231 2340 91991
1255 2276 1359 2340 eidem
1383 2275 1600 2340 commissario
1625 2277 1852 2340 convenienter
1876 2276 1978 2341 919999
2005 2277 2111 2340 199911.

727 2380 811 2444 Item
834 2381 934 2446 libere
958 2382 1080 2467 legarit
1104 2389 1136 2446 et
1163 2383 1284 2446 dimisit
1314 2383 1532 2448 commissario
1563 2405 1621 2448 suo
1653 2383 1877 2469 infrascripto,
1902 2385 2026 2447 ratione
2057 2384 2208 2448 videlieet
2237 2385 2454 2449 commissario

638 2495 781 2570 tantum,
806 2489 846 2553 19
869 2491 1071 2576 possessione
1095 2511 1154 2553 999
1177 2511 1275 2575 quam
1297 2490 1395 2554 habet
1419 2491 1451 2553 in
1474 2498 1561 2553 terre
1585 2490 1839 2573 Dalmanzatici,
1864 2491 1986 2555 scilieet
2009 2513 2050 2555 ex
2074 2491 2174 2556 latere
2208 2513 2279 2556 sero
2309 2493 2360 2556 919
2392 2513 2454 2576 que

638 2595 728 2658 99111
751 2618 808 2682 999
832 2597 1130 2681 Dalmannatieum,
1156 2605 1187 2661 et
1211 2619 1230 2660 a
1254 2598 1354 2661 latere
1379 2598 1522 2662 inferiori
1545 2598 1601 2661 ubi
1624 2598 1685 2661 sita
1709 2607 1757 2662 est
1781 2599 1917 2662 ecclesia
1948 2598 2031 2662 dicte
2066 2607 2168 2682 terre,
2193 2599 2279 2685 quod
2305 2621 2347 2664 ex
2369 2599 2454 2663 dicta

638 2713 730 2790 parte
753 2706 963 2790 possessionis
987 2706 1072 2769 idem
1097 2706 1334 2769 commissarius
1357 2705 1554 2791 9999111919
1577 2706 1743 2792 percipere
1767 2707 1962 2770 sufficienter
1985 2709 2151 2772 annuatim
2174 2707 2214 2771 de
2241 2707 2453 2790 991111919-

637 2811 740 2876 ductis
764 2813 925 2900 expensis,
943 2815 1177 2900 qulnquaginta
1201 2814 1301 2878 libras
1325 2814 1584 2896 bononenorum;
1602 2814 1640 2877 de
1666 2835 1729 2899 qua
1751 2815 1889 2900 pecunia
1912 2822 1981 2880 tota
2005 2816 2164 2880 ordinavit
2188 2823 2220 2880 et
2243 2816 2345 2880 991911
2368 2817 2452 2902 9991

637 2927 763 2983 ematur
794 2922 960 2985 annuatIm
987 2943 1045 3007 per
1070 2922 1175 3007 ipsum
1199 2921 1451 2986 commissarium
1475 2941 1612 3006 pannus,
1637 2931 1669 2985 et
1692 2922 1783 2984 illum
1807 2928 1910 2986 totum
1940 2923 1994 2986 det
2024 2931 2056 2987 et
2084 2924 2255 2988 distribuat
2280 2925 2312 2987 in
2336 2925 2453 2989 tunicis

636 3027 788 3092 Fratrum
810 3029 1056 3093 Predicatorum
1080 3030 1119 3093 de
1144 3036 1303 3094 conventu
1326 3029 1471 3092 Bononie
1495 3050 1553 3114 pro
1578 3029 1686 3091 anima
1710 3050 1768 3092 sua
1799 3037 1831 3092 et
1862 3030 1895 3092 in
1925 3029 2014 3094 nullo
2046 3031 2110 3096 alio
2139 3053 2197 3095 usu
2233 3032 2334 3117 possit
2365 3031 2452 3095 dicta

635 3137 773 3221 pecunia
804 3137 949 3202 converti
977 3138 1031 3202 991
1054 3137 1204 3223 expendi.
1229 3135 1323 3211 Quod
1353 3136 1498 3220 legatum
1522 3135 1625 3199 dietus
1653 3143 1788 3199 testator
1815 3136 1950 3223 precipit
1978 3159 2047 3201 esse
2071 3147 2279 3224 perpetuum,
2304 3146 2336 3202 et
2356 3141 2454 3223 jussit

635 3245 719 3329 quod
742 3245 890 3330 predicta
912 3266 987 3332 pars
1012 3243 1259 3331 poss[ess]ionis‚
1277 3265 1374 3330 quam
1397 3244 1442 3306 sie
1466 3242 1598 3306 dimittit
1621 3249 1653 3306 91
1675 3243 1774 3327 legat,
1792 3244 1823 3306 in
1847 3251 2039 3331 perpetuum
2063 3246 2158 3310 99911
2182 3267 2244 3310 999
2265 3247 2366 3332 999911
2393 3268 2453 3311 999

635 3352 788 3438 obligari,
812 3374 870 3416 seu
893 3354 987 3416 aliter
1010 3353 1049 3416 de
1074 3350 1328 3438 199999119991,
1353 3351 1414 3414 nisi
1444 3351 1528 3414 siout
1558 3350 1679 3414 dietum
1709 3356 1775 3432 est;
1801 3350 1840 3414 de
1865 3350 1951 3415 dicta
1975 3359 2083 3416 autem
2105 3361 2196 3439 parte
2220 3355 2450 3440 possessionis,

630 3483 725 3547 quam
758 3463 803 3525 sie
833 3461 962 3525 demisit
989 3469 1021 3524 et
1045 3459 1183 3546 reliquid
1206 3481 1248 3522 ex
1271 3479 1355 3522 nunc
1379 3480 1437 3543 pro
1462 3467 1496 3522 ut
1522 3466 1598 3522 tune
1622 3479 1679 3543 per
1702 3459 1932 3544 presentemlll
1948 3467 2194 3542 testamentum,
2219 3461 2340 3526 dictum
2364 3485 2450 3527 eom·

629 3569 812 3632 missarium
835 3569 933 3632 mittit
956 3569 989 3632 in
1013 3569 1143 3654 plenam
1166 3576 1198 3631 et
1222 3569 1423 3652 corporalem
1453 3567 1710 3654 possessionem,
1734 3572 1766 3631 91
1789 3588 1863 3630 enm
1886 3567 2050 3632 dominum
2073 3568 2151 3633 19911
2182 3577 2217 3632 91
2244 3571 2345 3636 111999
2376 3594 2450 3636 cam

628 3677 736 3741 locare
760 3677 862 3762 possit
888 3677 940 3742 eui
963 3675 1100 3741 voluerit
1123 3676 1165 3739 ad
1187 3675 1310 3740 fructus
1334 3675 1566 3763 percipiendos.
1591 3673 1634 3737 Et
1657 3675 1685 3737 si
1701 3674 1775 3738 huic
1791 3675 1900 3759 legato
1917 3676 2034 3760 aliquis
2051 3677 2270 3743 contradicere
2294 3679 2346 3743 991
2370 3680 2450 3745 alle·

628 3805 706 3869 gare
738 3785 969 3871 presumpserit
999 3785 1038 3848 de
1067 3786 1140 3868 jure
1174 3784 1226 3848 991
1257 3783 1296 3848 19
1328 3783 1431 3865 19919,
1455 3805 1497 3846 ex
1527 3803 1612 3846 nunc
1639 3782 1746 3868 privat
1768 3782 1861 3846 illum
1885 3783 1937 3847 991
1962 3784 2034 3848 11199
2058 3785 2144 3849 omni
2167 3785 2276 3870 legato
2301 3794 2333 3851 et
2355 3788 2449 3852 here-

628 3891 728 3956 ditate
761 3893 791 3956 ei
821 3892 874 3956 991
901 3891 948 3955 919
971 3892 1005 3955 19
1028 3891 1090 3956 1919
1113 3898 1305 3955 testamento
1330 3891 1553 3975 contingente,
1578 3896 1610 3952 91
1633 3889 1675 3953 91
1698 3889 1867 3954 arbitrium
1890 3889 1967 3954 dieti
1990 3893 2200 3957 commissarii
2223 3895 2324 3979 possit
2348 3895 2449 3959 libere

628 3999 777 4064 distribui
794 4008 826 4064 91
842 3999 912 4063 1991
927 4021 985 4086 999
1002 3999 1109 4062 anima
1125 4020 1194 4063 sua.
1218 3999 1267 4062 De
1291 3997 1434 4085 predicto
1459 4002 1567 4062 autem
1587 3997 1695 4082 legato
1712 4003 1743 4060 91
1759 3997 1945 4079 elemosina,
1963 3997 2007 4061 119
2023 4007 2059 4062 91
2074 3999 2195 4064 dietum
2215 4011 2264 4065 est
2291 4000 2449 4089 disposuit

628 4114 660 4172 91
690 4107 860 4193 disponere
887 4107 1007 4188 voluit,
1032 4115 1067 4170 91
1089 4106 1239 4171 911911991
1270 4114 1446 4170 999999199
1478 4105 1631 4168 Fratrum
1660 4104 1907 4168 PredIcatorum
1930 4105 1969 4170 de
1993 4106 2142 4171 Bononia
2172 4115 2204 4172 et
2228 4109 2289 4194 ipsi
2317 4110 2448 4176 Fratres

627 4214 767 4279 debeant
790 4215 907 4278 1919119
930 4215 1059 4301 91919119
1083 4225 1115 4278 91
1138 4214 1355 4278 misericordie
1378 4213 1440 4278 sibi
1462 4233 1520 4298 999
1541 4219 1576 4276 91
1592 4211 1742 4276 19999199
1758 4219 1790 4275 91
1806 4213 2034 4277 999999199199
2050 4213 2120 4278 fieri
2137 4223 2252 4300 991991,
2270 4219 2447 4284 concedere

627 4324 730 4387 911999
754 4323 842 4386 19911
864 4323 955 4387 Ρ9191
970 4329 1003 4387 91
1018 4322 1123 4404 Ρ9911,
1140 4321 1226 4408 quod
1242 4328 1291 4385 est
1310 4323 1406 4406 juxta
1430 4321 1532 4384 altare
1556 4321 1662 4404 majus
1685 4319 1785 4404 199199
1809 4328 1998 4403 999999199,
2024 4321 2066 4385 91
2089 4323 2175 4408 quod
2199 4325 2301 4389 altare
2326 4327 2445 4392 cotidie

627 4452 686 4516 pro
710 4431 818 4494 anima
842 4430 941 4515 ipsius
965 4430 1063 4493 missa
1086 4429 1200 4494 (199919
1225 4430 1405 4493 celebretur
1428 4451 1486 4514 pro
1510 4427 1619 4491 anima
1641 4447 1715 4490 sua.

716 4536 801 4602 Item
825 4538 910 4623 qnod
933 4537 1018 4602 omni
1043 4557 1127 4600 anno
1152 4536 1183 4600 in
1208 4537 1258 4601 die
1283 4537 1332 4600 sui
1356 4535 1569 4600 annirersarii
1592 4536 1790 4622 solempnem
1813 4538 1944 4601 missam
1967 4536 2007 4600 91
2024 4539 2127 4603 911999
2145 4541 2248 4624 majus
2268 4540 2344 4604 (11911
2361 4541 2443 4606 Fra-

627 4651 692 4709 tres
716 4645 881 4709 eelebrare
904 4644 1043 4707 debeant
1066 4664 1124 4728 pro
1148 4644 1256 4707 anima
1279 4643 1379 4728 199199
1403 4644 1566 4707 1991919919
1591 4645 1707 4708 1919119
1732 4646 1871 4731 91919119.

716 4752 755 4816 Ι9
779 4752 927 4817 omnibus
951 4758 1060 4814 autem
1084 4750 1155 4814 aliis
1179 4750 1245 4814 suis
1261 4750 1352 4814 bonis
1369 4750 1541 4815 mobilibus
1558 4758 1590 4815 et
1607 4751 1833 4835 immobilibus,
1848 4753 1975 4837 juribus
1991 4761 2024 4816 et
2040 4754 2219 4818 actionibus
2235 4755 2296 4819 sibi
2313 4777 2441 4841 compe-

627 4861 768 4925 tentibus
791 4880 950 4947 pauperes
975 4858 1095 4923 Christi
1118 4858 1336 4923 mendicantes
1359 4858 1420 4921 sibi
1444 4858 1579 4922 heredes
1604 4859 1756 4942 instituit,
1782 4867 1814 4924 et
1838 4860 1989 4945 intelligit
2019 4883 2178 4948 pauperes
2208 4884 2362 4947 99999999
2386 4863 2443 4928 19-

626 4969 708 5033 biles
730 4978 763 5034 et
785 4969 946 5050 infirmes,
970 4976 1003 5032 et
1034 4968 1089 5053 qui
1119 4967 1240 5031 auxilio
1272 4967 1932 5033 91919991999111999991199111911.Ε1
1964 4968 2006 5032 91
2036 4969 2181 5056 99911919
2205 4971 2312 5034 omnia
2335 4972 2447 5055 legata

626 5077 738 5141 relicta
769 5084 801 5141 et
831 5075 1077 5140 fideicommissa
1107 5073 1298 5160 prestanda,
1324 5074 1430 5137 danda
1453 5081 1486 5139 et
1509 5074 1747 5159 distribuenda,
1772 5083 1804 5140 et
1834 5077 1876 5140 91
1907 5077 2014 5141 omnia
2037 5083 2069 5140 et
2096 5077 2224 5162 singule
2255 5079 2444 5164 supradicta

626 5185 817 5270 exequenda
841 5191 873 5247 et
896 5181 1086 5268 complenda
1110 5181 1189 5245 facit
1211 5188 1243 5244 et
1267 5181 1394 5245 9911991
1417 5203 1510 5246 snum
1534 5183 1788 5247 commissarium
1811 5185 1951 5271 priorem
1968 5184 2120 5248 Fratrum
2135 5184 2380 5250 Predicatorum
2405 5187 2446 5250 de

624 5291 790 5375 Bononia,
816 5292 871 5377 qui
893 5312 952 5377 pro
975 5297 1119 5375 tempore
1143 5288 1258 5370 fuerit,
1283 5289 1334 5352 cui
1357 5288 1413 5352 191
1436 5290 1565 5375 plenam
1587 5290 1750 5354 licentiam
1774 5299 1806 5355 et
1830 5292 1965 5356 liberam
1989 5298 2183 5379 potestatem
2206 5314 2265 5378 999
2289 5294 2445 5378 predictis

625 5400 773 5466 omnibus
797 5406 829 5463 91
852 5398 987 5483 singulis
1011 5395 1208 5482 exequendis
1233 5395 1410 5482 aecipiendi
1433 5396 1578 5460 tenutam
1602 5406 1634 5461 et
1657 5399 1858 5483 corporalem
1888 5399 2124 5485 possessionem
2146 5401 2279 5485 propria
2304 5403 2445 5466 9991991-

624 5515 691 5572 1919
715 5507 858 5572 omnium
880 5506 1038 5569 bonorum
1061 5525 1202 5584 suorum,
1226 5503 1441 5567 9199919911
1465 5511 1497 5568 91
1520 5504 1693 5588 alienandi,
1719 5507 1894 5591 obligandi,
1917 5507 2061 5570 cautelas
2085 5507 2283 5592 emptoribus
2307 5508 2346 5572 de
2368 5509 2445 5592 jure

623 5613 780 5678 valituras
811 5610 950 5675 faciendi
973 5611 1042 5674 sine
1066 5610 1286 5675 sabastatione
1311 5610 1363 5672 vel
1391 5610 1500 5695 aliqua
1529 5611 1611 5694 juris
1643 5612 1886 5698 solempnitate,
1911 5615 2020 5698 precia
2051 5613 2246 5699 accipiendi,
2271 5614 2379 5678 debita
2412 5625 2445 5680 et

625 5721 748 5786 eredita
770 5741 829 5784 sua
852 5717 1015 5803 exigendi,
1040 5717 1180 5804 petendi,
1205 5718 1327 5780 tamin
1348 5717 1469 5801 judicio
1494 5740 1592 5802 qnam
1615 5727 1718 5800 entra,
1743 5728 1775 5783 et
1797 5720 1991 5805 paciscendi,
2016 5721 2215 5806 transigendi
2241 5729 2273 5784 et
2296 5723 2443 5805 cedendi,

624 5837 657 5892 et
680 5835 906 5914 procuratores
931 5847 1031 5889 unum
1054 5825 1106 5888 991
1129 5826 1238 5911 919999
1261 5826 1293 5888 19
1318 5825 1469 5911 predictis
1492 5827 1639 5890 omnibus
1664 5833 1696 5890 et
1726 5827 1861 5912 singulis
1893 5829 2041 5913 quotiens
2072 5829 2103 5892 ei
2132 5830 2238 5893 visum
2265 5830 2361 5894 199911
2394 5833 2443 5896 19·

624 5936 739 6019 919911,
761 5943 793 5998 91
816 5934 969 6020 quiequid
993 5955 1050 6020 per
1074 5954 1147 5996 eum
1171 5932 1292 5996 sactum
1315 5932 1468 5996 fueritin
1491 5933 1643 6019 predictis
1667 5942 1699 5997 et
1722 5935 1858 6019 singulis
1881 5933 2107 6020 predictorum,
2131 5943 2238 6000 ratum
2261 5945 2293 6000 et
2316 5938 2444 6004 firmum

619 6043 719 6129 jussit
741 6043 856 6106 haberi
879 6042 921 6107 ab
945 6040 1117 6106 heredibus
1140 6047 1173 6104 91
1196 6039 1361 6124 legatariis
1385 6040 1461 6104 suis.
1485 6039 1529 6104 Et
1552 6040 1579 6103 si
1601 6042 1676 6106 huie
1700 6049 1892 6105 testamento
1916 6042 2031 6127 aliquis
2055 6043 2273 6108 contradicere
2295 6045 2444 6112 9919119-

622 6172 701 6238 gare
724 6150 959 6238 presumpserit
982 6148 1022 6212 de
1043 6149 1116 6232 jure
1141 6147 1193 6211 991
1216 6148 1255 6211 19
1280 6147 1376 6230 lacto,
1392 6149 1425 6211 in
1446 6147 1569 6233 judicio
1585 6149 1636 6212 991
1661 6157 1764 6228 extra,
1781 6151 1926 6235 privetur
1942 6156 1973 6212 et
1988 6149 2157 6235 priventur
2172 6152 2213 6215 ab
2230 6153 2317 6215 omni
2332 6153 2443 6238 legato

621 6269 653 6325 et
677 6260 894 6325 emolumento
919 6257 1025 6322 91991
1049 6256 1095 6320 919
1119 6257 1152 6320 19
1176 6256 1237 6320 1919
1261 6263 1453 6321 testamento
1476 6256 1658 6339 9911919,91
1682 6258 1790 6321 omnia
1814 6258 1899 6323 bona
1922 6257 2139 6322 devolvantur
2163 6261 2376 6346 expendenda
2400 6261 2443 6325 ad

702 6495 742 6560 (1)
761 6493 813 6546 aa.
