5490 7750
778 654 1009 704 sesamum
1037 656 1088 706 nn
1117 655 1371 706 ssossssomss
1399 657 1504 706 sums
1533 657 1666 706 olvsms
2054 637 2126 706 129

308 810 475 894 presentia,
491 809 537 873 ccl
551 810 648 893 ipsius
664 811 769 893 patris
790 810 983 892 sanctissimi,
1000 811 1027 872 si
1050 809 1146 874 cidem
1161 811 1283 874 domino
1297 832 1375 895 pape
1391 810 1551 894 ridebitur,
1568 813 1725 896 recipienti
1739 833 1794 876 sno
1809 816 1941 897 nornine,
1958 823 1985 880 ot
2000 814 2131 882 Ecclesia

317 925 479 981 ιηιιηιιαιι
500 937 570 980 ωιηι
593 920 760 982 νιιινιηιια
784 925 811 981 et
832 916 1014 999 bumilitate,
1032 919 1186 1002 premissa
1208 919 1311 982 arania
1334 925 1361 982 et
1382 918 1506 1002 sinpnlu
1528 919 1706 1002 confessam,
1731 928 1852 1002 notata,
1871 925 2040 1006 premissa,
2063 933 2131 989 oeta

316 1031 343 1089 et
364 1032 447 1109 pasta
468 1045 571 1088 coram
588 1024 712 1109 prefato
734 1044 853 1088 summo
869 1031 962 1108 patre
984 1025 1019 1086 in
1042 1025 1107 1107 ejm
1124 1023 1248 1108 publico
1274 1023 1510 1108 Consistorio,ct
1533 1027 1598 1109 ejus
1620 1029 1741 1091 nornine
1764 1049 1823 1112 qno
1844 1049 1951 1112 snpra,
1976 1033 2131 1115 recipienti

313 1155 370 1217 pcr
393 1131 573 1196 Rolandum
596 1132 751 1216 qnondam
771 1131 886 1214 fratris
908 1130 1063 1195 Jobannis
1093 1131 1131 1196 de
1160 1130 1321 1215 Fantucjis
1350 1132 1517 1196 sindicario
1546 1136 1668 1198 nominc
1694 1135 1771 1200 dicte
1797 1137 1925 1201 ciuitatis
1948 1145 1974 1202 ιι
1997 1139 2131 1220 ejusdem

318 1239 504 1320 Communis,
529 1236 739 1302 Unicersitatis
762 1245 789 1302 ct
809 1238 916 1322 populi
931 1239 1012 1302 circa
1029 1239 1301 1302 reconciliationem
1316 1246 1389 1302 tunc
1401 1238 1517 1321 factam
1534 1241 1614 1304 inter
1624 1240 1784 1324 prefatum
1799 1242 1958 1308 dominum
1970 1253 2130 1329 papamet

316 1368 476 1412 romanam
498 1345 666 1410 Ecclesiam
687 1367 723 1409 uc
749 1344 916 1409 Commune
930 1343 1118 1428 bononiense,
1141 1346 1226 1428 cloes,
1246 1343 1380 1409 subditos
1403 1353 1430 1408 et
1452 1346 1656 1411 districtuales
1678 1349 1811 1429 ejusdem
1832 1351 1963 1433 pleneet
1983 1373 2130 1436 capresse,

309 1475 392 1539 pare
415 1461 442 1518 et
464 1454 651 1538 simpliciter,
665 1453 850 1537 peneraliter
872 1473 925 1516 seu
947 1453 1127 1536 specialiter,
1149 1473 1186 1515 oc
1207 1452 1245 1516 de
1268 1453 1400 1536 capitulo
1421 1453 1464 1516 ad
1486 1455 1655 1536 capitulum
1678 1457 1712 1518 in
1734 1455 1874 1520 omnibns
1897 1467 1923 1522 ιι
1939 1480 2001 1543 per
2016 1463 2129 1542 omnio,

308 1569 405 1646 prout
425 1563 458 1624 in
479 1568 550 1624 nota
567 1567 594 1624 ιι
610 1561 811 1624 instrumento
833 1581 869 1623 ac
884 1559 981 1624 literis
1002 1559 1170 1643 apostolicis
1193 1559 1301 1622 caindo
1323 1562 1430 1624 secutis
1448 1560 1573 1644 plenius
1595 1563 1777 1645 cmetinctur,
1789 1563 1952 1647 publicatis
1973 1568 2007 1629 in
2030 1567 2131 1632 eodem

318 1668 500 1733 Consistario
522 1667 577 1732 sub
600 1669 692 1730 αηηιι
715 1668 882 1730 rratiaitatis
905 1665 1034 1731 Domini
1063 1668 1160 1730 nostri
1183 1665 1260 1730 Jesu
1294 1665 1411 1730 Ciuisti
1436 1668 1595 1731 millesimo
1618 1671 1822 1734 trecentesimo
1844 1672 1999 1756 tripesimo
2020 1681 2130 1756 actaeo,

315 1785 424 1862 quarto
447 1776 519 1848 idus
544 1773 687 1857 octobris,
704 1773 901 1858 pontificatus
922 1774 1057 1858 ejusdem
1079 1776 1261 1838 sanctissimi
1277 1776 1380 1858 patris
1401 1795 1484 1838 anno
1507 1783 1631 1860 quarto,
1654 1797 1707 1840 seu
1730 1777 1857 1862 aliqnod
1886 1780 1932 1843 ιιι
1961 1783 2067 1866 aliqua
2095 1803 2132 1845 er

309 1884 466 1969 predictis,
484 1891 511 1947 et
535 1903 592 1968 que
616 1903 653 1946 ιι
675 1883 727 1964 ιιι,
744 1889 770 1946 ιι
786 1889 883 1966 prout
906 1881 1017 1946 eisdem
1038 1879 1172 1945 Sindiais
1186 1880 1337 1945 videbitne
1351 1884 1562 1964 con-renire,et
1585 1883 1628 1946 ad
1649 1883 1845 1968 oblipandum
1868 1907 1899 1950 sc
1921 1894 1948 1951 ct
1978 1886 2130 1952 Uniaersi-

315 1999 403 2056 tatem
422 1991 594 2075 predictam
616 1990 800 2072 solemniter,
824 1989 996 2072 efficaciter,
1015 2009 1085 2053 cum
1106 1989 1244 2072 penerali
1266 1996 1293 2053 et
1313 1989 1440 2052 solemni
1456 1991 1700 2073 promissioneet
1722 1991 1901 2076 oblipationc
1916 2001 1943 2057 ιι
1965 1995 2131 2079 bippotbeco

314 2099 460 2163 bonorum
489 2119 618 2162 snorum
649 2105 675 2162 ιι
706 2095 916 2161 Universitatis
941 2095 1077 2180 predicte
1100 2096 1137 2159 de
1158 2094 1342 2159 obseruando
1365 2103 1392 2159 ιι
1414 2097 1610 2180 adimplendo
1634 2119 1734 2182 pure,
1755 2098 1888 2180 fideliter
1910 2109 1936 2165 et
1963 2101 2041 2166 bona
2070 2103 2132 2184 fide

314 2208 418 2270 omnio
442 2213 469 2271 et
491 2206 615 2290 sinpula
637 2205 815 2289 supradicta
838 2206 872 2266 iu
895 2204 982 2266 dicte's
1004 2211 1094 2284 nota,
1117 2204 1320 2268 instrumento
1343 2210 1369 2266 et
1392 2203 1488 2268 literis
1510 2211 1658 2286 contento,
1682 2213 1708 2269 et
1730 2206 1768 2269 de
1791 2227 1852 2270 nou
1875 2208 2131 2292 coritrafaciendo,

316 2315 360 2378 ιιι
384 2314 529 2378 ocniendo
552 2316 585 2376 in
608 2319 704 2376 toturn
727 2312 772 2376 ιιι
794 2313 828 2375 ιη
851 2311 958 2396 aliqua
980 2313 1030 2374 sui
1050 2317 1139 2394 parte
1169 2311 1276 2394 aliqua
1305 2312 1441 2392 ratione,
1464 2313 1614 2375 occasione
1637 2313 1682 2375 cel
1704 2333 1816 2396 causa,
1839 2315 1927 2378 modo
1956 2317 2061 2401 aliquo
2088 2319 2133 2381 ret

314 2423 421 2504 colore,
437 2442 506 2485 curn
529 2420 746 2504 cujuscumque
763 2440 843 2502 pene
864 2425 927 2482 tam
950 2418 1120 2501 spiritualis
1148 2439 1241 2502 quam
1264 2418 1437 2501 temporalis
1452 2417 1617 2500 adjectione
1633 2427 1660 2484 ιι
1669 2422 1872 2503 promissione
1886 2421 1929 2484 ad
1943 2443 2031 2486 ωιηι
2045 2423 2131 2488 bene·

309 2531 461 2615 placitum
479 2529 599 2612 prefati
625 2529 806 2591 sanctissimi
827 2528 927 2610 patris
950 2546 1019 2588 cam
1042 2523 1280 2610 quibuscumque
1299 2524 1561 2609 promissionibus,
1577 2525 1808 2610 ablipotionibns
1834 2529 1969 2593 realibus
1984 2537 2011 2594 et
2025 2552 2131 2615 perso·

315 2635 448 2718 nalibns,
463 2633 754 2716 renunciationibus,
770 2631 1014 2715 confessionibus,
1030 2631 1245 2714 adjectionibus
1275 2633 1421 2695 clausulis
1444 2639 1471 2696 et
1485 2633 1610 2696 cautelis
1625 2640 1688 2696 tam
1703 2633 1881 2717 specialibus
1897 2657 1989 2720 quam
2003 2659 2136 2723 ponera·¹

315 2743 405 2824 libus,
425 2744 462 2807 de
485 2751 512 2808 et
533 2745 567 2806 in
591 2740 829 2827 quibuscumque
850 2761 919 2803 cum
937 2739 1061 2823 prefato
1083 2739 1270 2802 sanctissimo
1290 2747 1379 2822 patre
1402 2741 1605 2822 convenerint,
1622 2747 1649 2804 ιι
1665 2761 1722 2825 quc
1738 2743 1770 2804 in
1786 2749 1900 2807 notaet
1920 2745 2132 2826 instrumento,

318 2853 360 2916 rel
383 2852 480 2914 literis
502 2850 670 2934 apostolicis
693 2847 801 2912 ecirrde
821 2846 931 2930 fiendis
955 2845 1172 2931 quomodolibet
1201 2848 1387 2929 inserentur,
1418 2848 1509 2910 etiam
1538 2849 1565 2910 si
1594 2847 1631 2910 de
1661 2850 1703 2911 cis
1733 2849 1778 2912 ael
1808 2869 1913 2912 eorum
1943 2852 2050 2936 aliquo
2079 2873 2132 2917 seu

315 2957 470 3043 aliquibus
493 2958 526 3020 in
548 2956 602 3020 boc
628 2955 780 3020 sindicatu
810 2976 863 3018 scu
893 2954 1061 3017 sindicatns
1087 2955 1288 3017 instrumento
1318 2961 1465 3038 oporteret
1496 2975 1668 3037 expressam
1697 2954 1769 3037 fieri
1798 2959 2052 3042 nominationnn,
2076 2981 2134 3042 quc

315 3068 419 3130 omniu
435 3086 497 3150 pro
520 3065 667 3148 expressis
690 3071 716 3128 et
739 3063 914 3148 specificatis
936 3063 968 3124 in
991 3061 1045 3124 boc
1068 3063 1270 3125 instrumento
1294 3069 1320 3124 ct
1342 3061 1495 3125 sindicatu
1520 3082 1556 3125 ιι
1578 3070 1660 3126 certa
1686 3064 1811 3136 scientia
1840 3063 1946 3129 baberi
1972 3068 2133 3132 coluerunt

316 3178 590 3238 etcoasenserunt.
614 3169 691 3234 Item
716 3171 758 3234 ad
775 3170 1017 3254 promittendum
1040 3169 1223 3251 solemniter,
1247 3175 1273 3232 et
1297 3168 1478 3250 jarornento
1504 3169 1698 3252 firrrcandmn
1720 3171 1807 3234 modo
1831 3179 1858 3234 et
1880 3175 2002 3238 nomine
2026 3175 2134 3260 quibus

316 3302 423 3365 supra,
439 3281 627 3344 sanctissimo
636 3279 724 3362 patri
733 3278 871 3362 predicto
894 3275 1067 3341 nominibus
1092 3276 1200 3360 quibus
1221 3297 1317 3360 supra
1340 3279 1507 3361 recipienti,
1524 3277 1605 3362 quod
1627 3279 1687 3362 ipsi
1708 3278 1818 3342 sindici
1841 3287 1868 3343 et
1890 3279 2057 3346 Commune
2073 3282 2134 3346 130-

316 3389 474 3451 nonicnses
490 3408 550 3471 per
573 3386 689 3449 eosdem
711 3385 841 3448 sindicos
869 3385 912 3447 rel
934 3384 1010 3446 alios
1032 3383 1075 3446 ad
1096 3382 1150 3446 boc
1173 3383 1301 3467 lepitime
1323 3383 1513 3446 ordinandos
1535 3385 1567 3446 in
1592 3405 1721 3448 romano
1748 3383 1856 3468 Curia,
1873 3394 1900 3450 et
1919 3389 2009 3451 etiam
2032 3392 2134 3473 ipsum

319 3493 485 3559 Commune
512 3501 538 3558 et
569 3492 756 3557 Unioersitos
777 3491 988 3574 bononienses,
1012 3491 1054 3555 ad
1075 3491 1127 3555 bec
1149 3492 1191 3554 ud
1213 3512 1322 3555 sonum
1344 3513 1490 3576 campane
1516 3499 1543 3557 ιι
1567 3513 1632 3556 oocc
1647 3495 1806 3576 preconia,
1823 3501 1857 3558 ιιι
1880 3499 1973 3560 moris
1996 3505 2048 3580 est,
2068 3518 2133 3582 spe·

316 3605 434 3669 cialiter
456 3610 483 3666 et
504 3602 677 3665 solemniter
700 3607 876 3684 conpreputo
898 3601 932 3662 in
954 3600 1071 3662 ciritate
1092 3597 1249 3681 Bononio,
1267 3606 1373 3683 posteo
1395 3599 1438 3662 ad
1460 3601 1556 3683 ipsius
1571 3601 1675 3683 patris
1697 3603 1878 3665 sanctissimi
1904 3601 2133 3688 beneplacitum,

318 3713 362 3776 acl
385 3712 450 3794 ejus
473 3729 562 3795 picem
584 3711 700 3772 miserit
722 3708 765 3772 ad
787 3709 934 3771 ciuitatem
954 3707 1091 3772 Rononic
1108 3727 1170 3791 pro
1193 3708 1363 3771 executione
1385 3715 1593 3771 contentarum
1616 3709 1649 3770 in
1673 3715 1754 3790 noto,
1772 3711 1973 3774 Instrumenta
1992 3719 2019 3776 et
2038 3713 2133 3777 literis

316 3821 474 3884 antedictis
496 3817 620 3902 prefato
651 3837 738 3902 quem
770 3817 887 3880 miserit
914 3818 1055 3880 existente
1080 3818 1115 3878 in
1146 3817 1264 3879 ciuitate
1285 3814 1439 3898 Bononio,
1464 3822 1490 3878 ct
1520 3818 1554 3878 in
1584 3816 1650 3898 ejns
1667 3819 1823 3900 presentia
1846 3820 2002 3902 recipienti
2026 3822 2083 3884 rice
2106 3829 2133 3884 ct

317 3929 439 3992 nomine
460 3927 557 4010 ipsius
579 3925 761 3988 sanctissimi
782 3925 880 4007 patris
902 3923 1019 3986 domini
1037 3944 1119 4008 pape
1141 3931 1168 3987 et
1190 3943 1316 3986 romane
1339 3921 1470 3986 Ecclesia
1495 3929 1665 3987 memorate.
1689 3923 1767 3988 Ιιωη
1790 3925 1832 3987 ml
1858 3927 2007 3990 caertelarn
2035 3935 2062 3991 et
2091 3929 2134 3991 ad

316 4035 463 4117 majorem
485 4032 691 4117 predictorum
714 4032 852 4094 omnium
875 4037 902 4095 ιι
924 4030 1118 4115 simpulorum
1137 4031 1316 4113 firmitatem·
1334 4029 1544 4114 approbabunt
1560 4033 1662 4094 omnio
1679 4039 1706 4095 et
1720 4032 1843 4116 sinpnla
1859 4033 2047 4116 supradicta,
2064 4055 2132 4097 con-

314 4143 440 4226 fessato,
456 4147 599 4221 narrata,
610 4140 774 4223 promisso,
790 4145 859 4202 octa
882 4145 910 4202 ιι
929 4145 1012 4223 qesta
1028 4159 1090 4222 per
1113 4137 1292 4201 Rolandum
1309 4137 1494 4222 predictum,
1516 4145 1626 4202 ιιωιηι
1643 4158 1685 4220 ea,
1704 4145 1736 4201 nt
1754 4159 1861 4222 supra,
1878 4147 1904 4202 ιι
1921 4161 1978 4224 que
1993 4149 2133 4226 upsalia,

310 4251 542 4335 prann'ttentur,
557 4245 785 4329 narrabuntur,
802 4253 829 4310 ιι
849 4245 923 4328 finit
941 4266 1001 4329 per
1022 4247 1100 4329 ipsas
1123 4245 1263 4327 sindicos,
1286 4253 1313 4309 et
1333 4252 1536 4330 aucupentur
1552 4245 1665 4327 etflent
1681 4247 1771 4309 etiam
1786 4267 1856 4309 cum
1872 4247 1992 4330 eisdem,
2009 4255 2036 4312 ct
2055 4269 2085 4312 se
2109 4257 2135 4312 et

316 4377 374 4421 scm
388 4355 508 4420 bonust
532 4352 742 4418 Uir-icersitatis
752 4353 889 4436 predicte
904 4354 947 4416 od
969 4373 1075 4417 eorum
1097 4354 1233 4416 arnrrium
1258 4359 1285 4416 et
1307 4353 1500 4437 sinpulorum
1524 4351 1745 4416 observantiam
1767 4352 1951 4439 oblipabunt,
1971 4362 2004 4418 ut
2027 4376 2134 4439 supra,

318 4466 351 4526 in
373 4461 512 4526 omnibns
536 4469 563 4525 ιι
582 4483 639 4544 per
660 4463 773 4542 onznia,
785 4467 881 4544 prout
905 4461 963 4544 ipsi
987 4459 1106 4524 Sindici
1126 4459 1242 4542 facient
1265 4461 1299 4522 in
1314 4461 1473 4544 presentia
1490 4459 1611 4543 prefati
1632 4461 1815 4523 sanctissimi
1831 4463 1934 4544 pratris
1957 4469 1984 4525 et
2007 4462 2133 4544 donnini,

316 4571 434 4635 domini
442 4590 536 4654 pape,
552 4565 727 4632 nominibus
749 4566 859 4652 quibus
880 4588 987 4651 supra,
1004 4569 1182 4654 recipientis.
1207 4566 1257 4631 Dc
1276 4565 1385 4652 quibus
1400 4565 1624 4651 approbatione,
1641 4567 1840 4650 ratificationc
1856 4575 1883 4632 ιι
1897 4568 2135 4652 confirmatione,

317 4686 345 4743 ιι
365 4678 454 4761 alijs,
478 4698 536 4762 que
558 4678 640 4739 circa
656 4673 797 4758 predicta
820 4681 953 4759 aperitur
975 4682 1002 4738 et
1021 4674 1096 4757 fient
1118 4676 1152 4738 in
1179 4677 1297 4738 ciuitate
1320 4673 1517 4756 Bononiensi,
1538 4673 1608 4755 fieri
1630 4673 1757 4738 debeant
1782 4673 1908 4758 publica
1931 4677 2135 4740 instrumenta

312 4806 372 4870 per
392 4785 453 4868 fide
475 4785 606 4870 dipnum
627 4784 782 4847 notarium
806 4783 843 4845 de
865 4784 981 4846 ciuitate
1005 4781 1205 4864 Bononiensi,
1230 4782 1275 4845 ιιι
1296 4783 1395 4845 aliurn
1417 4781 1459 4844 ad
1481 4781 1700 4866 beneplacitum
1721 4783 1818 4865 ipsius
1840 4782 1957 4845 domini
1974 4804 2066 4867 pape,
2091 4785 2135 4845 ιιι

317 4895 366 4956 sui
389 4892 503 4974 nuntij,
527 4911 617 4976 quem
641 4891 755 4953 miserit
777 4889 820 4952 ad
836 4890 987 4973 predicto,
1004 4910 1134 4974 quorum
1159 4891 1433 4952 instrumentorum
1457 4910 1556 4952 unnm
1579 4887 1622 4951 od
1645 4890 1747 4952 virinus
1771 4890 1801 4951 in
1820 4887 1976 4972 publicam
1997 4889 2133 4972 formam

317 4999 360 5062 ad
382 5000 482 5082 ipsum
498 5005 623 5082 patrem
646 4999 868 5060 sanctissimum
892 4998 1077 5078 remittatur,
1093 5003 1120 5060 ιι
1129 5003 1227 5080 prout
1243 4997 1276 5058 in
1291 4997 1364 5080 ipsis
1379 4997 1475 5059 literis
1491 4994 1709 5077 continebatur,
1729 5016 1782 5058 sen
1800 4998 1971 5059 continetur
1986 4997 2031 5059 rel
2044 5005 2136 5080 prout

317 5104 518 5171 continebitur
541 5107 574 5168 in
597 5105 668 5187 alijs
691 5104 729 5168 de
751 5125 825 5168 noco
844 5104 996 5185 faciendis
1018 5103 1107 5186 infra
1130 5105 1296 5167 terminum
1315 5123 1371 5186 per
1381 5102 1543 5186 prefatum
1566 5104 1790 5166 sanctissirmnn
1808 5111 1941 5186 patrem,
1958 5103 2044 5167 etad
2062 5103 2135 5167 obli-

315 5214 453 5298 pandum
485 5214 658 5276 solemniter
681 5212 796 5275 dictum
826 5209 1010 5292 Commune,
1041 5209 1272 5274 Universitatem
1302 5217 1328 5274 et
1353 5209 1507 5294 populum
1530 5209 1669 5275 Bononio
1693 5217 1719 5273 et
1743 5211 1839 5294 ipsius
1861 5208 1953 5292 bona,
1981 5217 2007 5274 et
2034 5213 2133 5294 ipsmn

321 5319 500 5403 Connnnne,
532 5319 762 5384 Universitatem
785 5325 811 5384 cl
829 5319 982 5402 populum
1004 5325 1031 5382 ιι
1053 5339 1085 5382 se
1107 5318 1184 5381 dicta
1206 5318 1328 5382 nomine
1350 5317 1599 5400 submittendum,
1622 5317 1856 5401 supponendum
1872 5317 2086 5400 jurisdictioni
2109 5327 2135 5382 ιι

317 5427 496 5492 coberdioni
526 5427 599 5491 dicti
628 5427 810 5490 sanctissimi
836 5427 936 5510 patris
967 5433 993 5490 ιι
1022 5433 1124 5490 sancta
1153 5445 1280 5488 romane
1310 5423 1441 5488 Ecclesie
1472 5431 1499 5487 ιι
1528 5444 1656 5488 snorum
1684 5423 1866 5507 officialium
1899 5431 1927 5486 et
1955 5425 2136 5488 auditorum

319 5555 579 5620 quorumcumque
602 5555 663 5618 pro
685 5532 875 5597 obseruantia
898 5541 925 5597 ιι
953 5534 1123 5597 executione
1139 5533 1237 5618 pleno
1260 5539 1287 5594 et
1302 5531 1441 5616 perfecto
1469 5533 1605 5595 omnium
1636 5539 1663 5596 et
1688 5531 1882 5616 sinpnlornm
1899 5533 2133 5614 premissorum,

318 5651 346 5707 et
369 5645 459 5708 etiam
481 5641 524 5705 ool
540 5641 746 5726 prestandum
768 5641 924 5724 corporale
946 5638 1105 5722 cujuslibet
1125 5641 1246 5724 pencris
1260 5639 1478 5722 juramentum
1499 5640 1534 5702 in
1556 5639 1691 5720 animas,
1715 5645 1742 5702 et
1764 5658 1857 5721 snper
1879 5636 2041 5701 animabus
2063 5659 2132 5702 con-

317 5751 518 5832 stituentium,
541 5748 682 5834 penerolc
706 5749 750 5811 ιιι
771 5748 907 5832 speciale,
931 5746 1071 5832 quodque
1092 5745 1129 5810 ab
1153 5749 1194 5810 eis
1211 5753 1335 5830 petetur
1358 5746 1402 5810 ιιι
1422 5745 1492 5828 ficri
1509 5747 1676 5808 occurrerit
1699 5765 1761 5829 pro
1793 5746 1964 5808 assecutione
1987 5751 2013 5808 et
2037 5745 2134 5809 obscr-

318 5859 422 5921 oantio
442 5855 639 5940 supradictis.
663 5853 741 5919 liene
770 5856 862 5918 saluis
890 5853 1030 5918 omnibus
1053 5860 1080 5918 et
1102 5854 1232 5938 sinpulis
1254 5873 1351 5937 supra
1373 5853 1461 5917 dictis
1483 5853 1526 5916 ad
1547 5852 1782 5936 supplicandum
1805 5851 1964 5915 lumiliter
1986 5860 2013 5915 ιι
2035 5853 2135 5916 deuote

319 5972 346 6029 ιι
362 5964 528 6048 petendum
553 5970 580 6027 et
602 5963 842 6046 impetrandum,
859 5961 1033 6026 nominibus
1060 5959 1170 6046 aeribus
1191 5981 1299 6045 snpra,
1321 5959 1359 6024 ab
1385 5961 1449 6044 ipso
1470 5961 1657 6024 sanctissimo
1674 5967 1767 6044 patre
1788 5961 2001 6022 correctionem
2024 5966 2051 6023 et
2073 5981 2136 6022 mo·

319 6071 520 6154 dificationem
544 6077 571 6134 ιι
594 6069 830 6133 declarationem
856 6074 1009 6132 certorum
1039 6068 1244 6152 capitularum
1266 6069 1300 6130 in
1322 6073 1405 6150 nota,
1425 6069 1625 6130 instrmncnto
1648 6073 1675 6130 et
1698 6065 1785 6128 dictis
1809 6065 1905 6128 literis
1927 6073 2135 6130 contentorum

318 6181 451 6244 inanime
472 6177 714 6262 importabiliter
736 6185 763 6242 et
790 6197 852 6241 non
882 6176 1114 6260 tollerabilium,
1138 6183 1164 6240 ιι
1195 6177 1277 6261 ipsas
1306 6176 1520 6257 correctiones,
1540 6173 1775 6257 modificationes
1797 6181 1825 6237 et
1854 6173 2085 6256 declarationes,
2109 6177 2135 6237 si

319 6308 395 6372 quas
420 6286 503 6369 fecit,
526 6285 734 6369 recipiendum
766 6291 793 6348 ιι
817 6283 1135 6368 prosequendum,et
1164 6283 1236 6346 illas
1265 6289 1292 6347 et
1322 6281 1491 6346 secundum
1519 6281 1591 6344 illas
1623 6281 1669 6345 ael
1699 6281 1790 6344 etiam
1819 6282 1884 6344 sinc
1913 6280 1985 6363 illis,
2008 6283 2035 6344 si
2054 6281 2137 6364 forte

319 6395 462 6459 dominus
491 6400 593 6457 noster
616 6413 703 6477 popo
732 6393 855 6477 aliquas
885 6393 1097 6473 correctiones,
1121 6390 1357 6474 dedarationcs,
1381 6390 1427 6454 uel
1458 6389 1692 6472 rmdificationcs
1719 6389 1811 6452 nollet
1839 6387 1953 6470 facere,
1980 6389 2025 6453 ael
2055 6391 2137 6474 quod

315 6501 425 6584 fierent
454 6500 641 6580 consentire,
672 6497 884 6583 approbandi,
915 6496 1091 6580 ratificandi
1125 6503 1151 6560 ιι
1182 6495 1387 6579 confirmandi
1415 6497 1519 6560 omnia
1549 6502 1576 6559 ιι
1610 6494 1733 6580 sinpulo
1763 6493 1950 6578 supradicta.
1983 6492 2061 6558 Item
2095 6495 2137 6558 ad

399 6638 467 6677 rou.
486 6639 519 6676 11.
614 6637 617 6644 ¹
2022 6620 2053 6670 17
