5492 7750
606 555 654 626 38
1394 577 1634 626 nonuunurn

603 749 645 792 ex
668 729 714 792 eis
739 733 848 792 secuta
872 734 946 792 sunt
969 727 1021 791 vel
1045 729 1086 792 ob
1110 749 1159 792 ea.
1178 727 1340 815 Captivos,
1359 729 1413 813 qui
1434 728 1601 792 occasione
1618 728 1714 812 hujus
1731 726 1888 792 discordie
1905 729 1991 814 capti
2007 734 2081 792 sunt
2098 749 2169 791 cum
2185 728 2277 792 bonis
2294 749 2415 812 eorum,

603 842 635 899 et
658 836 723 899 alia
747 857 809 921 que
833 835 1000 900 occasione
1024 834 1124 922 ipsius
1147 835 1305 900 discordie
1329 841 1424 921 capta
1447 842 1521 898 sunt
1545 836 1597 900 vel
1621 835 1761 918 detenta,
1778 836 1958 916 restituant,
1976 835 2021 899 ita
2045 836 2129 922 quod
2147 835 2338 900 adherentes
2354 837 2415 923 ipsi

603 941 789 1027 imperatori
813 942 959 1006 similiter
982 942 1029 1006 eis
1051 942 1173 1007 faciant
1197 951 1229 1006 et
1245 943 1426 1006 observent.
1443 942 1511 1006 Alii
1527 949 1634 1006 autem
1651 943 1770 1028 captivi
1785 942 1961 1007 secundum
1975 943 2029 1027 jus
2045 923 2176 1029 Imperii
2193 944 2414 1028 restituantur,
2463 923 2468 930 ¹

602 1069 674 1112 cum
698 1049 767 1135 ipse
790 1049 965 1134 imperator
988 1049 1132 1134 legatum
1156 1071 1249 1112 suum
1273 1050 1306 1113 in
1329 1048 1566 1140 Lombardiam
1582 1070 1640 1136 pro
1663 1071 1743 1135 pace
1766 1049 1971 1113 reformanda
1994 1050 2078 1114 inter
2100 1049 2263 1114 discordes
2286 1051 2416 1114 duxerit

601 1155 844 1238 destinandum3
862 1157 1105 1221 constitutiones
1128 1177 1217 1239 vero,
1242 1157 1331 1242 leges
1355 1163 1387 1220 et
1409 1163 1531 1220 statuta
1555 1157 1596 1220 ab
1620 1157 1755 1220 ecclesia
1779 1177 1912 1221 romana
1935 1164 1967 1220 ct
1990 1157 2130 1221 romanis
2155 1158 2413 1244 imperatoribus,

600 1269 633 1326 et
656 1263 839 1348 specialiter
862 1263 903 1327 ab
927 1263 996 1348 ipso
1020 1263 1213 1349 imperatore
1237 1270 1349 1327 contra
1373 1263 1546 1344 hereticos,
1564 1270 1790 1348 receptatores,
1807 1263 2002 1345 defensores,
2027 1263 2193 1328 credentes
2217 1271 2248 1327 et
2271 1263 2414 1328 fautores

600 1390 711 1433 comm
734 1370 890 1434 hacteuus
912 1370 1129 1456 promulgata,
1145 1370 1198 1434 val
1221 1371 1421 1456 inposterum
1444 1369 1690 1455 promulganda,
1708 1370 1864 1456 recipiant
1888 1377 1920 1434 st
1944 1371 2115 1434 observent
2137 1371 2366 1435 inviolabiliter
2382 1379 2414 1436 et

600 1475 772 1541 efficaciter
794 1483 1006 1562 exequantur,
1024 1477 1305 1541 constitutionibus
1330 1477 1588 1563 municipalibus,
1605 1477 1698 1540 editis
1719 1483 1830 1542 contra
1849 1477 1941 1560 tales,
1959 1478 2165 1542 nihilominus
2189 1478 2221 1542 in
2245 1479 2310 1542 suis
2334 1479 2413 1544 locis

599 1583 733 1648 tirmiter
757 1584 976 1649 observandis.
992 1583 1175 1648 Potestates
1199 1590 1317 1666 autem,
1335 1583 1490 1648 Consules
1514 1591 1545 1647 et
1568 1583 1723 1647 Rectores
1747 1584 1923 1667 civitatum,
1941 1585 2140 1670 aliorumque
2164 1585 2317 1668 locorum,
2335 1607 2413 1672 quo·

599 1711 735 1777 cumque
760 1693 887 1757 nomine
912 1698 1114 1774 censeantur,
1129 1693 1239 1776 jurent
1264 1691 1349 1777 quod
1372 1691 1429 1754 illa
1452 1691 1589 1756 fideliter
1613 1692 1841 1774 observabunt,
1858 1691 1954 1776 idque
1978 1714 2052 1757 suos
2073 1693 2183 1777 jurare
2205 1693 2327 1757 saciant
2342 1715 2413 1758 suc·

598 1819 752 1882 cessores,
768 1807 925 1885 ponentes
949 1821 1004 1864 eas
1027 1801 1060 1864 iu
1084 1799 1212 1864 statutis
1236 1800 1413 1882 civitatum,
1431 1800 1631 1884 aliorumque
1654 1800 1805 1882 locorom,
1824 1800 1880 1864 illa
1895 1800 1969 1864 inde
1986 1821 2190 1886 nequaquam
2214 1801 2411 1888 inposterum

598 1906 744 1972 deleturi.
771 1907 899 1972 Statuta
923 1907 1030 1972 omnia
1054 1907 1235 1972 communia
1259 1914 1291 1970 et
1313 1906 1532 1992 particularia,
1553 1907 1640 1970 lacta
1663 1913 1776 1970 contra
1806 1907 1958 1970 ecclesias
1982 1914 2014 1972 st
2037 1907 2288 1972 ecclesiasticam
2316 1909 2410 1972 liber-

598 2019 716 2096 tatem,
739 2015 867 2100 penitus
890 2021 1060 2096 revocent,
1085 2015 1124 2078 de
1156 2014 1222 2078 suis
1254 2014 1534 2078 constitutionibus
1565 2014 1712 2095 deleant,
1737 2020 1768 2078 et
1792 2034 1830 2078 aa
1855 2015 1906 2078 rel
1937 2016 1983 2078 eis
2012 2015 2129 2078 similia
2152 2015 2192 2078 de
2216 2023 2323 2080 cetero
2347 2037 2410 2080 uon

597 2127 770 2185 resumant.
795 2122 1023 2185 Laterauensis
1048 2143 1174 2208 quoque
1199 2127 1320 2185 statuta
1344 2121 1480 2202 concilii,
1503 2129 1535 2184 et
1558 2121 1801 2185 constitutiones
1824 2141 1843 2184 a
1867 2122 1970 2205 nobis,
1986 2129 2018 2186 et
2041 2123 2130 2207 leges
2154 2123 2194 2186 ab
2219 2123 2289 2209 ipso
2313 2124 2411 2210 impe·

596 2234 704 2292 ratcra
728 2250 824 2314 super
847 2229 885 2291 iis
909 2229 1022 2310 editas,
1040 2229 1211 2292 observent
1235 2236 1267 2293 at
1288 2229 1398 2313 jurent
1422 2228 1619 2314 inposterum
1643 2228 1825 2312 observare,
1847 2250 1984 2314 suosque
2006 2230 2117 2313 jurare
2140 2230 2262 2294 saciant
2285 2251 2410 2295 sueces-

597 2356 695 2398 sores.
719 2334 821 2399 Porro
844 2335 1005 2421 predictos
1030 2335 1283 2420 quadringentos
1306 2335 1424 2398 milites
1448 2335 1480 2398 in
1505 2335 1620 2416 auudo,
1637 2334 1802 2417 morando,
1819 2336 1982 2400 reduendo
2006 2336 2065 2400 sub
2089 2343 2199 2400 nostra
2223 2344 2255 2400 et
2279 2336 2411 2422 speciali

597 2441 771 2528 apostolice
797 2442 889 2506 Sedis
912 2443 1110 2529 protectione
1135 2443 1336 2528 suscipimus,
1356 2463 1428 2506 cum
1445 2441 1592 2506 omnibus
1609 2442 1700 2506 bonis
1717 2442 1793 2524 suis,
1811 2443 1971 2528 iidemque
1987 2451 2158 2508 tencantur
2181 2444 2228 2508 ire
2252 2445 2285 2507 in
2309 2444 2409 2530 ipsius

595 2549 798 2635 imperatoris
821 2551 983 2636 passagio,
1008 2571 1070 2635 quo
1095 2550 1136 2614 ab
1160 2571 1198 2614 eo
1222 2556 1377 2613 statutum
1402 2557 1451 2612 est
1474 2555 1506 2612 at
1529 2569 1549 2611 a
1571 2569 1705 2612 romana
1735 2548 1882 2614 Ecclesia
1912 2551 2136 2636 approbatum.
2161 2551 2304 2636 Ideoque
2328 2551 2409 2614 Uni·

594 2655 741 2720 versitati
763 2663 870 2720 vestra
893 2677 951 2742 por
973 2656 1150 2742 apostolica
1173 2657 1293 2742 scripta
1316 2655 1506 2719 mandamus
1535 2661 1631 2740 atque
1662 2656 1873 2742 precipimus,
1899 2663 2056 2741 quatenus
2086 2657 2271 2742 supradicta
2302 2657 2409 2722 omnia

592 2783 651 2848 pro
674 2769 767 2849 parte
791 2771 902 2827 nostra
926 2763 1117 2827 inconcussa
1140 2763 1286 2846 servetis,
1303 2785 1341 2826 ac
1365 2785 1461 2848 super
1485 2763 1545 2827 hoc
1569 2763 1662 2826 nobis
1685 2770 1718 2826 et
1740 2763 1802 2849 ipsi
1824 2763 2010 2849 imperatori
2032 2765 2128 2848 juxta
2151 2771 2305 2848 tenorem,
2323 2765 2408 2851 quod

592 2870 683 2934 vobis
707 2871 969 2954 transmittimus,
993 2876 1118 2934 vostras
1142 2878 1289 2956 patentes
1312 2870 1422 2934 literas
1446 2891 1547 2955 usque
1572 2870 1614 2933 ad
1637 2871 1818 2956 proximam
1842 2870 2033 2934 dominicam
2057 2871 2206 2936 instantis
2230 2872 2408 2958 quadrege-

592 2977 672 3041 sime
695 2979 932 3060 transmittatis,
949 2999 1007 3064 per
1031 2999 1161 3041 manum
1185 2976 1346 3064 publicam
1371 2978 1517 3064 scriptas,
1539 2984 1571 3040 et
1594 2978 1693 3040 vestri
1716 2999 1754 3042 ac
1777 2977 1895 3064 prefati
1920 2978 2114 3042 marchionis
2137 2986 2169 3043 et
2193 2980 2408 3066 quarumlibet

594 3084 762 3148 civitatum
785 3084 824 3148 de
847 3085 918 3170 ipsa
943 3085 1104 3150 Societate
1127 3085 1307 3170 sigillorum
1331 3085 1527 3170 appensione
1552 3084 1701 3148 munitas.

681 3191 802 3255 Datum
826 3190 981 3256 Laterani
1005 3192 1098 3255 nonis
1120 3191 1272 3276 januarii,
1297 3189 1501 3276 pontificatus
1528 3191 1627 3254 nostri
1652 3211 1735 3254 anno
1761 3190 1939 3254 undecimo.

1438 3511 1563 3575 XXIV.

1345 3726 1442 3808 1227,
1466 3725 1487 3786 5
1510 3726 1660 3789 ianuarii.

1068 3937 1120 4001 Ex
1144 3937 1256 4002 eodem
1280 3944 1366 4002 tomo
1389 3937 1566 4020 XXXVI,
1591 3959 1677 4002 num.
1701 3938 1874 4002 LXXVII.
1892 3938 1931 4004 (ll

677 4152 845 4218 Honorius
868 4151 932 4216 III.
955 4152 1073 4216 illustri
1096 4151 1316 4216 Romanorum
1340 4152 1527 4238 imperatori
1550 4173 1676 4238 semper
1703 4159 1841 4238 augusto
1872 4160 1904 4216 et
1934 4154 2004 4238 regi
2035 4155 2153 4220 Sicilie.
2177 4155 2257 4239 Ejus
2286 4156 2402 4240 locum,

588 4262 664 4327 licet
687 4262 848 4346 immeriti,
866 4261 1047 4326 obtinentes
1069 4263 1101 4326 in
1124 4262 1227 4344 terris,
1246 4282 1308 4346 que
1330 4284 1396 4348 pax
1420 4268 1529 4326 nostra
1553 4262 1629 4326 fecit
1651 4269 1788 4347 utraque
1813 4283 1920 4345 unum,
1938 4263 2018 4327 duos
2040 4264 2179 4348 parietes
2200 4265 2403 4330 vanientese

588 4370 715 4434 diverso
740 4371 939 4454 conjungens
963 4369 996 4432 in
1020 4391 1054 4434 se
1077 4369 1147 4456 ipso
1171 4369 1278 4456 lapide
1302 4369 1462 4455 angulari,
1485 4370 1692 4434 nascentibus
1716 4369 1869 4433 debemus
1893 4370 2024 4434 ovaare
2048 4371 2226 4454 discordiis,
2244 4381 2277 4436 et
2300 4373 2403 4438 inton-

587 4478 663 4542 dere
694 4477 830 4541 sollicite
861 4498 898 4540 ac
927 4476 1098 4562 diligenter
1122 4476 1163 4540 ad
1186 4498 1242 4557 ea,
1266 4499 1328 4563 que
1352 4483 1426 4541 suut
1450 4477 1618 4542 concordie
1651 4476 1784 4541 unitatis
1809 4483 1841 4540 ct
1863 4477 1961 4563 pacis.
1987 4477 2069 4542 Cum
2092 4499 2170 4562 ergo
2194 4501 2296 4564 nuper
2320 4482 2403 4545 inter

586 4592 618 4649 te
646 4606 684 4648 ac
714 4584 908 4648 Societatem
931 4582 1144 4666 Lombardie,
1168 4583 1378 4666 Romaniole,
1403 4591 1499 4669 atque
1523 4584 1666 4648 Marchia
1691 4582 1851 4648 discordia
1876 4590 1945 4648 orta
1969 4591 2071 4666 essct,
2097 4605 2173 4666 nos,
2199 4587 2401 4652 attendentes

587 4691 673 4776 quod
696 4713 757 4774 res,
783 4691 843 4754 uisi
868 4691 1077 4755 obsisteretur
1100 4691 1274 4777 principiis,
1300 4691 1456 4755 afferebat
1480 4690 1742 4776 impedimentum
1765 4691 1895 4776 negotio
1920 4689 2004 4754 terre
2028 4698 2159 4773 sancte,
2184 4714 2242 4778 pro
2267 4716 2330 4778 quo
2354 4703 2408 4759 cst

586 4804 676 4861 tanto
707 4805 851 4884 tempora
882 4797 1080 4879 laboratum,
1105 4797 1239 4882 dignum
1269 4797 1420 4861 duximus
1450 4797 1655 4882 interponere
1687 4804 1796 4882 partes
1827 4803 1962 4861 nostras.
1988 4797 2034 4861 Te
2058 4798 2159 4882 igitur
2188 4805 2221 4862 st
2249 4801 2401 4884 predictis

585 4912 689 4969 totum
712 4905 818 4991 ipsum
842 4905 1007 4989 negotium
1030 4904 1062 4968 in
1087 4912 1196 4968 nostra
1220 4912 1252 4969 et
1274 4905 1410 4968 fratrum
1434 4911 1617 4987 nostrorum
1640 4904 1843 4989 providentia
1859 4911 1891 4967 et
1906 4904 2114 4990 dispositione
2136 4906 2236 4970 libare
2254 4929 2291 4970 ac
2308 4909 2401 4972 abso-

585 5013 651 5077 lute
676 5012 887 5099 ponentibus,
912 5011 1008 5096 idque
1041 5010 1279 5076 declarantibus
1311 5033 1369 5097 per
1392 5012 1502 5076 literas
1526 5019 1558 5075 et
1581 5011 1712 5097 publica
1735 5012 1947 5075 instrumenta
1980 5032 2039 5076 nee
2069 5033 2131 5076 non
2162 5035 2218 5099 per
2242 5015 2402 5080 solemnes

584 5127 810 5206 procuratores
839 5125 872 5183 et
903 5119 1032 5183 nuntios
1063 5126 1194 5205 propter
1225 5119 1285 5184 hoc
1318 5120 1359 5182 ab
1383 5126 1519 5204 utraque
1542 5126 1634 5204 parte
1659 5118 1700 5181 ad
1724 5125 1866 5182 nostram
1892 5119 2086 5203 presentiam
2109 5119 2304 5204 destInatos,
2329 5145 2402 5186 cum

583 5227 668 5290 inter
692 5227 937 5292 ceterafuisset
962 5233 1119 5312 exparte
1147 5232 1203 5290 tua
1233 5227 1449 5312 propositum,
1475 5225 1578 5311 quod,
1604 5226 1799 5312 impediente
1831 5226 1992 5290 Societatc
2022 5226 2184 5311 predicta,
2209 5228 2401 5312 nequiveras

582 5335 678 5418 juxta
701 5334 901 5420 propositum
925 5341 1016 5397 tuum
1039 5333 1213 5419 procedere
1237 5341 1349 5397 contra
1373 5333 1566 5419 pravitatem
1589 5332 1779 5414 hereticam,
1804 5355 1865 5419 que
1889 5340 1998 5418 partes
2023 5333 2095 5396 illas
2119 5333 2235 5398 dicitur
2258 5337 2401 5420 graviter

584 5441 744 5523 infecisse,
765 5463 802 5505 ac
826 5442 972 5505 relevare
996 5441 1179 5504 libertatem
1203 5440 1463 5523 ecclesiasticam,
1482 5463 1542 5525 que
1566 5440 1686 5504 ibidem
1705 5439 1923 5525 multipliciter
1939 5441 2144 5504 asserebatur
2161 5463 2324 5527 oppressa,
2342 5465 2401 5508 nec

584 5570 759 5634 procurare
785 5548 963 5612 subsidium
987 5556 1071 5612 torre
1094 5556 1215 5632 sancte,
1232 5556 1363 5635 propter
1388 5548 1472 5633 quod
1496 5548 1679 5634 specialiter
1702 5547 1743 5610 ad
1766 5553 1874 5632 partes
1898 5547 1984 5633 ipsas
2008 5548 2148 5612 duxeras
2171 5549 2399 5634 accedendum,

585 5656 737 5743 quodque
763 5656 882 5742 captivi
906 5656 964 5720 tibi
987 5663 1099 5720 contra
1120 5658 1173 5741 jus
1197 5663 1229 5721 et
1250 5656 1405 5720 honorem
1430 5656 1557 5741 imperii
1580 5655 1709 5718 lucrant
1731 5654 1892 5739 denegati,
1911 5677 1970 5720 uos
1986 5656 2025 5718 iis
2042 5662 2074 5719 et
2090 5654 2171 5738 aliis,
2190 5678 2251 5740 que
2269 5656 2400 5722 fuerunt

582 5764 658 5827 blnc
683 5763 757 5827 inde
780 5763 955 5850 proposita,
980 5764 1106 5849 plautus
1130 5763 1312 5845 intellectis,
1337 5763 1375 5827 de
1400 5763 1602 5848 providentia
1626 5763 1671 5826 sio
1695 5761 1846 5824 duximus
1870 5762 2089 5852 statuendum,
2116 5770 2150 5826 ut
2173 5770 2225 5845 tu,
2250 5764 2400 5830 videlicet

582 5893 641 5958 pro
666 5872 849 5936 reverentia
873 5870 1025 5935 Crucifixi
1049 5878 1082 5934 et
1105 5871 1235 5956 negotio
1258 5879 1342 5935 terre
1366 5877 1476 5934 sancte
1500 5878 1555 5935 tuo
1579 5877 1611 5934 et
1634 5869 1691 5933 filii
1719 5870 1766 5933 tui
1797 5891 1834 5932 ac
1865 5869 1989 5954 imperii
2017 5871 2159 5952 nomine,
2184 5871 2223 5934 iis
2247 5873 2302 5957 qui
2326 5880 2400 5936 sunt

580 5980 621 6043 de
647 5979 808 6043 Societate
830 5981 900 6064 jam
920 5979 1016 6062 dicta,
1034 5980 1259 6044 universaliter
1283 5980 1418 6064 singulis
1442 5986 1474 6042 et
1498 5978 1704 6064 singulariter
1728 5977 1887 6040 universis
1909 5979 2053 6042 remittas
2077 6000 2204 6042 omnem
2220 6001 2398 6061 rancorem,

581 6087 846 6170 malivolentiam,
864 6087 1000 6171 injurias
1024 6094 1056 6150 et
1080 6087 1228 6170 offensas,
1246 6087 1353 6151 omnia
1369 6108 1496 6173 quoque
1512 6087 1632 6169 banna,
1650 6084 1907 6168 constitutiones,
1925 6086 2099 6149 sententias
2116 6093 2147 6150 et
2164 6087 2398 6170 ordinamenta,

581 6215 643 6279 que
667 6194 771 6258 fecisti
795 6193 847 6257 vel
870 6194 1050 6280 imposuisti
1074 6216 1132 6280 per
1154 6200 1186 6257 ta
1210 6193 1261 6257 vel
1286 6215 1344 6279 per
1367 6193 1484 6276 alium,
1507 6192 1632 6255 aliusve
1656 6212 1714 6276 pro
1743 6196 1774 6254 te
1799 6191 1953 6255 Societati
1977 6191 2030 6254 vel
2053 6192 2150 6256 alicui
2172 6192 2211 6256 de
2237 6193 2398 6258 Societate

660 6428 699 6492 (l)
720 6425 760 6476 Ex
780 6425 899 6494 Registr.
913 6424 946 6476 V.
967 6424 1080 6476 Honorii
1093 6423 1159 6490 III.,
1174 6424 1253 6492 epist.
1267 6427 1327 6490 442,
1341 6423 1388 6475 sol.
1405 6425 1462 6488 157,
1482 6422 1738 6490 uooxxv11.‚V.
1755 6424 1884 6491 januarii.
1897 6503 1901 6522 Ι
