5484 7746
582 569 658 641 230
1372 595 1611 646 uouunnnrs

578 747 659 810 alias
683 747 876 832 quingentas
900 748 999 812 libras
1023 747 1275 832 bononenerum,
1292 748 1332 813 de
1349 750 1464 834 quibus
1481 772 1538 835 per
1554 751 1790 816 commissarios
1806 773 1880 816 suos
1901 751 2061 837 predictos
2086 761 2211 818 ematur
2234 756 2393 840 possessio

578 855 710 918 cuilibet
733 877 844 919 eorum
863 863 895 920 11
919 877 976 942 pro
999 856 1055 938 eis,
1080 878 1142 941 qua
1165 857 1325 942 possessio
1349 858 1603 922 condictionibus
1626 859 1795 944 subjacere
1818 858 1920 923 voluit
1944 860 2154 947 supradictis,
2184 869 2216 926 et
2240 863 2267 926 si
2290 863 2393 928 dictus

577 984 654 1026 suus
678 961 761 1026 filius
785 964 966 1027 nasciturus
991 964 1042 1026 rel
1067 964 1231 1045 nascituri,
1255 971 1291 1028 ut
1313 965 1491 1050 predictum
1516 972 1574 1046 est,
1599 965 1659 1030 isto
1694 966 1838 1050 legitimo
1868 967 2071 1032 matrimonio
2101 976 2301 1034 morerentur
2325 973 2393 1036 siue

577 1070 651 1134 filiis
675 1071 826 1155 legitimis
850 1070 1127 1156 quandocumque,
1144 1071 1176 1134 iu
1202 1092 1239 1136 eo
1264 1093 1340 1136 casu
1365 1073 1434 1158 ipsa
1459 1072 1621 1136 hereditas
1645 1075 1812 1158 perveniat
1836 1081 1868 1138 et
1892 1081 2071 1138 revertatur
2095 1076 2134 1138 ad
2153 1077 2275 1162 priores
2292 1079 2392 1144 dictos

577 1199 652 1242 suos
675 1177 828 1259 heredes,
853 1178 975 1242 seilicet
998 1178 1116 1242 dictam
1141 1178 1303 1242 dominam
1325 1179 1468 1261 Minam,
1494 1179 1639 1244 Tadenm
1667 1188 1699 1244 et
1733 1179 1870 1266 Opicum
1901 1203 1973 1244 curn
2005 1181 2043 1245 iis
2076 1184 2330 1250 condictionibus
2361 1195 2394 1251 et

574 1285 676 1350 modis
701 1286 847 1370 superius
873 1285 992 1348 notatis
1017 1291 1049 1349 et
1072 1287 1210 1371 seriptis.

665 1393 748 1456 Item
772 1393 798 1456 si
822 1414 894 1456 cum
918 1392 1003 1457 dicto
1026 1393 1078 1456 vel
1102 1392 1195 1458 dictis
1217 1394 1291 1457 filiis
1315 1395 1477 1476 masculis,
1501 1417 1543 1458 ex
1567 1395 1627 1459 isto
1652 1396 1855 1460 matrimonio
1877 1399 2062 1483 procreatis,
2085 1400 2265 1483 nascituris,
2282 1423 2392 1466 nasce·

573 1509 662 1566 retur
686 1523 751 1567 una
774 1501 895 1566 femina
918 1508 1054 1584 tanturn,
1078 1508 1249 1566 teneantur
1272 1503 1334 1588 ipsi
1357 1503 1491 1566 masculi
1516 1525 1587 1566 eom
1611 1503 1723 1568 dotare
1748 1503 1780 1568 iu
1804 1505 1891 1568 mille
1917 1505 2007 1570 libris
2031 1507 2283 1590 bononenerum,
2301 1517 2343 1591 et,
2365 1509 2391 1573 si

572 1609 692 1674 fuerint
714 1610 834 1696 plures,
858 1608 1035 1694 quamlibet
1059 1609 1188 1672 illarum
1212 1609 1244 1672 in
1269 1608 1455 1694 quingentis
1478 1611 1569 1673 libris
1594 1610 1849 1676 bononenerum.

661 1716 704 1780 Et
727 1718 810 1782 hanc
834 1739 925 1780 suam
950 1715 1094 1780 ultimam
1126 1716 1326 1780 voluntatem
1358 1725 1390 1781 et
1421 1717 1664 1802 dispositionem
1696 1718 1833 1782 assernit
1857 1739 1945 1800 essa,
1969 1726 2002 1782 et
2024 1719 2127 1805 ipsam
2150 1721 2391 1808 dispositionem

569 1824 667 1909 jussit
690 1831 722 1890 et
745 1824 847 1888 voluit
871 1825 979 1888 valere
1001 1823 1075 1908 jure
1099 1823 1300 1906 testamenti;
1325 1845 1398 1909 que,
1419 1825 1446 1888 si
1471 1845 1533 1888 non
1558 1825 1681 1888 valeret
1701 1825 1774 1908 jore
1799 1827 1993 1908 testamenti,
2018 1827 2132 1890 saltem
2157 1829 2264 1893 valere
2290 1830 2391 1896 voluit

568 1933 642 2016 jure
667 1931 886 1997 codicillorum
909 1938 942 1995 et
964 1930 1097 1995 alterius
1121 1931 1351 2016 cujuscumque
1377 1931 1488 1995 ultime
1513 1931 1699 2014 voluntatis,
1724 1953 1788 2016 qua
1810 1933 1925 1996 melius
1949 1933 2057 1998 valere
2081 1943 2205 2019 potest;
2222 1945 2254 1999 et
2278 1959 2388 2022 quam·

572 2060 669 2124 qnam
700 2039 811 2103 ultime
842 2039 1007 2124 dispositio
1039 2038 1214 2103 veluntatis
1246 2039 1402 2124 scripture
1434 2039 1561 2124 publice
1594 2039 1776 2103 testimonio
1806 2039 1969 2122 fulciatur,
1995 2041 2167 2124 cujuslibet
2199 2045 2389 2130 suspicionis

572 2148 706 2212 sublatis
735 2147 922 2228 eventibus,
947 2167 1011 2210 non
1042 2145 1146 2209 minus
1177 2145 1255 2209 utile
1290 2168 1385 2230 quam
1417 2147 1634 2210 necessarium
1666 2147 1734 2210 fore
1759 2147 1820 2210 sibi
1845 2147 2159 2232 veluitprovidere,
2184 2154 2386 2237 11111111-

571 2277 665 2342 quem
682 2255 734 2318 111
753 2255 888 2340 aliquos,
906 2274 986 2316 ausu
1003 2252 1096 2333 falso,
1113 2253 1284 2316 temerario
1309 2260 1341 2315 et
1362 2261 1473 2316 contra
1491 2255 1670 2334 veritatem,
1686 2261 1794 2339 posset
1814 2255 1865 2317 111
1888 2257 1988 2339 possit
2013 2263 2240 2321 testamentum
2256 2260 2387 2345 aliquod

570 2365 688 2428 falsum
712 2362 880 2444 ordinare,
904 2361 1025 2425 factum
1049 2369 1123 2424 ante
1147 2361 1233 2424 istud
1257 2382 1350 2424 suum
1374 2383 1505 2446 presens
1529 2369 1561 2424 et
1584 2382 1697 2425 verum
1720 2370 1965 2444 testamentum,
1990 2362 2041 2426 vel
2066 2365 2163 2428 etiam
2191 2375 2264 2451 post
2297 2369 2387 2452 illud,

569 2493 626 2557 per
651 2470 736 2556 quod
759 2469 845 2534 istud
869 2475 1096 2532 testamentum
1120 2475 1229 2554 posset
1253 2466 1396 2552 infringi,
1413 2467 1505 2548 dixit,
1522 2475 1554 2532 et
1571 2476 1766 2554 protestatus
1782 2469 1843 2532 fuit
1859 2476 1891 2533 et
1907 2469 1989 2534 bena
2007 2471 2193 2536 reeordatus
2215 2495 2248 2537 se
2273 2475 2387 2542 fecisse

569 2577 767 2664 temporibus
791 2577 958 2641 retroactis
982 2575 1076 2661 plura
1099 2581 1292 2638 testamenta
1315 2575 1470 2656 Bononie,
1495 2574 1668 2657 Florentie,
1694 2575 1853 2658 Ferraria,
1877 2575 1992 2658 Reme,
2017 2577 2204 2662 Mediolani,
2229 2580 2386 2667 Venetiis,

570 2693 602 2752 et
627 2687 659 2750 in
682 2685 828 2771 pluribus
852 2684 923 2748 aliis
946 2684 1042 2764 locis,
1068 2683 1153 2746 etin
1178 2684 1241 2765 eis,
1267 2684 1318 2746 vel
1340 2685 1372 2746 in
1396 2683 1558 2768 aliquibus
1589 2705 1644 2747 seu
1677 2683 1785 2769 aliquo
1819 2705 1930 2746 eorum
1958 2706 2110 2771 expresse
2139 2687 2276 2770 dixisse,
2302 2692 2386 2775 quod

569 2793 700 2859 volebat
723 2791 803 2856 illud
827 2791 879 2855 vel
906 2791 962 2854 illa
985 2796 1177 2854 testamenta
1201 2791 1368 2875 prevalere
1392 2790 1539 2854 omnibus
1564 2790 1635 2854 aliis
1659 2791 1858 2855 testamentis
1882 2812 1940 2876 per
1956 2813 2030 2856 eum
2054 2792 2147 2858 factis
2173 2803 2205 2858 et
2229 2797 2385 2862 ordinatis

569 2909 601 2965 et
623 2899 797 2980 faciendis,
822 2905 855 2962 et
878 2898 1027 2984 apposuit
1050 2897 1083 2961 in
1107 2897 1184 2984 ipsis
1208 2898 1259 2961 111
1283 2899 1359 2984 ipsis
1384 2905 1505 2962 certam
1533 2898 1669 2960 formam
1701 2905 1733 2961 et
1764 2898 1911 2981 medum,
1936 2905 1968 2963 et
1999 2909 2087 2964 certa
2118 2903 2234 2985 rerba,
2259 2904 2385 2987 dicens,

569 3006 694 3070 nullum
718 3005 806 3070 aliud
829 3011 1056 3068 testamentum
1080 3003 1210 3085 factum,
1228 3004 1280 3068 rel
1303 3004 1497 3086 faciendum,
1514 3005 1631 3087 valeat,
1649 3005 1710 3068 nisi
1730 3013 1876 3068 servetur
1893 3007 1924 3068 in
1941 3027 1979 3068 eo
1997 3007 2070 3070 talis
2092 3007 2195 3072 forma
2212 3018 2244 3074 et
2260 3011 2383 3094 modus,

569 3122 601 3178 et
624 3115 704 3178 talia
727 3113 836 3194 verba,
853 3112 905 3176 hic
929 3133 1081 3196 expresse
1106 3117 1266 3192 contenta,
1291 3111 1330 3174 de
1355 3111 1470 3196 quibus
1494 3112 1598 3175 forma
1622 3119 1653 3174 et
1677 3112 1770 3175 modo
1795 3120 1828 3176 et
1851 3113 1957 3175 verbis
1981 3113 2013 3176 in
2038 3113 2106 3199 ipso
2131 3117 2182 3179 vel
2207 3117 2284 3202 ipsis
2308 3140 2383 3182 con-

567 3223 664 3286 tentis
687 3243 750 3284 non
774 3220 972 3301 recordatur,
989 3233 1021 3282 et
1045 3217 1116 3282 ideo
1140 3218 1313 3302 specialem
1337 3219 1531 3283 mentionem
1556 3240 1619 3282 non
1642 3219 1730 3300 facit,
1748 3220 1804 3284 sed
1828 3220 1904 3305 ipsis
1927 3241 1990 3284 non
2008 3221 2220 3306 obstantibus,
2238 3234 2271 3288 et
2286 3226 2385 3288 etiam

569 3351 633 3394 non
657 3329 804 3392 obstante
829 3326 913 3412 quod
937 3327 970 3390 in
993 3326 1053 3390 hoc
1078 3326 1219 3410 presenti
1242 3332 1434 3390 testamento
1459 3347 1522 3390 non
1550 3327 1613 3389 siut
1645 3327 1792 3411 apposita
1816 3328 1867 3390 111
1899 3327 2037 3409 inserta,
2062 3328 2163 3392 voluit
2194 3331 2253 3395 boc
2286 3341 2383 3396 testa-

568 3443 721 3518 mentum,
746 3442 782 3499 ut
805 3434 985 3520 predictum
1008 3438 1066 3514 est,
1091 3433 1239 3496 omnibus
1263 3433 1334 3496 aliis
1358 3435 1451 3498 factis
1476 3456 1532 3519 per
1555 3455 1629 3496 eum
1652 3433 1726 3497 hino
1751 3441 1835 3497 retro
1859 3434 1995 3520 preferri
2022 3445 2053 3498 et
2077 3437 2173 3500 etiam
2198 3441 2383 3525 prevalere3

567 3551 600 3608 et
623 3543 650 3606 si
673 3542 759 3629 quod
782 3547 1010 3605 testamentum
1034 3539 1156 3603 factum
1180 3541 1374 3625 reperiretur
1398 3541 1431 3604 in
1458 3541 1619 3604 fueturum
1644 3549 1717 3626 post
1739 3540 1824 3604 istud
1851 3548 2095 3624 testamentum,
2122 3545 2190 3608 vult
2212 3545 2293 3610 illud
2317 3568 2381 3610 non

567 3651 687 3732 valere,
711 3656 743 3713 et
766 3671 807 3712 ex
832 3669 915 3712 nunc
938 3655 1044 3712 cassat
1067 3655 1099 3712 et
1123 3648 1228 3710 irritat
1251 3647 1391 3730 omnino,
1416 3648 1477 3710 nisi
1501 3649 1684 3733 appositum
1708 3655 1740 3711 et
1764 3648 1919 3733 scriptum
1943 3648 2050 3732 fuerit,
2076 3657 2108 3713 et
2132 3652 2328 3736 reperiretur
2352 3655 2384 3718 in

567 3759 629 3822 fine
655 3758 755 3843 ipsius
779 3756 973 3820 testamenti.

656 3865 727 3950 Idgo
752 3863 905 3948 magister
928 3861 1066 3944 Tadeos,
1092 3861 1124 3925 in
1148 3862 1276 3926 nomine
1298 3861 1406 3926 Patris
1423 3870 1455 3926 et
1479 3861 1555 3925 Filii
1572 3870 1603 3925 et
1625 3861 1764 3947 Spiritus
1782 3863 1903 3944 Sancti,
1921 3863 2050 3928 condidi
2066 3865 2126 3928 hoc
2143 3873 2381 3952 testamentum,

566 3975 659 4057 cujus
683 3973 790 4036 anima
814 3971 995 4056 requiescat
1018 3970 1050 4032 in
1075 3991 1171 4056 paoe;
1195 3976 1227 4032 et
1249 3969 1333 4033 hanc
1358 3991 1450 4032 suam
1474 3969 1620 4032 ultimam
1644 3970 1844 4033 voluntatem
1869 3971 1970 4034 voluit
1994 3993 2064 4034 esse
2096 3981 2263 4057 secretam,
2281 3985 2313 4039 et
2335 3999 2384 4040 se·

567 4088 654 4146 creto
678 4079 791 4161 teneri,
808 4087 840 4143 et
862 4078 979 4163 deponi
1002 4078 1035 4140 in
1059 4077 1206 4140 sacristia
1230 4076 1380 4140 Fratrum
1403 4076 1565 4140 Minorum
1588 4084 1764 4140 conventus
1788 4076 1953 4158 Bononie;
1971 4087 2003 4142 et
2026 4080 2128 4143 voluit
2153 4082 2269 4147 debere
2294 4084 2383 4170 sigil-

567 4189 628 4252 lari
651 4187 758 4272 sigillo
783 4191 958 4250 conventus
981 4183 1132 4248 Fratrum
1157 4183 1318 4247 Minorum
1342 4184 1381 4247 de
1405 4183 1553 4248 Bononia
1577 4185 1628 4249 rel
1653 4184 1832 4248 Guardiani
1855 4185 1932 4250 dieti
1956 4195 2142 4252 conventus.

656 4293 740 4358 Acta
764 4299 838 4356 sunt
862 4293 969 4355 omnia
992 4291 1146 4377 predicta,
1164 4297 1196 4354 et
1219 4290 1303 4354 lecta
1326 4291 1471 4356 Bononie
1495 4293 1527 4356 in
1550 4293 1697 4356 sacristia
1720 4291 1872 4356 Fratrum
1895 4292 2057 4358 Minorum
2080 4306 2256 4360 cenventus
2275 4298 2382 4364 Bono-

566 4404 633 4484 nie,
656 4400 859 4487 presentibus
882 4399 1011 4462 domino
1033 4398 1134 4462 fratre
1157 4397 1331 4483 Pelegrino
1355 4398 1394 4461 de
1417 4399 1586 4482 Pollicino,
1607 4399 1706 4464 fratre
1730 4399 2381 4486 111111111111111111111,1111111111-

565 4505 1510 4588 111111111181111111111111111111,11111111111111111
1536 4507 1763 4589 Caranimiois,
1789 4507 1889 4571 fratre
1921 4508 2066 4572 Amedeo
2098 4510 2137 4574 de
2168 4511 2381 4594 ,1111111111

565 4617 689 4681 Jacobo
712 4615 751 4678 de
776 4615 905 4678 civitate
929 4614 1093 4677 Pannensi
1116 4613 1155 4676 de
1172 4614 1303 4698 Apulia,
1320 4613 1420 4676 fratre
1443 4613 1601 4678 Jacobino
1626 4613 1665 4677 dc
1690 4613 1844 4695 Galleria,
1866 4622 1897 4678 et
1921 4615 2021 4679 fratre
2038 4615 2188 4680 Johanne
2213 4619 2252 4682 de
2276 4619 2381 4685 Imola

566 4724 714 4788 omnibus
737 4723 776 4786 de
801 4721 922 4786 Ordine
946 4720 1125 4802 Minorem,
1150 4719 1284 4783 testibus
1317 4721 1438 4783 vocatis
1469 4729 1501 4785 et
1531 4721 1663 4804 rogatis.
1689 4720 1806 4784 Coram
1834 4721 1950 4806 quibus
1974 4723 2110 4786 testibus
2134 4725 2202 4810 ipse
2227 4727 2381 4811 magister

565 4831 694 4896 Tadeos
710 4837 845 4893 testator
869 4829 1031 4915 predictus
1047 4827 1166 4891 dietam
1190 4847 1281 4890 suam
1305 4827 1450 4890 ultimam
1475 4827 1674 4891 voluntatem
1701 4835 1733 4890 et
1756 4849 1888 4914 presens
1912 4836 2138 4894 testamentum
2164 4832 2196 4894 in
2221 4832 2307 4896 dicta
2330 4855 2381 4898 sa·

565 4939 674 5004 cristia
704 4937 856 5002 Fratrum
886 4935 1047 5001 Minorem
1075 4935 1232 5020 deposuit,
1257 4942 1289 4998 et
1320 4935 1522 5019 consignavit
1544 4934 1637 4998 fratri
1660 4935 1819 5000 Jacebino
1843 4936 1882 5000 de
1907 4936 2052 5001 Galleria
2076 4959 2160 5002 nunc
2187 4939 2328 5004 Sacrista
2341 4941 2380 5007 (1)

564 5045 709 5110 sacristis
734 5044 949 5130 predictorum
973 5041 1124 5105 Fratrum
1148 5040 1309 5104 Minorum
1333 5041 1372 5105 de
1397 5049 1556 5105 conventu
1580 5043 1735 5106 Bononia.
1752 5043 1930 5128 Propterea
1954 5045 2056 5108 voluit
2079 5052 2111 5108 11
2131 5046 2296 5110 mandavit
2313 5049 2380 5134 ipse

563 5160 710 5234 testator,
732 5152 816 5237 quod
840 5150 974 5236 quilibet
997 5151 1154 5213 dictorum
1178 5149 1318 5230 testium,
1342 5149 1398 5234 qui
1421 5149 1565 5213 interfuit
1589 5149 1740 5235 predictis
1764 5159 1796 5213 et
1820 5151 1874 5236 qui
1898 5152 2036 5236 scriptus
2060 5173 2157 5237 supra
2182 5162 2240 5236 111,
2260 5154 2380 5222 habere

564 5259 707 5344 [debeat]
730 5261 769 5323 de
793 5260 885 5323 bonis
908 5259 1041 5344 triginta
1065 5257 1184 5322 solides
1208 5257 1459 5340 bononenerum,
1477 5258 1503 5320 si
1527 5257 1646 5322 fuerint
1666 5259 1699 5321 in
1715 5258 1782 5321 1111
1798 5257 1967 5344 [tempore]
1984 5260 2095 5324 mortis
2112 5260 2190 5326 dicti
2206 5265 2379 5330 testatoris·

653 5367 704 5450 (L.
722 5368 743 5449 †
761 5367 808 5448 S.)
831 5366 874 5430 Et
898 5387 959 5450 ego
982 5366 1214 5429 Beneventum
1236 5364 1377 5446 Viviani,
1402 5365 1561 5451 imperiali
1585 5365 1776 5430 auctoritate
1800 5367 1962 5448 notarius,
1987 5367 2138 5452 predictis
2163 5368 2310 5433 omnibus
2334 5371 2380 5434 in·

562 5475 661 5540 terfui
684 5481 815 5558 rogatus
840 5495 859 5536 a
883 5473 968 5536 dicto
993 5479 1156 5554 testatore,
1181 5479 1213 5536 et
1236 5472 1311 5556 quia
1335 5473 1439 5557 ipsum
1464 5473 1610 5557 cognovi,
1632 5472 1776 5558 predicta
1799 5473 1922 5559 scripsi,
1948 5474 2122 5560 subscripsi
2147 5482 2225 5557 etc.;
2249 5457 2280 5539 11
2304 5478 2379 5561 quia

561 5605 621 5670 pro
645 5583 805 5648 oblivione
830 5587 862 5644 11
885 5601 993 5644 111111
1017 5580 1201 5644 dimiseram
1230 5603 1244 5636 ι
1269 5580 1345 5643 item
1369 5580 1502 5644 ecclesie
1526 5581 1629 5644 sancti
1652 5579 1742 5644 Petri
1766 5582 1970 5665 episcopatus
1993 5581 2162 5664 Bononie,
2187 5583 2255 5647 sive
2289 5584 2378 5648 labo-

562 5692 647 5755 11111
671 5691 770 5776 ipsius
794 5689 929 5753 ecclesie
953 5695 1081 5752 centum
1105 5687 1224 5752 solidos
1247 5687 1489 5751 bononenerum
1513 5687 1649 5772 reliquid
1674 5709 1731 5773 pro
1760 5689 1961 5753 restitutione
1994 5697 2025 5752 et
2050 5689 2269 5753 satisfactione
2293 5691 2378 5756 deci·

561 5819 698 5880 marum,
722 5798 761 5860 de
786 5797 948 5882 superfluo
972 5795 1100 5858 veniam
1123 5795 1298 5880 postularit
1322 5815 1341 5856 a
1366 5794 1504 5857 Domino
1530 5819 1543 5850 2
1573 5795 1720 5880 superius
1744 5796 1871 5880 signavi
1894 5796 1935 5877 †.
