5484 7746
1408 637 1646 688 nordmanna

1455 1007 1599 1071 XXVII.

1391 1223 1487 1305 1240,
1514 1224 1556 1285 17
1579 1224 1669 1286 ιἰιηίἰ.

1255 1435 1307 1498 Ex
1331 1435 1444 1500 eodem
1468 1445 1565 1520 tomo,
1591 1459 1676 1502 uum.
1701 1436 1807 1502 XCII.

708 1649 885 1729 Gregorius
909 1649 969 1714 IX.
996 1649 1090 1714 Olero
1115 1649 1255 1714 civitatis
1280 1657 1312 1714 et
1336 1650 1472 1714 diocesis
1497 1651 1712 1716 bononiensis.

707 1757 760 1821 Ex
782 1757 883 1821 literis
907 1758 1097 1822 dilectorum
1121 1757 1259 1821 tiliorum
1284 1757 1426 1844 Capituli
1448 1758 1656 1823 bononiensis
1680 1759 1872 1845 accepimus,
1891 1759 1976 1845 quod
1997 1759 2068 1844 ipsi,
2086 1758 2233 1823 Ecclesia
2249 1759 2439 1823 bononiensi

618 1873 766 1948 vacante,
783 1866 1009 1928 convenientes
1031 1865 1063 1928 iu
1086 1886 1196 1946 unum,
1215 1863 1353 1951 Spiritus
1376 1865 1485 1930 Sancti
1502 1866 1608 1950 gratia
1626 1867 1785 1948 invocata,
1802 1866 1955 1931 dilectum
1971 1867 2072 1929 tilium
2090 1866 2362 1930 Archidiacouum
2382 1867 2438 1930 bo·

620 1973 817 2054 noniensem,
843 1972 1082 2036 subdiaconum
1106 1980 1137 2036 et
1162 1972 1374 2058 Capellanum
1400 1981 1554 2054 nostrum,
1575 1973 1607 2036 in
1632 1995 1743 2036 corum
1766 1981 1927 2060 pastorem
1958 1974 2152 2036 unarrimiter
2175 1975 2356 2060 postulatis,
2379 1995 2438 2058 spe

619 2080 680 2144 sibi
703 2079 795 2143 firma
818 2080 993 2165 proposita,
1014 2087 1049 2143 ut
1073 2101 1144 2142 cum
1170 2079 1253 2142 idem
1278 2101 1396 2164 genere
1421 2080 1608 2162 nobilitatis,
1625 2081 1760 2144 scientia
1784 2081 1824 2144 rit
1847 2087 1879 2144 et
1903 2081 2046 2144 moribus
2069 2080 2240 2144 decoratus
2264 2103 2301 2144 ae
2325 2102 2366 2144 cx
2390 2083 2438 2144 in·

619 2187 769 2272 gentihus
793 2186 962 2272 probitatis
986 2208 1042 2250 sue
1067 2187 1188 2250 meritis
1214 2187 1299 2273 apud
1324 2209 1382 2250 uos
1406 2195 1438 2250 et
1465 2187 1581 2251 fratres
1613 2197 1739 2253 nostros
1771 2187 1916 2252 obtineat
1947 2187 2067 2252 favoris
2099 2189 2239 2274 gratiam
2271 2189 2437 2275 specialis,

618 2294 762 2359 Ecclesia
787 2315 896 2358 eorum
922 2293 1142 2380 multipliciter
1166 2293 1282 2358 debeat
1306 2293 1489 2358 fructuosus
1513 2296 1663 2378 existere,
1680 2296 1848 2381 presertim
1874 2317 1947 2360 cum
1966 2295 2021 2358 six
2038 2294 2078 2360 de
2096 2296 2159 2358 alio
2175 2303 2243 2360 tam
2259 2303 2440 2381 opportuna

618 2403 759 2488 provisio
781 2402 923 2487 potuerit
946 2401 1126 2486 provenire.
1152 2401 1259 2475 (lirare
1285 2403 1376 2466 nobis
1400 2401 1565 2466 humiliter
1588 2403 1811 2488 supplicarunt
1833 2409 1878 2485 ut,
1899 2424 1963 2466 non
1989 2403 2136 2467 obstante
2161 2401 2247 2488 quod
2271 2403 2374 2466 adhuc
2398 2402 2440 2464 ad

618 2531 739 2572 annum
769 2510 971 2593 trigesimum
1002 2530 1066 2574 nou
1098 2509 1262 2595 pervenit,
1288 2530 1360 2572 enm
1385 2510 1462 2595 ipsis
1488 2511 1519 2573 iu
1543 2519 1706 2594 pastorem
1737 2510 1913 2574 concedere
1946 2510 2079 2596 speciali
2109 2511 2216 2594 gratia
2243 2531 2438 2574 curaremus.

618 2616 740 2680 Verum
765 2638 837 2680 cum
861 2615 974 2680 deceat
998 2622 1032 2678 ut
1056 2617 1100 2679 sic
1125 2617 1157 2679 in
1182 2616 1242 2680 hac
1267 2624 1357 2702 parte
1382 2638 1494 2680 eornm
1517 2616 1683 2680 desideriis
1708 2639 1900 2698 annuamus,
1921 2616 2006 2702 quod
2031 2617 2162 2680 istitutis
2186 2617 2360 2681 deferendo
2384 2638 2439 2680 ea·

576 2724 581 2734 '
618 2723 741 2788 nonicis
765 2745 936 2809 personam
961 2724 1060 2810 ipsius
1084 2723 1314 2787 Archidiaconi
1338 2723 1498 2808 condigno
1523 2745 1757 2810 prosequamur
1786 2725 1925 2807 honore,
1951 2745 1989 2788 ac
2013 2725 2157 2807 ejusdem
2182 2725 2353 2788 utilitatem
2377 2724 2442 2788 Ec·

618 2831 715 2895 clesie
738 2852 963 2916 procuremus,
990 2852 1063 2894 eum
1088 2832 1118 2894 iu
1144 2837 1385 2917 procuratorem
1412 2831 1472 2894 sibi
1496 2831 1647 2894 duximus
1671 2831 1929 2914 concedendum,
1955 2831 2059 2894 cidem
2083 2832 2212 2917 plenam
2237 2831 2443 2895 administra·

618 2939 737 3003 tionem
761 2938 793 3001 ia
818 2938 1039 3024 spiritualibus
1063 2946 1095 3002 et
1118 2939 1350 3024 temporalibus
1375 2939 1619 3002 committentes.
1644 2939 1810 3024 Rogamus
1835 2939 1943 3024 itaque
1974 2940 2217 3003 universitatem
2243 2949 2381 3002 vestram
2406 2947 2441 3003 et

617 3046 784 3110 hortamur
808 3053 940 3126 attente,
957 3069 1015 3132 per
1038 3046 1215 3131 apostolica
1239 3046 1330 3109 robis
1355 3046 1474 3131 scripta
1499 3046 1688 3108 mandantes
1713 3055 1871 3131 quatenus
1893 3067 1950 3110 nos
1971 3047 2003 3110 in
2020 3068 2079 3110 sua
2095 3047 2260 3110 studentes
2277 3047 2439 3110 honorare

617 3175 756 3240 persona
780 3154 811 3216 in
836 3155 983 3217 omnibus
1006 3154 1241 3240 pertinentibus
1273 3154 1313 3218 ad
1345 3154 1655 3217 administrationem
1687 3153 1871 3218 huiusmodi
1898 3155 1967 3218 eins
1999 3154 2183 3218 salubribus
2212 3154 2372 3217 nrandatis
2406 3163 2441 3218 et

618 3261 747 3325 monitis
770 3261 885 3325 devote
910 3283 947 3324 ac
971 3261 1135 3325 humiliter
1159 3262 1348 3344 intendatis,
1374 3262 1517 3347 alioquin
1549 3261 1760 3344 sententiam,
1786 3283 1883 3346 quam
1906 3261 1990 3326 idem
2015 3263 2076 3326 rite
2099 3262 2211 3325 tulerit
2234 3262 2266 3324 in
2291 3262 2441 3340 rebelles,

618 3376 722 3431 ratam
747 3369 937 3431 babebimus
960 3375 991 3432 et
1015 3367 1180 3450 faciemus,
1205 3375 1335 3432 auctore
1360 3369 1510 3450 Domino,
1537 3368 1766 3432 inviolabiliter
1790 3369 1967 3432 observari.

705 3476 827 3539 Datum
850 3476 1006 3540 Laterani
1029 3476 1266 3561 quintodecimo
1291 3477 1448 3540 kalendas
1470 3477 1554 3560 julii,
1578 3476 1782 3561 pontificatus
1807 3476 1908 3540 nostri
1932 3497 2016 3540 auno
2041 3476 2290 3562 quartodecimo.

1444 3797 1607 3861 XXVIII.

1402 4015 1498 4097 1241,
1526 4015 1652 4078 lmoii.

978 4227 1030 4290 Ex
1054 4227 1141 4291 arch.
1167 4227 1303 4313 Metrop.
1329 4227 1446 4290 bonon.
1472 4227 1503 4290 in
1534 4253 1548 4284 «
1578 4225 1669 4290 Libro
1692 4229 1809 4290 Acium
1835 4253 1865 4310 a,
1890 4247 1955 4290 oar.
1984 4229 2022 4290 15
2046 4248 2073 4290 r.

705 4442 904 4507 Octavianus
928 4441 1134 4506 bononiensis
1158 4440 1303 4505 Ecclesia
1327 4441 1585 4504 Archidiaconus
1608 4449 1807 4526 procurator,
1828 4441 1986 4505 universis
2010 4441 2150 4505 Prolatis
2173 4448 2205 4504 et
2229 4440 2301 4504 aliis
2323 4440 2442 4504 Eccle-

616 4552 737 4614 siamm
760 4549 938 4613 rectoribus
963 4570 1020 4634 per
1043 4548 1206 4612 ciritatem
1230 4556 1263 4612 et
1285 4548 1438 4612 diocesim
1462 4548 1692 4612 bononiensem
1716 4549 1915 4632 constitutis,
1940 4550 2077 4612 salutem
2102 4549 2134 4611 in
2159 4548 2308 4612 Domino.

705 4656 876 4738 Quoniam,
901 4663 936 4719 ut
960 4658 1006 4718 ait
1029 4656 1204 4740 apostolus,
1230 4676 1340 4718 omnes
1364 4655 1519 4718 stabimus
1544 4662 1619 4719 ante
1644 4656 1786 4719 tribuual
1810 4656 1949 4738 Christi,
1975 4656 2135 4740 recepturi
2160 4655 2278 4741 quein
2303 4676 2442 4740 corpore

614 4764 783 4849 gessimus,
807 4763 876 4826 sive
902 4763 1021 4827 bonum
1044 4762 1151 4844 fuerit,
1175 4763 1243 4826 sive
1267 4763 1398 4843 malum,
1421 4769 1547 4847 oportet
1570 4783 1629 4826 nos
1652 4765 1789 4847 extremj
1812 4763 1927 4847 judicij
1951 4763 2036 4826 diem
2060 4763 2122 4848 pijs
2147 4762 2298 4847 operibus
2322 4783 2442 4846 prere-

615 4871 695 4952 nire,
713 4892 751 4934 ae
775 4877 959 4934 eternorum
983 4870 1102 4933 intuitu
1125 4870 1283 4934 seminare
1308 4870 1340 4932 in
1364 4870 1467 4950 terris,
1485 4891 1557 4954 que,
1575 4869 1729 4933 reddente
1749 4868 1900 4952 Domino,
1917 4870 2131 4956 multiplicato
2148 4869 2266 4949 fructu,
2284 4868 2442 4952 colligere

614 4978 789 5042 debeamus
815 4978 845 5040 in
867 4977 954 5058 celis,
973 4997 1170 5062 quamquam
1193 4977 1247 5061 qui
1270 4998 1366 5062 parce
1391 4977 1528 5040 seminat
1547 4998 1645 5063 parce
1662 4985 1694 5040 et
1711 4983 1819 5059 metet,
1837 4986 1869 5040 et
1885 4977 1939 5062 qui
1956 4978 2093 5040 seminat
2110 4977 2142 5039 in
2159 4975 2442 5040 benedictionibus

614 5086 654 5149 de
678 5083 956 5149 benedictionibus
980 5093 1012 5147 et
1035 5091 1133 5148 metet
1157 5085 1256 5147 vitam
1281 5092 1435 5148 eternam.
1460 5084 1567 5158 Quum
1591 5085 1691 5169 igitur
1715 5085 1745 5148 in
1772 5084 1882 5148 Monte
1907 5084 2025 5164 Ovalo,
2051 5083 2258 5148 bononiensis
2281 5083 2441 5162 diocesia,

615 5192 761 5273 ecelesia,
780 5198 964 5255 constructa
984 5191 1026 5254 ad
1050 5191 1204 5254 honorem
1228 5190 1290 5254 Dei
1311 5198 1343 5253 et
1358 5190 1504 5275 Virginis
1521 5191 1671 5274 gloriose,
1689 5212 1762 5254 eum
1778 5191 1925 5254 domibus
1943 5191 2166 5274 adjacentibus
2183 5211 2224 5253 ex
2241 5189 2442 5252 immissione

615 5299 775 5362 diabolica
801 5298 947 5361 incendio
971 5298 1013 5361 sit
1037 5305 1197 5380 cremata,
1223 5319 1281 5361 uec
1305 5297 1346 5360 ad
1371 5298 1513 5382 ipsorum
1537 5298 1745 5362 refectionem
1772 5299 1901 5383 proprie
1933 5305 2105 5383 suppetant
2131 5296 2320 5376 facultates,
2345 5296 2443 5360 robis

615 5406 824 5470 ecclesiarum
848 5407 981 5491 prelatis
1005 5413 1035 5469 et
1060 5405 1184 5469 clericis
1208 5405 1399 5468 mandamus
1424 5411 1519 5490 atque
1544 5405 1757 5491 precipimus,
1782 5412 1817 5469 ut
1841 5427 1913 5469 cum
1937 5405 2040 5488 nuntij
2071 5404 2214 5490 predicte
2237 5404 2371 5468 ecclesie
2395 5405 2442 5466 ad

614 5535 672 5578 vos
696 5514 843 5577 venerint
867 5513 1069 5598 elemosynas
1094 5513 1235 5598 petituri,
1260 5533 1314 5576 eos
1340 5511 1478 5597 benigne
1503 5513 1678 5599 recipietis,
1707 5513 1840 5576 honeste
1865 5513 2019 5594 tractetis,
2048 5512 2182 5597 populos
2206 5511 2298 5575 robis
2322 5532 2341 5574 a
2364 5509 2441 5575 Deo

616 5621 802 5685 commissos
833 5641 962 5683 mouere
994 5641 1031 5684 ac
1061 5619 1211 5683 inducere
1235 5620 1430 5705 procuretis,
1456 5620 1543 5682 etin
1568 5621 1788 5684 remissionem
1811 5626 2017 5705 peccatorum
2041 5640 2171 5683 suorum
2195 5618 2234 5682 de
2259 5617 2350 5682 bonis
2374 5617 2441 5680 sibi

615 5749 634 5791 a
657 5727 728 5791 Deo
753 5727 912 5791 concessis
936 5727 982 5790 eis
1007 5726 1173 5790 conferant
1198 5735 1291 5811 grata
1314 5726 1457 5790 subsidia
1482 5728 1636 5809 caritatis,
1661 5735 1696 5790 ut
1719 5749 1776 5790 vos
1800 5735 1832 5789 et
1856 5726 1916 5812 ipsi
1940 5748 1998 5812 per
2021 5726 2081 5790 hec
2104 5733 2136 5789 et
2160 5727 2225 5790 alia
2248 5726 2347 5806 bona,
2373 5747 2442 5809 que

614 5834 765 5917 feceritis,
782 5833 922 5898 Domino
948 5834 1135 5918 inspirante,
1153 5834 1251 5897 vitam
1275 5834 1395 5896 habere
1419 5855 1601 5897 mereamur
1628 5835 1866 5919 sempiternam.
1884 5833 1951 5898 Nos
1974 5855 2052 5896 rcro
2076 5833 2116 5896 de
2140 5833 2310 5897 elementia
2334 5833 2442 5896 omni·

614 5942 754 6028 potentis
779 5941 843 6004 Dci
866 5947 898 6004 ct
921 5940 1066 6025 Virginis
1089 5941 1228 6026 gloriose
1258 5962 1294 6004 ac
1315 5942 1483 6005 beatorum
1500 5941 1590 6004 Petri
1607 5950 1639 6005 et
1655 5941 1751 6005 Pauli
1767 5941 1984 6026 apostolorum
2002 5941 2073 6024 ejus
2089 5941 2211 6004 meritis
2228 5939 2441 6022 confidentcS,

615 6049 763 6114 omnibus
779 6049 923 6135 predicto
948 6049 1018 6113 loco
1041 6048 1318 6113 benefacientibus
1343 6050 1387 6113 xl.
1411 6050 1478 6113 dies
1503 6049 1718 6113 criminalium
1741 6056 1773 6112 et
1797 6054 1945 6134 quartam
1966 6056 2090 6132 purtem
2115 6047 2289 6110 venialium
2314 6047 2347 6109 in
2370 6047 2443 6110 Do-

613 6158 700 6222 mino
724 6156 920 6221 relaxamus.

703 6263 790 6328 Data
814 6265 960 6329 Bononie
985 6286 1070 6328 auno
1095 6260 1153 6329 M.⁰
1170 6259 1229 6329 cc.⁰
1245 6265 1322 6348 xlj.,
1348 6264 1520 6329 indictione
1546 6264 1797 6350 quartadecima,
1820 6262 1968 6327 kalendis
1993 6261 2115 6346 inadij(
2134 6262 2154 6325 l.

696 6492 1387 6562 mhmfflwsfflLmmemm
