5490 7750
790 657 1022 710 senorium
1050 661 1102 710 nn
1130 661 1385 712 eaosussonus
1413 662 1519 712 rums
1547 662 1681 712 arruns
2067 644 2137 714 131

323 811 439 874 dornini
462 813 559 876 nostri
574 834 667 897 pape,
685 813 823 897 predicto
845 813 974 878 arbitrio
997 815 1175 900 inflipenda,
1199 816 1280 902 quod
1302 818 1361 900 ipsi
1377 818 1531 901 predictos
1553 818 1684 882 sindicos
1706 819 1817 884 directe
1845 820 1889 883 rel
1911 819 2055 882 indirecte
2082 839 2142 883 non

325 917 513 1000 revocabunt,
537 942 590 984 nec
611 921 716 984 datam
740 923 781 985 eis
797 942 858 1005 per
876 942 1003 1006 presens
1024 923 1263 987 instrumentum
1287 923 1465 988 Potestotem
1487 926 1664 1010 aliqualiter
1689 925 1866 1007 incitabant,
1890 927 2073 1010 restrinpent
2100 927 2144 990 rel

323 1025 508 1110 limitabunt,
524 1027 616 1091 dortec
631 1030 785 1113 nepotium
801 1035 827 1093 et
836 1036 968 1112 potestur
983 1029 1025 1092 eis
1034 1050 1095 1112 per
1109 1028 1163 1094 boc
1177 1033 1415 1095 instrumentum
1429 1032 1598 1096 sindicotns
1612 1034 1779 1114 commissa,
1786 1033 1917 1117 plenum
1934 1040 1961 1096 et
1970 1033 2143 1116 perfectum

322 1135 383 1197 sint
406 1132 544 1216 effectam
566 1137 683 1218 sortita,
708 1135 847 1221 quodque
877 1135 955 1199 nibil
977 1136 1124 1201 dicerunt
1147 1138 1192 1200 cel
1210 1137 1366 1221 fecerunt,
1389 1138 1503 1222 dicem,
1528 1141 1573 1204 oel
1592 1139 1726 1222 facient,
1750 1141 1913 1225 quominus
1929 1161 2056 1224 presens
2078 1142 2142 1203 sin·

323 1242 442 1306 dicatus
464 1249 490 1305 et
512 1243 616 1306 onurin
641 1249 667 1306 et
689 1245 812 1328 sinpula
835 1245 869 1306 in
891 1264 923 1308 eo
945 1250 1094 1327 contenta,
1105 1246 1232 1328 plenam
1255 1252 1282 1309 et
1304 1245 1505 1310 indelebilem
1526 1245 1655 1310 babeant
1671 1246 1791 1310 roburis
1803 1247 1991 1329 firmitatem.
2013 1246 2142 1311 liennn·

322 1351 434 1412 eianles
456 1351 584 1433 inserper
605 1352 640 1412 iu
661 1350 722 1432 lips
744 1350 884 1414 omnibns
907 1358 933 1414 et
955 1352 1086 1436 sinpnlis
1108 1354 1326 1437 suprascriptis
1341 1354 1503 1438 pricilepio
1523 1354 1590 1436 fori
1604 1361 1631 1417 et
1645 1355 1737 1418 alteri
1751 1355 1940 1438 cuicumque,
1957 1361 1984 1418 et
2004 1353 2143 1418 oscinibus

323 1463 350 1520 et
372 1456 502 1541 sinpulis
523 1459 643 1521 statutis
665 1479 701 1522 oc
723 1457 837 1542 lapibus
866 1457 1104 1542 municipalibus
1126 1459 1203 1523 dicto
1225 1461 1353 1523 civitatis
1375 1459 1580 1543 bononiensis,
1603 1467 1666 1524 tarn
1686 1461 1779 1544 factis
1805 1481 1899 1546 quam
1918 1461 2070 1543 faciendis
2091 1482 2141 1545 pe-

321 1563 478 1628 nerolibns
500 1565 546 1627 ael
567 1563 762 1649 specialibus,
786 1586 822 1628 eac
844 1563 953 1651 quibus
969 1565 1111 1649 predicta
1133 1567 1179 1630 cel
1201 1587 1306 1630 eornm
1328 1567 1435 1652 aliqua
1469 1568 1641 1650 annullari,
1665 1568 1809 1651 infrinpi,
1833 1568 1969 1632 diminui
1992 1569 2036 1631 ael
2058 1566 2139 1632 debi-

321 1670 407 1733 litori
430 1671 573 1752 calerent,
596 1692 649 1735 sen
673 1671 888 1756 quomodolibet
911 1674 1031 1756 tritiari,
1056 1694 1193 1736 necnon
1218 1681 1244 1737 et
1265 1674 1338 1756 doli,
1362 1681 1389 1738 et
1413 1673 1584 1756 infactum
1609 1682 1636 1739 et
1660 1674 1897 1760 quibuscamque
1923 1673 2143 1758 exceptionibus

320 1778 391 1862 alijs
407 1777 632 1860 defensionibus
639 1780 727 1861 juris
742 1780 787 1844 rel
799 1779 886 1862 facti,
904 1800 960 1865 que
969 1801 1030 1864 pro
1047 1782 1193 1864 eepressis
1209 1788 1235 1845 et
1251 1781 1420 1864 specialiter
1441 1781 1489 1845 bic
1512 1783 1676 1845 nominatis
1699 1783 1859 1846 uoluerunt
1875 1789 1902 1846 et
1917 1781 2142 1846 saturietatem·

315 1885 462 1970 perinde,
487 1893 514 1950 et
535 1885 711 1970 lsnjasmodi
733 1889 991 1952 renunciationem
1015 1889 1115 1952 colere
1138 1896 1165 1951 et
1188 1888 1327 1970 effectam
1349 1887 1458 1952 babere
1474 1911 1535 1973 per
1556 1891 1675 1972 ornnio,
1695 1911 1730 1953 ac
1753 1891 1780 1953 si
1802 1888 1941 1953 munibus
1964 1896 1991 1953 et
2013 1889 2142 1974 sinpulis

321 1991 439 2056 casibus
465 1995 634 2078 specialiter
656 2002 683 2058 et
706 2016 842 2078 expresse
865 1999 1082 2060 renunciatum
1101 1996 1222 2079 fuisset,
1238 2018 1291 2060 nec
1312 2017 1375 2060 non
1400 2005 1426 2060 et
1441 1998 1525 2060 ornni
1539 1998 1630 2061 alteri
1644 2000 1823 2082 cuicumque
1830 1997 1919 2080 juris
1933 1998 2062 2079 ancilia,
2077 2003 2141 2060 tam

319 2103 463 2164 canonico
491 2123 584 2186 qnam
606 2103 704 2185 ciuili,
729 2124 765 2166 eu
796 2101 904 2187 quibus
934 2111 1043 2166 contra
1071 2104 1208 2187 predicta
1237 2103 1352 2166 obriori
1384 2105 1428 2167 rel
1462 2106 1558 2170 ueniri
1589 2104 1805 2189 quomodolibet
1834 2105 1997 2168 uideretur.
2024 2103 2142 2183 Quibus

319 2206 458 2271 ornuibus
481 2216 508 2272 et
530 2209 660 2293 sinpnlis
682 2211 724 2272 sic
740 2212 875 2292 peractis
896 2211 939 2273 ad
961 2211 1111 2273 cautelam
1129 2209 1249 2294 prefati
1271 2209 1416 2292 Potestas,
1440 2209 1617 2296 Viceperens
1643 2210 1801 2296 Capitonei
1822 2219 1848 2274 ct
1864 2212 2001 2290 Antiani
2016 2219 2043 2276 et
2062 2209 2139 2274 Uon-

319 2314 410 2396 sules,
426 2316 494 2397 rite,
518 2322 594 2379 recte
617 2322 644 2380 et
667 2316 818 2400 lepittime,
831 2318 922 2400 pestis
943 2317 1027 2379 omni
1048 2315 1136 2379 modo
1159 2323 1185 2379 et
1205 2315 1310 2398 foruna
1334 2316 1443 2400 quibus
1464 2318 1573 2380 melius
1590 2324 1720 2402 possunt
1742 2317 1779 2381 de
1794 2318 1871 2400 jnre
1889 2320 1999 2401 scripto
2015 2318 2060 2382 ael
2077 2337 2140 2380 non

319 2424 429 2506 scripto
460 2430 487 2487 et
516 2425 669 2486 conrrmmi
699 2424 745 2488 rel
768 2424 965 2508 terrenicipoli,
989 2426 1072 2486 mnni
1095 2425 1183 2488 etiam
1207 2425 1393 2488 solemnitate
1414 2423 1585 2507 obserenta,
1610 2447 1667 2509 que
1690 2427 1722 2488 in
1746 2425 1858 2488 talibns
1884 2424 1967 2489 debet
1997 2426 2042 2489 rel
2068 2426 2140 2488 solet

320 2529 487 2593 secundam
510 2531 757 2594 consuetudinem
780 2533 908 2594 ciuitatis
930 2529 1120 2594 bononiensis
1143 2533 1175 2594 in
1198 2531 1310 2595 talibus
1332 2530 1495 2614 obseruari,
1520 2539 1553 2595 ut
1576 2531 1723 2614 dicebant,
1746 2534 1956 2595 alletoritatem
1979 2553 2068 2595 suom
2092 2534 2138 2594 in·

319 2643 533 2721 inposuerunt
547 2638 753 2721 jndiciariam
777 2645 803 2702 et
826 2639 989 2721 decretum,
1013 2638 1195 2702 mandantes
1217 2638 1254 2702 de
1271 2638 1424 2722 predictis
1436 2659 1496 2722 per
1519 2639 1741 2702 menolariam
1773 2639 2008 2722 infrascriptum
2034 2637 2139 2722 publi·

316 2763 386 2806 cum
410 2752 437 2807 et
458 2745 589 2809 solemne
609 2744 680 2828 fieri
702 2747 960 2828 instrumentum,
984 2751 1011 2809 et
1034 2745 1129 2809 eidem
1152 2747 1266 2830 appioni
1296 2746 1432 2829 sipillnm
1458 2744 1635 2809 Comrmeuis
1664 2744 1871 2827 bononiensis,
1896 2747 1926 2808 in
1952 2745 2063 2809 talibas
2084 2766 2137 2809 seu

315 2850 466 2914 similibus
487 2851 606 2916 casibus
628 2859 812 2917 consuetam.
2103 2870 2105 2874 '

403 2958 516 3022 Actum
541 2958 679 3024 Bononie
701 2962 735 3022 in
756 2961 871 3042 palatio
894 2981 968 3023 noc-o
991 2940 1075 3023 dieti
1089 2957 1276 3042 Corremunis,
1293 2961 1326 3022 in
1343 2981 1401 3044 qno
1413 2959 1484 3040 fieri
1498 2961 1569 3024 solet
1584 2982 1619 3023 ac
1635 2961 1814 3044 coreprepcri
1832 2958 2002 3023 Consilium
2016 2959 2136 3043 populi,

313 3065 503 3148 presentibus
526 3067 659 3131 dominis
681 3066 836 3130 anthonio
851 3067 888 3131 de
904 3067 1022 3150 anba,
1039 3069 1152 3130 nicorio
1167 3067 1240 3130 dicti
1255 3067 1372 3130 domini
1388 3066 1557 3150 Potestctis,
1575 3067 1666 3132 Petro
1689 3068 1726 3132 de
1748 3066 1926 3151 Adiplrcrijs
1949 3067 1985 3130 de
2010 3065 2138 3148 Parma,

316 3169 428 3236 Jacoba
448 3172 485 3238 de
504 3173 629 3238 Larena
652 3175 689 3238 de
714 3173 841 3256 Parma,
858 3174 1002 3238 Martello
1024 3175 1141 3238 domini
1164 3174 1311 3238 Morisclzi
1332 3174 1370 3238 de
1385 3174 1633 3259 Monlepnleano,
1649 3159 1788 3238 orrereibns
1804 3172 1967 3237 dudicibns
1990 3175 2063 3238 dieti
2085 3173 2137 3238 do-

315 3281 394 3343 mini
410 3279 577 3364 Potestctis,
594 3281 741 3346 Nicbolao
764 3283 801 3346 de
825 3280 913 3346 Senis
923 3283 1118 3366 jurisperito,
1134 3285 1280 3367 ertapistro
1296 3281 1485 3346 Benintendi
1501 3281 1594 3366 Nerij
1607 3283 1644 3346 de
1660 3281 1833 3364 Florentia,
1849 3302 1899 3346 ser
1914 3281 1999 3344 Zona
2016 3280 2139 3345 Susselli

315 3386 353 3451 de
376 3386 502 3472 Lustra,
526 3392 662 3473 notario,
687 3397 713 3454 et
744 3388 869 3474 Upolino
893 3389 1030 3472 Bellieti,
1055 3389 1212 3453 Damiano
1239 3389 1446 3454 Bortbolomei
1468 3397 1495 3454 et
1524 3388 1685 3454 Dominieo
1707 3389 1896 3471 Bernennti,
1926 3386 2138 3452 bannitoribus

319 3492 496 3559 Communis
522 3495 729 3580 bononiensis,
753 3499 807 3582 qni
837 3497 983 3561 dicerunt
1008 3498 1162 3582 predictos
1192 3500 1365 3562 constitutos
1388 3505 1415 3562 et
1437 3500 1647 3563 constituentes
1673 3518 1862 3583 copnoscere,
1885 3495 2007 3560 testibus
2032 3498 2137 3559 coeatis

315 3601 358 3665 od
378 3601 440 3666 bec.

404 3709 462 3792 [L.
476 3709 498 3792 †
514 3709 567 3792 S]
589 3710 656 3796 Epo
679 3710 838 3776 Jolrannes
860 3711 1002 3796 Bnnncij
1026 3712 1228 3798 Garfapnini,
1245 3714 1400 3797 imperiali
1421 3714 1600 3776 auctoritate
1615 3713 1765 3795 notarius,
1776 3712 1923 3796 predictis
1946 3709 2085 3774 asserribus
2109 3718 2136 3773 el

315 3819 454 3902 sinpnlis,
477 3839 547 3881 crem
570 3826 745 3904 operentur,
764 3820 988 3884 ordinarentur
1012 3829 1038 3884 et
1058 3821 1178 3903 fierent,
1193 3841 1286 3902 anno,
1302 3841 1413 3902 mense,
1428 3821 1488 3902 die,
1504 3821 1666 3884 indictione
1682 3829 1708 3884 et
1724 3821 1785 3884 loco
1804 3819 1999 3903 supradictis,
2009 3839 2137 3902 presens

315 3946 381 3988 uno
402 3945 470 3988 cum
495 3925 582 3988 dictis
604 3926 726 3990 testibus
748 3927 931 4010 interficiet
954 3949 989 3991 ea
1013 3928 1050 3992 dc
1073 3948 1210 4012 cupresso
1233 3947 1379 3991 consensu
1403 3934 1430 3991 et
1453 3928 1605 3991 voluntate
1623 3929 1760 3991 ornreinm
1770 3926 1982 4011 predictorum
2002 3932 2136 4010 ropatus,

314 4031 431 4116 pnbliee
454 4040 481 4097 et
503 4054 599 4097 mann
617 4036 750 4118 propria
772 4036 881 4118 scripsi
905 4058 934 4098 »,

404 4139 495 4203 Nulli
517 4161 595 4226 ergo
620 4141 749 4205 omnino
773 4140 939 4205 hominum
962 4142 1059 4206 liceat
1081 4141 1165 4206 hana
1189 4143 1342 4228 pagiuam
1366 4148 1549 4206 nostrarum
1573 4142 1843 4220 declarationum,
1869 4140 2136 4222 moderationum,

316 4246 591 4329 reformationum,
616 4248 874 4333 suppletianum,
898 4249 1131 4331 intentionum,
1156 4248 1402 4334 suspensionum
1426 4255 1459 4312 et
1481 4249 1682 4313 volontatem
1706 4249 1901 4334 intringere,
1925 4248 1979 4310 vel
2001 4246 2031 4310 ei
2055 4267 2136 4309 ausu

317 4354 487 4418 temerario
513 4355 689 4436 contraire;
706 4355 733 4418 si
750 4355 821 4441 quis
838 4363 946 4419 autern
970 4357 1031 4420 hoc
1054 4363 1214 4420 attentare
1237 4356 1479 4442 presumpserit,
1497 4355 1752 4440 indignationem
1768 4354 1995 4440 omnipotentis
2011 4352 2075 4418 Dei
2098 4373 2136 4417 aa

316 4460 484 4526 beatorum
508 4462 597 4526 Petri
621 4470 654 4527 et
676 4463 772 4526 Pauli
795 4464 1015 4548 apostolorum
1039 4464 1108 4527 eius
1131 4485 1165 4528 se
1189 4465 1316 4528 noverit
1339 4463 1552 4527 incursurum.

404 4568 526 4633 Datum
549 4569 721 4652 Avenioni,
746 4570 870 4634 decimo
895 4577 1010 4635 octavo
1033 4570 1190 4635 kalendas
1215 4560 1297 4655 iulij,
1320 4571 1525 4656 pontificatus
1549 4571 1651 4635 nostri
1675 4593 1759 4636 anno
1784 4578 1887 4635 sexto.

1155 4890 1295 4955 LXVII.

1088 5107 1185 5190 1340,
1211 5106 1254 5174 15,
1275 5109 1365 5172 iunii.

594 5319 647 5383 Ex
670 5319 783 5384 eodem
806 5325 893 5384 tomo
919 5319 1038 5384 Codicis
1060 5320 1246 5405 diplomatici
1268 5320 1468 5404 bononiensis,
1491 5342 1579 5384 num.
1603 5319 1668 5402 II.,
1693 5341 1719 5384 o.
1745 5321 1807 5399 297
1835 5342 1859 5382 r.

405 5535 600 5600 Benedictus
624 5535 812 5621 episcopus,
837 5556 950 5598 servus
974 5555 1140 5598 servorum
1163 5535 1241 5618 Dei,
1266 5534 1445 5598 venerabili
1468 5535 1561 5599 fratri
1584 5534 1785 5600 Beltramino
1811 5536 1962 5622 episcopo
1987 5555 2135 5617 cumano,

317 5643 492 5729 apostolice
518 5642 611 5707 Sedis
635 5643 763 5725 nuncio,
787 5643 924 5706 salutem
948 5648 980 5706 et
1003 5642 1213 5728 apostolicam
1237 5641 1504 5706 benedictionem.
1748 5653 1749 5656 ’

405 5750 537 5815 Dudum
561 5750 786 5815 accedentibus
811 5750 851 5813 ad
880 5749 1090 5836 apostolicam
1122 5750 1239 5814 Sedem
1270 5750 1434 5836 magistris
1464 5749 1568 5814 Paulo
1599 5749 1638 5814 de
1669 5750 1829 5834 Liazarijs
1860 5749 2079 5832 decretorum,
2104 5755 2136 5813 et

316 5859 542 5946 Machagnana
566 5859 605 5922 de
629 5857 826 5943 Aczognidis
857 5879 894 5920 ac
922 5858 1020 5922 Petro
1044 5857 1084 5920 de
1107 5856 1308 5944 Bompetris,
1333 5858 1442 5943 legum
1466 5856 1665 5940 doctoribus,
1690 5857 1984 5939 ambasiatoribus,
2010 5878 2047 5920 ac
2069 5856 2135 5921 Ro-

316 5967 413 6031 lando
438 5966 600 6052 quondam
623 5965 782 6030 iohannis
806 5965 845 6029 de
869 5964 1055 6050 Fantucijs,
1079 5965 1202 6030 sindico
1233 5972 1266 6029 et
1297 5972 1505 6050 procuratore
1529 5986 1566 6028 ac
1590 5965 1707 6028 nuncio
1731 5965 1864 6050 speciali
1887 5963 2134 6045 Universitatis,

317 6075 502 6140 Communis
526 6082 559 6137 et
580 6073 691 6159 populi
714 6073 970 6156 bononiensium,
992 6073 1115 6137 civibus
1139 6073 1400 6154 bononiensibus,
1418 6094 1456 6136 ac
1480 6094 1588 6136 coram
1612 6073 1704 6136 nobis
1728 6080 1760 6138 et
1782 6071 1952 6136 Fratribus
1968 6071 2085 6135 uostris
2102 6072 2134 6134 in

318 6182 514 6247 Consistorio
538 6181 667 6267 publico
692 6181 969 6267 comparentibus,
994 6203 1032 6245 aa
1055 6202 1113 6268 per
1136 6181 1257 6246 dictum
1285 6181 1462 6264 sindicum,
1487 6181 1659 6245 sindioario
1691 6186 1723 6244 et
1753 6179 1974 6266 procuratorio
2007 6178 2135 6242 nomine

316 6289 579 6355 constituentium
602 6288 818 6374 predictorum
842 6289 1005 6352 nonnullis
1029 6311 1138 6353 coram
1161 6289 1253 6354 nobis
1277 6296 1309 6353 et
1332 6289 1425 6353 dictis
1448 6289 1602 6353 iratribus
1626 6288 1659 6351 in
1682 6287 1796 6352 eodem
1824 6286 2014 6352 consistorio
2046 6307 2134 6349 reco-

317 6397 425 6483 gnitis,
450 6397 545 6479 actis,
570 6396 687 6481 gestis,
711 6396 894 6482 promissis,
918 6395 1022 6479 datis,
1048 6396 1243 6480 constitutis,
1267 6396 1372 6480 factis,
1396 6397 1515 6460 habitis
1539 6402 1571 6460 et
1595 6395 1718 6477 iuratis,
1743 6416 1800 6459 nos
1824 6415 1922 6480 super
1945 6393 1991 6457 eis
2016 6400 2048 6457 et
2070 6392 2134 6476 hijs

317 6504 412 6568 etiam
438 6525 499 6589 que
523 6525 581 6590 per
604 6524 662 6567 nos
686 6503 726 6567 de
750 6503 908 6568 dictorum
938 6504 1074 6568 fratrum
1107 6504 1240 6570 consilio
1272 6525 1425 6568 concessa
1454 6511 1487 6568 et
1517 6502 1672 6589 disposita
1696 6503 1843 6584 inerunt,
1868 6523 1927 6566 noc
1951 6522 2015 6565 uon
2040 6521 2136 6585 super
