5492 7750
1213 625 1262 674 DE
1294 624 1426 676 Tuom
1454 624 1753 678 ulruovarsculo

925 956 1062 1021 Joonues
1087 957 1204 1040 Sfortio
1227 958 1264 1022 de
1286 959 1464 1043 Alcyonia,
1492 957 1597 1022 Cariaca
1623 957 1812 1044 Cotiqnolae,
1838 959 1965 1024 liecurt
1987 968 2039 1024 alr.

1221 1065 1264 1128 ud
1281 1072 1462 1150 perpetuam
1486 1067 1532 1130 rei
1554 1068 1741 1130 memorium.

663 1276 903 1363 Saepenumero
916 1275 955 1341 (1)
972 1297 1082 1340 sumus
1106 1276 1254 1340 arbitrati
1277 1275 1357 1340 nihil
1380 1297 1450 1341 esse
1474 1278 1560 1362 quod
1583 1271 1687 1364 magis
1711 1299 1748 1343 ae
1772 1280 1875 1364 magis
1897 1281 2052 1366 optimum
2075 1279 2187 1346 deceat
2203 1281 2390 1367 principem,

573 1407 671 1472 quam
694 1385 750 1449 diu
773 1391 806 1448 et
829 1391 924 1449 noctu
950 1383 1087 1469 negotiis
1110 1384 1271 1470 occupari,
1289 1385 1373 1449 curis
1389 1384 1525 1449 excitari
1549 1393 1581 1450 et
1604 1386 1741 1450 assiduis
1765 1387 2013 1472 cogitationibus
2037 1387 2173 1452 distrahi
2195 1410 2254 1475 pro
2280 1387 2391 1452 subdi·

573 1503 679 1559 torum
701 1515 833 1558 suorum
856 1493 977 1574 salute,
1003 1513 1082 1580 paee
1115 1498 1148 1556 et
1178 1492 1356 1557 commode.
1382 1492 1446 1557 Sed
1477 1493 1675 1580 praeclarius
1699 1515 1810 1559 eorum
1833 1515 1931 1559 causa
1954 1495 2004 1559 his
2028 1495 2199 1560 distantius
2223 1494 2390 1560 intendere

573 1603 679 1684 rebus,
696 1600 873 1664 ferventius
896 1620 1012 1664 vacare
1037 1606 1069 1663 et
1093 1599 1258 1685 operosius
1282 1600 1530 1664 sollicitudinem
1554 1601 1722 1687 impartiri,
1741 1601 1857 1688 quibus
1881 1601 1965 1666 inter
1988 1624 2042 1668 eos
2067 1603 2219 1689 praecisis
2245 1601 2391 1671 dissidio·

572 1731 644 1772 rum
666 1707 821 1772 radicitus
845 1707 997 1793 vepribus
1021 1713 1053 1770 et
1077 1707 1253 1792 litigiorum
1277 1706 1475 1771 anfractibus
1500 1708 1629 1773 omnino
1654 1709 1803 1791 seductis,
1821 1710 1909 1795 pacis
1933 1710 2151 1795 tranquillitas
2175 1711 2299 1795 rigeat,
2317 1731 2391 1774 een-

573 1815 702 1882 eordiae
726 1816 832 1878 unitas
856 1814 1033 1878 invalescat
1055 1821 1088 1877 et
1112 1815 1292 1878 animorum
1317 1814 1500 1900 idemptitas
1525 1822 1727 1901 perseveret3
1743 1837 1815 1880 cunr
1840 1837 1931 1881 amor
1953 1823 1985 1881 et
2007 1817 2112 1902 gratia
2128 1839 2167 1881 ea
2185 1817 2259 1900 sint,
2276 1817 2391 1902 quibus

574 1924 682 1988 omnia
705 1931 737 1988 et
761 1929 916 2007 regantur
939 1927 971 1985 et
995 1929 1276 2006 augumenteutur,
1294 1921 1403 1986 odium
1426 1943 1502 1986 vero
1527 1928 1559 1986 et
1583 1923 1752 2006 discordia,
1769 1924 1885 2008 quibus
1909 1925 2096 1988 decrescant
2117 1931 2149 1989 et
2165 1923 2391 1989 dissolvantur.

574 2031 616 2094 Et
647 2038 737 2095 tanto
768 2029 934 2094 uberiores
965 2027 1088 2092 fruetus
1119 2049 1158 2092 ea
1191 2049 1261 2092 esse
1291 2035 1477 2111 noscuntur,
1502 2037 1622 2115 quanto
1646 2029 1678 2093 id
1703 2029 1869 2094 observari
1893 2031 2059 2116 contingat
2082 2031 2165 2096 inter
2189 2032 2337 2096 doctores
2359 2039 2392 2095 et

574 2139 698 2224 equites
722 2144 754 2202 et
777 2137 895 2200 milites
919 2137 1149 2222 cujuscumque
1173 2135 1293 2221 gradus
1317 2142 1349 2200 ct
1372 2136 1582 2218 conditionis,
1599 2137 1654 2222 qui
1674 2137 1721 2200 uti
1742 2137 1823 2202 alios
1847 2145 1879 2202 et
1901 2139 2074 2202 virtutibus
2097 2145 2130 2202 et
2154 2139 2296 2203 moribus
2319 2138 2391 2202 illn-

573 2247 705 2312 striores
736 2245 858 2308 antcire
890 2243 1025 2324 debent,
1051 2244 1096 2308 ita
1119 2243 1255 2307 caeteris
1279 2242 1484 2308 inferioribus
1508 2245 1597 2330 pacis
1620 2252 1653 2308 ct
1676 2245 1865 2310 concordiae
1890 2246 2076 2332 exemplum
2098 2246 2181 2311 bene
2205 2252 2237 2309 et
2260 2245 2392 2332 pacifice

575 2353 704 2419 vivendi
728 2353 768 2416 de
792 2373 825 2415 se
850 2358 916 2415 tam
940 2351 1067 2436 publice
1093 2371 1189 2436 quam
1212 2351 1364 2436 privatim
1388 2351 1573 2416 exhibeant.
1590 2350 1722 2415 Dudum
1746 2351 1904 2437 siquidem
1927 2353 2060 2417 suborta
2085 2353 2288 2417 contentione
2311 2353 2393 2417 inter

573 2463 719 2527 doctores
744 2467 775 2523 et
800 2459 917 2523 milites
941 2458 1080 2522 civitatis
1105 2465 1233 2522 nostrae
1257 2457 1396 2540 Pisauri,
1414 2458 1484 2544 quis
1508 2480 1619 2523 eorum
1643 2458 1800 2544 praeferri
1824 2459 1954 2540 debeat,
1973 2460 2049 2524 dum
2072 2460 2104 2524 in
2128 2459 2294 2524 hominum
2317 2481 2392 2525 eon-

574 2576 673 2634 ventu
697 2569 852 2632 assistunt
876 2573 932 2630 aut
955 2565 1174 2648 deambulant,
1190 2565 1251 2630 hoe
1276 2565 1309 2628 in
1332 2573 1523 2652 perpetuum
1547 2566 1686 2631 valituro
1707 2566 1836 2631 decreto
1853 2567 2038 2652 hujusmodi
2055 2567 2258 2632 ambitiosam
2274 2567 2393 2632 discor·

573 2677 660 2741 diam
684 2677 894 2761 extirpantes,
912 2681 999 2738 motu
1020 2674 1150 2760 proprio
1175 2679 1207 2736 et
1230 2693 1272 2736 cx
1293 2679 1381 2736 certa
1397 2673 1495 2736 animi
1513 2673 1613 2737 nostri
1629 2673 1763 2738 scientia
1779 2680 1811 2738 et
1828 2673 1868 2738 de
1885 2682 1995 2739 nostra
2010 2674 2209 2760 plenitudine
2225 2674 2393 2761 potestatis

574 2784 786 2864 decernimus,
804 2780 993 2844 mandamus
1018 2789 1049 2844 et
1074 2781 1231 2862 volumus,
1250 2788 1286 2844 ut
1305 2802 1346 2844 ex
1370 2780 1554 2845 doctoribus
1579 2781 1758 2863 antedictis,
1775 2781 1830 2866 qui
1854 2788 1928 2845 sunt
1950 2789 1983 2844 et
2007 2782 2062 2866 qni
2083 2781 2115 2846 in
2136 2781 2280 2846 futurum
2300 2789 2394 2846 erunt

576 2891 674 2956 nostri
699 2888 832 2955 dominii
855 2887 975 2952 subditi
997 2895 1030 2951 et
1053 2887 1192 2952 civitatis
1220 2893 1349 2952 nostrae
1377 2887 1506 2950 Pisauri
1540 2887 1625 2952 eires
1657 2894 1689 2951 et
1724 2888 1941 2970 habitatores,
1965 2889 1992 2952 is
2025 2889 2097 2952 aliis
2129 2889 2331 2974 praeferatur
2361 2889 2393 2954 in

574 3018 774 3084 quocumque
798 2996 879 3077 loeo,
897 2996 929 3058 in
953 3017 1015 3080 quo
1040 2995 1211 3060 convenire
1236 2995 1411 3080 contingat,
1430 2995 1484 3080 qui
1509 2995 1597 3080 prius
1621 2994 1805 3059 doctoratus
1829 2995 1982 3059 honorem
2006 2995 2066 3060 sub
2084 2996 2228 3080 rigoroso
2245 2996 2393 3060 examine

573 3107 607 3169 in
632 3103 744 3168 Studio
769 3102 914 3188 generali
937 3110 1103 3165 assecutus
1127 3101 1233 3184 fuerit,
1258 3103 1326 3166 sive
1350 3103 1391 3165 sit
1416 3102 1533 3166 artium
1558 3109 1589 3166 ct
1614 3101 1791 3166 medicinae
1815 3103 1936 3184 doctor,
1959 3103 2026 3167 sive
2048 3103 2130 3188 juris
2155 3103 2258 3167 civilis
2282 3125 2320 3168 ac
2343 3125 2394 3168 ea-

574 3212 680 3276 nonici
704 3219 759 3274 aut
782 3211 864 3293 juris
888 3209 990 3274 civilis
1015 3215 1140 3272 tantum
1165 3216 1221 3272 aut
1241 3208 1324 3292 juris
1349 3209 1495 3273 canonici
1518 3215 1659 3290 tantum,
1676 3231 1740 3274 non
1766 3209 1913 3274 obstante
1935 3209 2020 3295 quod
2038 3210 2092 3295 qui
2108 3211 2267 3297 posterius
2283 3210 2394 3274 doctor

574 3320 680 3402 fuerit,
705 3318 825 3403 alleget
849 3339 882 3381 se
915 3339 985 3381 esse
1015 3316 1179 3380 doctorem
1207 3317 1304 3380 etiam
1326 3316 1409 3400 juris
1434 3317 1589 3400 canonici,
1611 3325 1643 3381 et
1666 3337 1730 3380 non
1754 3318 1901 3381 obstante
1926 3317 2022 3380 etiam
2047 3317 2132 3402 quod
2157 3318 2314 3403 posterior
2338 3318 2394 3381 do-

574 3434 643 3492 ctor
665 3427 786 3511 alleget
809 3447 843 3489 se
867 3424 1024 3510 equestris
1048 3423 1215 3508 dignitatis
1239 3423 1333 3487 titulo
1358 3423 1560 3508 insignitum,
1585 3424 1757 3488 dummodo
1788 3445 1852 3489 non
1883 3431 2022 3506 constet,
2048 3424 2133 3509 quod
2166 3446 2223 3510 pro
2251 3425 2395 3510 quolibet

574 3534 678 3618 gradu
702 3531 888 3598 Oommun²s
910 3531 1039 3595 Pisauri
1062 3531 1102 3595 ad
1126 3532 1232 3594 minus
1256 3531 1361 3595 solvat
1386 3531 1418 3594 in
1445 3531 1614 3596 Communi
1630 3531 1729 3596 libras
1747 3537 1884 3618 quatuor
1902 3531 2145 3596 Bononinorum
2162 3554 2220 3618 pro
2236 3533 2307 3617 ejus
2324 3541 2394 3596 rata

572 3642 752 3722 dumtaxat,
770 3639 846 3726 quia
869 3645 945 3704 tunc
969 3638 1115 3703 doctores
1139 3645 1171 3702 et
1195 3638 1312 3702 milites
1336 3638 1407 3702 aliis
1431 3638 1657 3725 praeferantur
1681 3639 1875 3721 doctoribus,
1898 3639 1953 3724 qui
1979 3660 2044 3702 non
2067 3639 2186 3703 fuerint
2210 3639 2395 3724 hujusmodi

573 3749 694 3834 gradus
718 3749 947 3835 praerogativa
970 3747 1123 3831 insignes,
1141 3752 1173 3810 et
1198 3767 1259 3810 non
1278 3745 1426 3809 obstante
1443 3747 1551 3828 etiam,
1570 3746 1653 3832 qnod
1672 3746 1801 3831 alleget,
1819 3768 1852 3809 se
1870 3767 1940 3809 esse
1957 3745 2223 3810 contubernalem
2239 3754 2393 3830 nostrum,

572 3865 606 3921 et
630 3879 693 3922 non
717 3856 865 3921 obstante
889 3855 987 3918 etiam
1010 3853 1095 3939 quod
1118 3875 1152 3917 se
1178 3859 1336 3917 assereret
1360 3874 1429 3917 esse
1454 3853 1647 3918 advocatum
1670 3853 1825 3919 Gamerae
1850 3860 1979 3917 nostrae
2007 3853 2144 3937 fiscalis,
2171 3853 2233 3916 nisi
2257 3853 2296 3917 de
2320 3875 2394 3918 eon-

573 3964 736 4029 tubernali
759 3963 915 4028 advocato
940 3961 1041 4025 fiscali
1065 3982 1123 4047 per
1146 3982 1204 4025 nos
1230 3961 1397 4045 contingat
1421 3961 1514 4024 aliter
1539 3960 1690 4024 ordinari.
1707 3959 1751 4024 Et
1773 3966 1945 4046 postrem0,
1964 3981 2028 4024 non
2050 3960 2197 4025 obstante
2222 3960 2307 4046 quod
2323 3962 2394 4047 quis

575 4081 669 4137 uatus
693 4077 779 4135 esset
802 4071 834 4134 in
858 4071 1012 4134 comitatu
1037 4075 1145 4132 nostro
1168 4067 1315 4150 Pisauri,
1340 4067 1512 4132 dummodo
1546 4067 1650 4131 dictae
1679 4073 1807 4131 nostrae
1836 4067 1975 4132 civitatis
1999 4067 2041 4132 sit
2062 4068 2141 4132 civis
2164 4076 2197 4132 ct
2220 4077 2395 4155 perpetuus

575 4180 739 4244 habitator
762 4185 794 4242 et
818 4178 946 4259 doctor3
963 4177 985 4239 ii
1011 4197 1087 4240 vero
1113 4176 1214 4240 uestri
1235 4176 1331 4258 cives,
1349 4177 1513 4261 quierunt
1530 4175 1730 4240 solummodo
1748 4176 1891 4240 decorati
1907 4176 2048 4261 equestri
2064 4175 2231 4262 dignitate,
2249 4178 2396 4242 omnibus

576 4287 760 4351 doctoribus
784 4285 1020 4370 praeferantur,
1044 4283 1100 4368 qui
1124 4303 1187 4347 non
1211 4282 1331 4346 fuerint
1355 4282 1472 4346 milites
1496 4283 1624 4346 solvant
1647 4283 1680 4346 iu
1704 4283 1865 4346 communi
1899 4304 1956 4368 pro
1988 4283 2132 4368 quolibet
2160 4283 2264 4367 gradu
2294 4283 2396 4348 dictes

577 4401 715 4480 quatuor
737 4393 854 4474 libras;
876 4391 961 4456 eirca
984 4391 1045 4454 hoc
1069 4398 1175 4454 tamen
1200 4391 1298 4454 etiam
1322 4397 1431 4454 nostre
1455 4390 1588 4454 arbitrie
1612 4390 1706 4454 aliter
1730 4389 1899 4454 ordinandi
1923 4411 2049 4476 semper
2073 4390 2175 4454 salvo.
2192 4389 2235 4454 Et
2251 4396 2286 4453 ut
2302 4411 2394 4476 prae-

576 4523 650 4565 sens
674 4507 818 4565 nostrum
842 4500 1006 4564 decretum
1030 4498 1125 4561 simul
1149 4497 1264 4561 edatur
1286 4505 1319 4561 et
1342 4505 1531 4583 exequatur,
1549 4505 1584 4562 ut
1608 4498 1764 4583 exemplis
1790 4498 1821 4561 in
1846 4498 1990 4561 futurum
2015 4498 2149 4562 intentio
2166 4503 2276 4561 nostra
2293 4499 2395 4583 magis

577 4609 766 4689 innotescat,
792 4627 908 4693 operae
933 4606 1072 4691 pretium
1095 4626 1165 4668 esse
1190 4604 1352 4685 ducimus,
1377 4603 1523 4667 doctores
1547 4611 1614 4667 tam
1638 4605 1778 4668 medicos
1803 4625 1900 4688 quam
1921 4605 2056 4690 juristae
2080 4603 2225 4668 subditos
2249 4612 2394 4687 nostros,

576 4716 688 4801 quiin
711 4713 895 4800 praeseutia
920 4713 1018 4776 vitam
1043 4712 1189 4796 exigunt,
1215 4710 1418 4798 infrascripto
1443 4710 1538 4775 modo
1562 4709 1756 4775 ordinandos
1780 4732 1860 4793 csse,
1886 4711 2051 4775 videlicet:

665 4928 824 4993 Dominus
849 4927 994 4991 Joannes
1018 4925 1203 4990 Ludorieus
1228 4924 1267 4988 de
1291 4924 1440 4988 Parnetis
1465 4925 1506 4988 sit
1528 4924 1650 5011 primus
1675 4925 1706 4988 in
1731 4925 1852 4989 ordine.

664 5035 823 5100 Dominus
847 5033 999 5097 Nicolaus
1023 5033 1063 5096 de
1095 5032 1226 5117 sajano,
1258 5031 1367 5117 legum
1398 5031 1519 5114 doctor,
1553 5031 1729 5114 secundus,
1755 5031 1809 5117 qui
1835 5038 1946 5117 postca
1970 5031 2161 5117 praecessit,
2186 5032 2262 5117 quia
2290 5031 2395 5096 factus

657 5133 660 5140 ’
755 5162 853 5228 eques
879 5162 898 5204 a
923 5140 1054 5205 Summo
1077 5139 1245 5204 Pontifice.

665 5251 822 5335 Magister
846 5249 1000 5314 Camillus
1024 5247 1064 5312 de
1088 5247 1277 5329 Leouardis,
1303 5247 1420 5310 artium
1444 5254 1476 5311 et
1499 5246 1677 5311 medicinae
1701 5246 1821 5329 doctor,
1846 5245 1969 5310 tertius.

665 5357 822 5443 Magister
846 5357 1027 5438 Zaccarias‚
1053 5355 1170 5419 artium
1193 5361 1225 5418 et
1248 5354 1427 5418 medicinae
1450 5354 1571 5436 docter,
1597 5361 1740 5440 quartus.

664 5465 823 5529 Dominus
847 5463 1032 5528 Ludovicus
1056 5461 1095 5526 de
1121 5461 1324 5544 Candelaria,
1349 5462 1459 5546 legum
1483 5461 1604 5544 doctor,
1629 5461 1769 5546 quintus.

664 5573 823 5637 Dominus
846 5571 962 5657 Dynus
986 5570 1026 5634 de
1050 5569 1249 5655 Zegnarolis,
1273 5569 1383 5654 legum
1407 5568 1528 5652 doctor,
1553 5569 1650 5633 sitin
1674 5568 1785 5632 ordine
1809 5577 1929 5632 sextus.

665 5679 823 5744 Dominus
847 5677 1037 5742 Vincentius
1061 5677 1100 5740 de
1125 5676 1302 5758 Fidelibus,
1324 5676 1407 5761 juris
1431 5678 1597 5761 utriusque
1622 5675 1742 5757 docter,
1767 5676 1932 5760 septimus.

665 5787 823 5852 Dominus
846 5787 964 5850 Petrus
987 5785 1171 5849 Ludovieus
1195 5784 1235 5848 de
1258 5783 1360 5866 Pano,
1381 5784 1491 5869 legum
1515 5783 1626 5847 doctor
1649 5783 1689 5846 de
1714 5782 1895 5864 Saracenis,
1913 5783 1991 5846 civis
2011 5789 2044 5846 et
2071 5783 2234 5846 habitator
2257 5781 2395 5863 Pisauri,

758 5895 855 5958 sitin
880 5893 991 5958 ordine
1016 5901 1158 5956 octavus.

666 6001 823 6087 Magister
846 6001 1008 6088 Ippolitus
1031 6000 1071 6064 de
1095 5999 1284 6081 Dominicis,
1310 5998 1428 6062 artium
1452 6005 1484 6062 ct
1508 5998 1686 6063 medicinae
1709 5998 1830 6078 doctor,
1856 6020 1969 6063 nonus.

664 6110 823 6174 Dominus
848 6109 991 6173 Joannes
1015 6107 1147 6172 Mattius
1171 6106 1210 6170 de
1235 6106 1385 6188 danetiis,
1410 6107 1519 6191 legum
1543 6105 1665 6188 doctor,
1690 6105 1842 6170 decimus.

655 6432 694 6496 (1)
715 6429 755 6479 Ex
774 6429 843 6480 libro
864 6426 900 6480 Ι.ο
920 6429 1109 6492 Decretorum,
1129 6428 1155 6478 in
1183 6425 1337 6478 secretaria
1357 6425 1557 6478 illustrissimae
1578 6425 1787 6477 Cornmunitatls
1808 6424 1979 6476 Pisaurensis
2000 6423 2144 6489 existento,
2163 6423 2196 6474 ad
2217 6439 2278 6491 pag.
2297 6425 2341 6473 54.
