5544 7750
1038 677 1251 730 SOHOLARES
1279 677 1481 728 ILLUSTRES

346 831 434 918 Mag.
457 832 618 897 Martinus
643 834 816 898 canonicus
840 834 1005 898 trecensis.

346 937 387 1002 D.
411 939 571 1003 Martinus
594 939 761 1026 Hispanus
785 940 945 1026 gallichus
968 940 1008 1003 de
1032 939 1135 1003 Tuda.

346 1045 387 1110 D.
411 1046 571 1111 Martinus
594 1047 633 1111 de
657 1048 760 1112 Poma
783 1048 823 1111 de
846 1047 1017 1133 Pergamo.

345 1151 432 1239 Mag.
463 1153 627 1218 Mattheus
659 1154 872 1235 Gundisalvi,
898 1154 1071 1218 canonicus
1107 1151 1228 1216 ulisbo·

454 1260 573 1326 nensis.

347 1366 388 1430 D.
412 1366 575 1430 Mattheus
599 1366 638 1431 de
662 1368 844 1448 Limoxino,
870 1367 1042 1431 canonicus
1066 1415 1074 1430 .
1100 1414 1108 1431 .
1134 1414 1141 1428 .
1167 1414 1175 1429 .

346 1473 434 1558 Mag.
458 1473 598 1538 Michael
621 1474 766 1559 magistri
789 1475 942 1538 Patavini
965 1473 1004 1538 de
1029 1473 1186 1538 Venetiis.

346 1580 388 1644 D.
412 1579 552 1644 Michael
576 1581 615 1645 (16
638 1580 788 1646 Donodei
811 1582 850 1645 (16
875 1581 994 1646 866116.

346 1688 386 1753 D.
411 1687 584 1752 Monaldus
609 1689 648 1752 de
672 1697 783 1753 sancto
808 1689 967 1773 Geuexio,
983 1689 1157 1754 canonicus
1177 1709 1227 1752 sa·

452 1795 663 1860 risberiensis.

345 1902 386 1966 D.
411 1901 639 1967 Montenaxius
663 1902 703 1967 de
727 1903 927 1967 Marchixiir.

345 2010 387 2074 D.
411 2011 564 2096 Napullio
588 2011 806 2075 Fortebraccii
831 2010 870 2074 de
894 2011 1108 2095 Raveguana,
1132 2031 1228 2075 cano·

453 2119 542 2182 nicus
566 2119 802 2183 camaracensis
831 2119 958 2202 abbat,
979 2119 1063 2182 sedis
1088 2119 1228 2203 Aposto-

451 2225 512 2291 lioe
541 2226 746 2312 capellanus,
771 2227 944 2291 canonicus
976 2226 1227 2310 cameracensis,

453 2335 651 2398 tornacensis
675 2341 707 2398 et
730 2334 960 2398 turonenensis.

346 2442 433 2527 Mag.
458 2441 540 2505 Note
564 2441 604 2506 de
627 2442 779 2507 Pistorio.

345 2548 387 2612 D.
411 2548 565 2613 Nicolaus
589 2548 629 2613 de
652 2549 773 2634 Praga.
894 2541 900 2557 '

345 2656 386 2720 D.
411 2656 565 2721 Nicotaus
589 2657 628 2720 de
652 2656 823 2742 Magonza.

345 2764 386 2828 D.
411 2764 597 2829 Octohonus
629 2765 668 2828 de
699 2765 883 2846 Plasentia,
916 2765 1056 2828 decanus
1090 2764 1227 2829 suessio·

453 2873 571 2936 nensis.

345 2983 386 3046 D.
411 2981 615 3047 Oddofredus
639 2981 679 3044 de
704 2981 873 3066 Magonza.

344 3090 385 3153 D.
411 3089 529 3177 Orpizo
546 3089 585 3153 de
603 3089 755 3171 Cedonia,
773 3089 960 3154 siniscalcus
976 3090 1079 3153 sancti
1095 3089 1228 3154 Martini

450 3198 644 3263 turonensis.

344 3307 431 3391 Mag.
456 3305 529 3369 Pax
552 3304 669 3388 tisicus,
694 3325 756 3390 que
779 3303 840 3366 fuit
863 3303 902 3367 de
926 3303 1053 3390 Royga

345 3413 386 3478 D.
410 3412 601 3477 Percirallis
625 3411 664 3475 de
690 3410 859 3476 Salvaticis
883 3411 923 3474 de
947 3411 1030 3474 Asti.

344 3520 386 3585 D.
410 3520 526 3584 Petrus
551 3518 671 3583 domini
693 3517 853 3582 Bernardi
876 3518 915 3581 de
942 3517 1120 3582 016166666.

344 3630 385 3695 D.
409 3629 526 3693 Petrus
551 3627 590 3690 dc
615 3626 807 3709 Scroxallia‚
832 3626 1005 3691 canonicus
1028 3624 1211 3690 rutinensis.

343 3736 385 3800 D.
409 3735 526 3799 Petrus
550 3733 727 3816 Johannes,
752 3733 925 3797 canonicus
950 3732 1166 3796 asturicensis.

343 3841 384 3908 D.
397 3843 514 3906 Petrus
531 3841 571 3904 de
583 3840 784 3921 Pulcrovisu,
798 3840 971 3904 canonicus
983 3839 1225 3904 barcilonensis.

343 3949 384 4014 D.
408 3949 525 4012 Petrus
550 3947 590 4011 (16
612 3946 803 4029 Villauova,
824 3947 1135 4032 carpentoractensis
1158 3946 1226 4012 dio·

451 4056 542 4121 66616.

343 4164 384 4228 D.
409 4165 525 4228 Petrus
548 4162 670 4226 domini
693 4162 751 4226 161
776 4161 815 4226 (16
838 4161 1015 4227 Florentia.

341 4272 383 4338 D.
407 4273 523 4336 Petrus
548 4271 587 4335 de
613 4270 817 4334 Cambucaco
840 4269 1047 4334 caturcensis.

342 4379 382 4444 D.
407 4379 578 4464 Philippus
602 4377 641 4442 de
658 4377 872 4464 Castegnolis,
889 4377 1062 4441 canonicus
1079 4377 1224 4441 estensis.

341 4487 384 4552 D.
399 4485 540 4551 Peneius
556 4485 734 4567 Johannes,
751 4485 924 4549 canonicus
941 4484 1225 4570 compostellanus.

342 4595 429 4679 Mag.
448 4592 649 4678 Ragiualdus
674 4592 713 4657 (16
733 4591 1226 4674 1116166611),666661666166·

449 4699 612 4764 dunensis.

342 4807 383 4872 D.
406 4806 620 4892 Raymundus
643 4806 884 4891 Beltramingus
908 4805 947 4869 de
972 4805 1054 4870 Asti.

342 4914 383 4978 D.
407 4913 561 4996 Raunus,
587 4913 759 4978 canonicus
790 4913 892 4977 sancti
917 4912 1072 4977 Venantii
1099 4911 1225 4978 (1616-

450 5020 575 5085 briano.

342 5128 384 5192 D.
408 5127 571 5191 Rohertus
595 5127 634 5190 de
655 5127 829 5213 Colougus,
847 5127 1023 5191 monachus
1039 5126 1225 5190 dunelmen·

450 5234 556 5299 sisu).

343 5341 384 5405 D.
408 5341 571 5405 Rohertus
591 5340 631 5405 de
648 5340 910 5422 Vicecomitibus,
928 5339 1109 5404 ordinarius
1125 5338 1157 5402 in
1174 5360 1225 5404 ec-

451 5448 549 5512 clesia
572 5449 689 5533 majori
711 5447 954 5513 mediolanensi.

343 5556 384 5621 D.
411 5555 520 5619 861616
544 5555 584 5619 (16
608 5554 697 5638 Orte,
721 5554 893 5619 canonicus
917 5553 1080 5618 lossensis.

344 5663 385 5728 D.
412 5663 596 5746 Severinus,
614 5663 788 5727 canonicus
811 5662 915 5726 sancti
936 5661 1092 5725 Venantii
1107 5660 1147 5725 de
1163 5660 1226 5725 16-

450 5770 574 5834 161666.

342 5878 384 5943 D.
410 5877 555 5963 Sigonius
578 5877 618 5940 de
642 5876 819 5960 Parelioiis,
844 5877 1016 5942 canonicus
1039 5876 1211 5942 lossensis.

344 5985 430 6070 Mag.
458 5983 569 6048 Simon
593 5984 632 6048 de
655 5982 788 6069 Anglia.

343 6093 386 6157 D.
411 6092 595 6178 Stephanus
617 6092 755 6156 Matthei
778 6091 817 6155 de
841 6091 918 6156 Fur.
942 6091 983 6156 de
1006 6091 1178 6178 Lugduno.

344 6201 385 6264 D.
411 6199 597 6264 Thebaldus
621 6199 661 6264 de
685 6207 796 6264 sancto
819 6199 980 6284 Remigio.

407 6449 446 6515 (1)
465 6447 510 6499 Al.
533 6447 696 6501 Vcrdeliaco.

408 6539 447 6604 (2)
468 6538 512 6589 Al.
531 6538 564 6588 dc
582 6537 810 6603 Collaelinyuard.

2094 655 2166 744 331

1292 831 1334 895 D.
1359 828 1545 895 Thebaldus
1569 830 1608 895 (16
1632 830 1815 916 Infangatis
1839 831 1878 894 de
1902 829 2078 895 Florentia.

1291 938 1380 1024 Mag.
1405 939 1546 1004 Thomas
1571 939 1752 1022 Guiscardi,
1769 939 1910 1004 decanus
1934 939 2174 1024 glassiouensis.

1292 1045 1334 1112 D.
1358 1046 1499 1110 Thomas
1523 1046 1657 1111 Florani
1681 1047 1720 1112 de
1743 1047 1905 1112 Matclica.

1292 1152 1333 1217 D.
1358 1152 1483 1217 Tuscus
1506 1153 1545 1218 (16
1570 1155 1717 1218 Ancona.

1291 1260 1379 1345 Mag.
1404 1260 1582 1325 Ubertiuus
1606 1261 1646 1325 de
1669 1261 1783 1346 Papia.

1290 1366 1332 1432 D.
1357 1367 1500 1432 Uber-tus
1536 1367 1575 1432 de
1609 1368 1843 1454 Castroveteri,
1868 1372 2041 1436 canonicus
2076 1393 2174 1437 uora-

1397 1475 1522 1540 riensis.

1291 1582 1333 1647 D.
1357 1583 1499 1648 Ubertus
1523 1585 1562 1648 (16
1586 1585 1747 1650 Vallibus.

1291 1689 1332 1754 D.
1357 1690 1525 1756 Yeellinus
1549 1693 1588 1756 (16
1612 1692 1933 1782 Mandagagliaxiuis
1957 1697 1996 1762 de
2019 1697 2143 1763 Brixia.

1510 2028 1512 2034 ,
1628 1961 1843 2026 110οΧ0111.

1292 2223 1333 2288 D.
1357 2224 1556 2290 Accurrinus
1580 2226 1620 2290 de
1645 2227 1823 2293 Modoccia.

1292 2331 1334 2395 D.
1358 2331 1513 2396 Albertus
1536 2334 1575 2397 de
1600 2333 1814 2420 Oaprionibus
1838 2336 1877 2400 (16
1902 2336 2025 2402 Brixia.

1291 2437 1333 2502 D.
1357 2438 1529 2524 Albertus,
1554 2442 1803 2528 archipresbiter
1834 2445 1937 2508 sancti
1967 2444 2098 2509 Proculi
2126 2445 2174 2509 fa-

1399 2548 1532 2611 reatini.

1291 2652 1332 2717 D.
1357 2653 1492 2718 Albizus
1516 2655 1555 2718 de
1578 2655 1702 2720 Brixia.

1291 2760 1333 2824 D.
1358 2761 1554 2826 Adelbertus
1578 2762 1617 2827 de
1640 2764 1827 2828 Petraforti.

1290 2867 1331 2933 D.
1356 2868 1555 2933 Ambrosius
1579 2871 1618 2934 de
1642 2871 1821 2935 Actabellis
1845 2872 1884 2936 do
1909 2873 2032 2938 Laude.

1290 2974 1378 3060 Mag.
1392 2976 1539 3060 Angelus
1556 2977 1708 3060 medicus,
1721 2978 1805 3042 filius
1822 2979 1942 3044 domini
1958 2979 2117 3066 Hugolini
2133 2982 2172 3046 de

1398 3081 1501 3148 86616.

1290 3189 1378 3274 Mag.
1403 3189 1567 3253 Ansaldus
1591 3191 1630 3255 de
1654 3191 1746 3255 Faba
1769 3192 1808 3256 de
1834 3192 1958 3276 Genua,
1983 3194 2136 3259 medicus.
2163 3231 2166 3240 ·

1289 3294 1378 3381 Mag.
1403 3297 1564 3362 Antonius
1599 3297 1638 3362 de
1673 3298 1876 3382 Nubaleuto,
1901 3302 2074 3366 canonicus
2110 3302 2174 3366 bri·

1397 3405 1528 3468 xiensis.

1289 3509 1331 3573 D.
1355 3511 1520 3576 Arnoldus
1544 3512 1664 3577 domini
1688 3513 1796 3578 866161
1820 3515 1859 3578 (16
1882 3515 2055 3600 Bergamo.

1290 3617 1377 3703 Mag.
1402 3619 1651 3684 Bartholomeus
1675 3622 1822 3706 magistri
1845 3623 1935 3686 Petri
1958 3623 2071 3689 Reale.

1289 3724 1331 3788 D.
1355 3724 1604 3791 Bartholomeus
1628 3728 1749 3792 domiui
1772 3731 1905 3794 Pradiui
1930 3731 1969 3794 de
1992 3731 2115 3795 Laude.

1289 3831 1330 3896 D.
1353 3833 1541 3898 Bernardus
1565 3835 1604 3898 (16
1628 3835 1708 3899 Turi
1731 3836 1770 3900 de
1795 3837 1937 3923 Spolcto.

1289 3938 1331 4003 D.
1354 3939 1554 4006 Bertrandus
1578 3943 1618 4006 de
1641 3942 1835 4008 Lutiliaoho.
1970 4023 1975 4034 ,

1289 4046 1331 4112 Ι).
1355 4047 1561 4113 Β666166166
1586 4050 1624 4114 de
1647 4050 1799 4134 Leonat,
1825 4051 1945 4116 ordinis
1969 4053 2172 4140 hospitalarii

1394 4156 1653 4239 jerosolimitani.
1858 4235 1860 4240 Ι
2041 4148 2044 4158 ’

1289 4260 1331 4326 D.
1356 4262 1453 4328 06161
1477 4263 1516 4328 de
1539 4265 1744 4330 Patientibus
1769 4266 1808 4330 de
1832 4266 2027 4332 Mediolano.

1288 4368 1330 4433 D.
1355 4369 1490 4434 Carolus
1512 4372 1667 4456 11616611,
1691 4374 1865 4439 666661666
1889 4376 2130 4460 apsalensislssl.

1289 4480 1330 4545 D.
1355 4480 1486 4546 016666
1510 4482 1549 4546 (16
1572 4482 1737 4548 Vallexia.

1289 4588 1330 4654 D.
1356 4587 1500 4653 Ooradus
1525 4590 1564 4654 de
1584 4590 2172 4677 8111616631,666166666166161116-

1395 4695 1556 4761 dunensis.

1289 4802 1330 4867 D.
1356 4802 1502 4868 Ooradus
1525 4805 1565 4868 (16
1589 4805 1875 4892 Chiohilimbergh.

1288 4910 1330 4975 D.
1355 4910 1470 4976 Comes
1493 4911 1533 4976 de
1557 4911 1720 4996 06616116,
1736 4919 1842 4977 666166
1858 4914 1962 4977 666611
1984 4913 2116 4977 Martini
2138 4913 2173 4977 16

1396 5019 1497 5084 06116.

1288 5125 1377 5212 Mag.
1402 5125 1562 5191 Consilius
1587 5127 1747 5192 816166616
1771 5127 1810 5192 de
1833 5127 1997 5192 Matclica.

1288 5232 1330 5298 D.
1355 5232 1468 5297 Fatius
1494 5234 1533 5297 de
1556 5234 1676 5300 Labro.

1287 5341 1330 5406 D.
1354 5340 1529 5405 Federicus
1552 5343 1734 5428 prepositus
1758 5341 2024 5428 moguntinensis.

1288 5448 1331 5513 D.
1354 5448 1529 5512 Federicus
1553 5449 1592 5513 de
1616 5449 1737 5515 Mirsen
1767 5449 1888 5514 domini
1918 5449 2102 5514 Heberardi
2133 5451 2172 5515 de

1395 5556 1606 5642 Lancisberg.

1289 5663 1377 5749 Mag.
1401 5663 1593 5728 Franciscus
1617 5663 1701 5727 filius
1718 5664 1865 5749 magistri
1880 5663 1970 5728 Petri
1986 5663 2173 5749 Paganucci

1397 5770 1436 5834 dc
1459 5770 1622 5835 Matclica.

1289 5878 1331 5943 D.
1356 5877 1930 5960 116661666616661161,666661666
1955 5877 2139 5942 cerviensis.

1289 5985 1331 6050 D.
1355 5985 1548 6050 Franciscur
1571 5985 1692 6050 domini
1715 5986 1866 6050 dacobini
1889 5986 1928 6050 de
1951 5986 2088 6051 Mutina.

1289 6092 1331 6158 D.
1355 6091 1548 6157 Franciscus
1565 6093 1604 6156 de
1620 6092 1745 6178 Bajolis
1762 6093 1801 6156 de
1814 6092 2033 6178 Blancanigro
2046 6092 2174 6157 (411616-

1397 6200 1506 6264 lensis.

1354 6449 1393 6514 (Β)
1412 6449 1457 6498 An
1481 6447 1645 6514 Upsaleusr's.

1353 6539 1392 6604 (4)
1411 6535 1485 6604 Lego
1504 6535 1682 6602 Blancanipo.
