5484 7746
649 627 880 678 senoensem
900 627 951 678 aa
972 625 1137 678 suessan
1156 623 1522 676 aaoarorncorvonuu
1542 623 1644 674 soca.
1664 622 1801 674 sonos.
2056 601 2131 671 249

318 791 449 848 sanotae
473 784 658 848 ravennatis
679 783 885 865 Aacclesiae,
909 789 942 847 et
965 782 1169 847 bolonienses
1192 782 1273 846 uihil
1294 787 1427 867 propter
1446 803 1480 846 se
1504 779 1637 846 rationis
1661 779 1819 844 haberent
1841 777 1996 842 adversus
2019 797 2135 841 raven·

319 897 427 955 uatem
441 890 654 971 Aecclesiam,
671 889 732 954 nisi
749 889 836 975 quod
850 911 978 975 semper
1001 888 1155 954 deberent
1174 887 1339 971 hobedire,
1357 908 1430 951 oum
1453 887 1603 974 episeopo
1625 907 1694 968 suo,
1711 885 1793 950 siout
1817 885 1913 949 matri
1935 905 1992 949 sue
2014 883 2135 949 Metro·

318 998 481 1084 politanae
502 997 700 1080 Aecclesiae,
725 996 838 1060 sedata
862 1003 910 1060 est
926 996 1087 1060 contentio
1112 1003 1191 1078 tota,
1215 1001 1247 1060 et
1271 995 1325 1077 ita,
1347 993 1456 1058 divina
1480 1000 1673 1080 cooperante
1697 993 1813 1078 gratia,
1830 992 1975 1078 prefatus
1997 990 2135 1055 Enrieus

317 1104 449 1170 Electus
477 1104 673 1170 boloniensis
701 1110 906 1168 consecratus
934 1109 983 1167 est
1009 1103 1042 1166 in
1066 1103 1252 1188 episcopum
1275 1101 1335 1166 sub
1367 1108 1523 1188 perpetua
1546 1108 1578 1165 et
1601 1099 1784 1165 omnimoda
1807 1098 2013 1164 hebedientia
2038 1105 2135 1184 atque

319 1212 517 1277 subiectione
541 1212 728 1276 ravennatis
750 1210 949 1276 Aecclesiae.

408 1320 480 1405 Ego
504 1340 582 1384 vero
605 1318 780 1383 Heinricus
803 1317 988 1381 faventinus
1004 1317 1158 1398 notarius,
1176 1315 1252 1380 dum
1276 1317 1308 1379 iu
1331 1316 1382 1380 his
1402 1315 1549 1380 omnibus
1572 1315 1770 1397 interessem,
1787 1315 1870 1378 sicut
1892 1313 1959 1377 vidi
1979 1321 2011 1378 et
2027 1312 2136 1376 audivi

318 1426 427 1511 sicque
452 1426 621 1512 complevi,
646 1432 678 1490 et
703 1425 833 1512 propria
856 1445 955 1488 manu
979 1423 1019 1487 ad
1043 1430 1233 1509 perpetuam
1257 1423 1409 1487 noticiam
1433 1423 1556 1509 scripsi.

406 1639 456 1722 [A
479 1636 597 1724 tergm]
619 1641 671 1712 (ἵ
684 1637 945 1703 Oousecreoiouis
968 1635 1122 1723 Episcopi
1144 1636 1361 1701 bononiensis.

1194 1937 1257 2002 111.

1107 2152 1203 2236 1133,
1228 2153 1249 2216 7
1272 2155 1357 2216 errati.

625 2368 678 2432 Ex
702 2367 833 2432 archivo
858 2366 961 2431 sancti
983 2367 1120 2432 loannis
1143 2369 1177 2431 in
1200 2367 1328 2451 Monte,
1352 2388 1436 2431 nunc
1460 2367 1492 2430 iu
1517 2368 1598 2431 Tob.
1622 2367 1710 2432 Max.
1734 2368 1827 2450 bon,

1119 2478 1125 2490 ,
1385 2457 1397 2484 0

850 2483 926 2539 sect.
949 2500 963 2530 «
989 2475 1173 2540 Demaarolc
1198 2501 1228 2558 »,
1252 2496 1340 2538 num.
1365 2481 1435 2570 ἰῶ,
1459 2474 1528 2540 doc.
1554 2477 1606 2539 31.

405 2684 448 2780 >Q
472 2709 511 2772 Iu
529 2709 656 2773 nomine
674 2715 783 2772 sancte
800 2715 832 2773 et
848 2707 1038 2792 individ[u]e
1056 2708 1234 2790 Trinitatis,
1250 2708 1412 2772 ilenrious
1428 2708 1491 2772 Dei
1506 2707 1613 2793 gratia
1630 2715 1739 2771 sancte
1764 2707 1969 2772 bononiensis
1992 2707 2137 2772 Ecclesia

318 2817 497 2901 episcopus,
514 2816 591 2880 lieet
613 2816 776 2901 indignus,
801 2837 913 2880 servus
937 2837 1103 2880 servorum
1127 2815 1199 2898 Dei,
1218 2815 1342 2880 dilectis
1366 2816 1521 2880 fratribus
1544 2815 1678 2880 Alberio
1694 2814 1853 2900 priori(¹l,
1871 2820 1902 2878 et
1925 2813 2080 2878 fratribus
2105 2815 2137 2878 in

319 2924 455 2988 eeclesia
478 2925 582 2989 sancti
605 2924 757 3007 Victoris,
774 2947 836 3010 que
857 2925 953 3008 juxta
976 2924 1158 2988 Bononiam
1181 2924 1242 2988 sita
1267 2931 1325 3006 est,
1342 2924 1451 2988 divino
1475 2924 1607 2988 servitio
1631 2924 1823 3008 mancipatis
1839 2929 1907 2986 tam
1922 2924 2135 3008 presentibus,

319 3053 416 3116 quom
439 3031 555 3094 futuris
580 3032 612 3095 in
637 3040 838 3118 perpetuum.
863 3031 1111 3096 Aecclesiastioe
1136 3031 1359 3095 sollicitudinis
1383 3031 1486 3116 pietas
1510 3052 1568 3094 uos
1590 3031 1713 3115 jugiter
1736 3037 1897 3094 ammonet
1918 3036 1954 3094 ut
1969 3031 2137 3115 religiosas

319 3160 472 3224 personas
497 3146 593 3224 atque
617 3139 807 3224 religionem
831 3139 901 3203 Deo
926 3139 1080 3224 placitam
1104 3139 1289 3202 studeamus
1313 3138 1416 3202 modis
1440 3139 1587 3202 omuibus
1609 3138 1758 3223 augendo
1775 3136 1909 3222 diligere
1926 3145 1958 3201 et
1974 3137 2137 3223 diligendo

318 3267 510 3332 propagare.
535 3246 720 3332 Numquam
744 3247 829 3310 euim
854 3247 1043 3331 obsequium
1066 3246 1137 3311 Deo
1162 3253 1291 3330 gratum
1314 3245 1519 3332 impenditur,
1537 3245 1599 3308 nisi
1621 3267 1663 3308 ex
1686 3245 1793 3308 radice
1818 3243 1960 3309 caritatis
1985 3244 2138 3330 procedat

318 3361 349 3417 et
374 3374 393 3416 a
417 3354 582 3439 religionis
606 3354 746 3440 puritate
770 3353 911 3439 undique
936 3353 1144 3419 custodiatur.
1168 3353 1319 3434 Proinde,
1344 3353 1453 3417 dilecti
1476 3353 1509 3416 in
1533 3353 1672 3416 Domino
1696 3353 1764 3434 filii,
1788 3353 1904 3416 vestris
1929 3351 2136 3437 petitionibus

318 3461 492 3524 elementor
512 3469 701 3545 annuentes,
719 3461 889 3526 ecelesiam
912 3462 1015 3526 sancti
1040 3461 1180 3526 Victoris
1205 3469 1237 3525 et
1259 3461 1428 3525 ecelesiam
1453 3461 1556 3525 sancti
1572 3460 1731 3525 Johanuis
1748 3460 1967 3544 evangelistae
1985 3460 2137 3546 posital2)

319 3569 351 3631 in
368 3575 475 3632 moute
492 3568 625 3654 Olivetj,
642 3569 675 3633 in
693 3570 809 3654 quibus
826 3569 935 3633 divino
952 3570 1075 3634 vacatis
1092 3568 1253 3652 officiolssl,
1272 3575 1402 3632 sanetae
1418 3569 1624 3633 bononiensis
1641 3568 1806 3632 Ecclesiae
1832 3568 1942 3632 matris
1958 3576 2064 3632 vestre
2081 3589 2137 3632 uo·

318 3659 383 3739 stro
409 3675 579 3762 privilegio
603 3676 803 3740 decrevimus
827 3676 1027 3741 muniendas.
1045 3676 1091 3740 Ut
1115 3677 1214 3761 igitur
1237 3677 1378 3741 locorum
1404 3683 1584 3740 vestrorum
1607 3675 1697 3760 quies
1721 3697 1778 3761 per
1802 3675 1865 3739 Dei
1887 3676 2026 3760 gratiam
2049 3683 2137 3740 trau·

318 3784 419 3868 quilla
447 3791 479 3847 et
510 3790 580 3848 tuta
611 3785 762 3870 persistat
792 3784 823 3847 in
849 3785 915 3848 suis
946 3784 1133 3849 reboatum
1157 3784 1328 3848 mobilibus
1352 3805 1450 3870 quam
1474 3784 1689 3848 immobilibus
1707 3785 1794 3868 juste
1818 3785 1880 3848 sibi
1903 3784 2137 3870 pertinentibus

318 3891 350 3953 in
374 3891 522 3955 omnibus
546 3897 578 3955 ct
600 3913 658 3978 per
682 3893 790 3955 omnia
813 3892 877 3956 sint
899 3892 1000 3956 libere
1029 3891 1070 3955 ab
1102 3893 1188 3956 omni
1219 3891 1406 3956 condicione
1438 3898 1534 3976 atque
1569 3891 1699 3955 servitio
1731 3913 1787 3954 seu
1823 3892 1942 3956 tributo
1973 3900 2039 3955 tam
2070 3912 2137 3956 mo-

317 3999 494 4061 nachorum
517 4004 549 4062 et
573 3998 762 4062 clericorum
786 4020 884 4084 quarn
908 3999 1079 4080 laicorum,
1103 3998 1156 4062 vel
1179 3998 1317 4082 alicujus
1340 4007 1407 4062 tam
1430 4019 1529 4084 parve
1557 4019 1654 4083 quam
1678 4019 1795 4083 magne
1818 4020 1954 4083 persone
1977 3997 2058 4081 [sive
2081 3998 2137 4063 do·
2224 4036 2228 4051 ·

318 4105 439 4188 rniui]o,
457 4112 564 4191 preter
584 4106 766 4191 episcopale
788 4107 852 4189 jus.
877 4106 1015 4191 Iusuper
1038 4106 1139 4188 vobis,
1156 4106 1336 4191 vestrisque
1359 4105 1597 4170 successoribus
1621 4108 1851 4192 perpetualiter
1875 4106 2078 4170 concedimus
2101 4114 2138 4170 ut

316 4213 376 4277 lroc
401 4212 603 4298 quodmodo
628 4213 669 4276 ad
690 4215 755 4297 jus,
781 4214 847 4276 sive
880 4213 919 4276 de
945 4214 1019 4298 jure
1043 4221 1172 4277 nostrae
1197 4220 1328 4277 sanctae
1353 4212 1559 4277 bononiensis
1582 4213 1748 4278 Ecclesiae
1772 4214 1898 4279 habetis
1923 4223 1954 4278 et
1979 4213 2139 4296 detinetis,

316 4342 373 4383 seu
397 4321 430 4383 in
453 4320 562 4384 futuro
584 4320 671 4404 juste
696 4320 888 4404 adquisituri
912 4321 999 4402 estis,
1017 4320 1084 4384 sive
1108 4342 1128 4383 a
1152 4321 1405 4405 quibuscumque
1423 4320 1496 4384 aliis
1516 4321 1813 4408 quomodocumque
1830 4322 1922 4386 vobis
1946 4327 2002 4385 aut
2025 4321 2141 4385 vestris

316 4426 553 4491 successoribus
577 4427 699 4512 aliquid
720 4428 807 4511 juste
832 4427 1010 4510 obvenerit,
1027 4449 1084 4491 seu
1109 4448 1170 4511 que
1194 4427 1236 4491 ab
1259 4427 1330 4490 aliis
1355 4427 1498 4492 ecclesiis
1523 4428 1575 4492 vel
1599 4429 1745 4513 personis
1769 4436 1835 4492 tam
1859 4429 2089 4493 monachorum
2109 4435 2142 4492 et

316 4534 515 4616 clericorum,
533 4555 631 4620 quam
655 4534 811 4598 laicorum
833 4534 960 4598 habetis
986 4556 1023 4600 ao
1047 4534 1210 4618 detinetis,
1227 4541 1259 4598 et
1283 4535 1316 4598 in
1340 4541 1437 4598 antea
1458 4537 1545 4618 Juste
1569 4535 1785 4621 adquisieritis
1807 4537 1839 4599 in
1864 4536 1995 4601 decimis
2019 4536 2142 4600 seilicet

317 4643 348 4704 in
372 4641 531 4727 primitiis,
556 4641 587 4705 in
612 4642 684 4704 aliis
709 4642 963 4727 quibuscumque
987 4641 1130 4705 fidelium
1155 4642 1372 4706 oblationibus
1396 4648 1461 4705 tam
1487 4643 1633 4706 vivorum
1658 4664 1754 4728 quam
1778 4643 2012 4726 defunctorum,
2038 4651 2142 4707 terras

317 4770 454 4835 quoque,
479 4750 591 4814 vineas
615 4755 647 4813 et
671 4749 800 4832 oliveta,
823 4749 933 4832 silvas,
950 4771 1023 4813 cum
1047 4748 1149 4835 pratis
1173 4755 1206 4813 ct
1228 4750 1367 4836 pascuis,
1383 4750 1587 4835 piscationes,
1605 4750 1750 4836 paludes,
1768 4772 1879 4836 aquas,
1897 4773 1969 4816 cum
1993 4751 2141 4816 omnibus

317 4856 426 4920 usibus
451 4877 572 4939 aarum,
597 4856 728 4921 colonos
752 4863 785 4920 at
808 4856 993 4942 inquilinos,
1018 4857 1242 4922 domnicatum
1266 4864 1298 4921 et
1320 4857 1513 4941 ordinatum,
1538 4858 1677 4922 divisum
1701 4866 1732 4921 et
1755 4858 1938 4941 indivisum,
1963 4858 2085 4924 cultum
2109 4865 2142 4923 et

317 4963 489 5046 incultum,
515 4964 623 5028 omnia
646 4969 679 5027 et
702 4986 744 5027 ex
768 4964 916 5028 omnibus
941 4984 1013 5027 cunr
1038 4964 1196 5028 universis
1219 4964 1331 5028 usibus
1354 4965 1442 5047 suis,
1466 4972 1532 5029 tam
1557 4965 1726 5030 fructifera
1750 4987 1846 5050 quam
1871 4965 2082 5049 infructifera,
2107 4967 2139 5029 in

316 5071 476 5134 montanis
500 5070 639 5155 danique
663 5077 695 5134 ct
719 5071 752 5134 iu
779 5069 884 5157 planis
918 5076 951 5133 et
978 5070 1171 5156 ubicumque
1200 5070 1295 5135 modo
1326 5071 1493 5155 detinetis,
1518 5071 1571 5136 vel
1595 5093 1796 5159 quocumque
1818 5074 1891 5156 jure
1915 5073 2060 5156 habetis,
2086 5080 2143 5137 aut

318 5179 349 5241 in
373 5178 481 5242 futuro
504 5176 666 5242 habebitis
689 5178 741 5242 vel
765 5177 984 5263 adquisieritis
1008 5200 1080 5242 cum
1104 5178 1223 5264 scripto
1247 5178 1315 5242 sive
1339 5178 1407 5243 siue
1432 5179 1560 5264 scripto.
1581 5178 1653 5243 Hac
1678 5186 1786 5243 autem
1806 5179 1923 5262 omnia,
1941 5181 2024 5244 sicut
2047 5201 2142 5266 supe·

317 5285 383 5348 rios
414 5284 543 5370 legitur,
568 5284 659 5349 vobis
692 5285 871 5369 vestrisque
900 5285 1138 5349 successoribus
1170 5285 1203 5348 in
1234 5285 1339 5349 eidem
1362 5285 1538 5350 Accolesiis
1566 5288 1788 5369 manentibus,
1813 5309 1871 5372 per
1894 5287 1991 5370 hujus
2018 5287 2140 5372 decretj

317 5392 471 5478 paginam
494 5391 625 5474 damus,
651 5391 855 5456 concedimus
887 5399 984 5477 atque
1008 5391 1174 5476 largimur,
1199 5399 1231 5456 ct
1255 5393 1296 5456 ab
1328 5393 1415 5457 omni
1438 5392 1566 5458 vinculo
1598 5394 1665 5458 sive
1696 5394 1855 5477 dominio,
1880 5401 1987 5480 preter
2019 5396 2142 5480 episco-

318 5500 390 5584 pale
412 5500 476 5583 jur,
494 5499 596 5563 libera
613 5505 644 5563 et
661 5499 810 5563 absoluta
835 5498 876 5562 ab
900 5499 987 5564 omni
1011 5500 1250 5564 contradicente
1273 5501 1402 5564 bomine
1427 5521 1497 5565 esse
1522 5501 1716 5587 precipimus
1740 5508 1772 5565 et
1794 5502 1827 5565 in
1851 5511 2042 5588 perpetuum
2067 5525 2141 5567 cou-

317 5606 459 5669 oedimus
483 5612 579 5690 atque
602 5605 778 5670 firmamus.
802 5605 900 5669 Vitae
924 5626 1051 5691 quoque
1076 5606 1229 5671 canonice
1243 5606 1282 5670 (t)
1303 5606 1465 5690 ordinem,
1491 5629 1585 5692 quem
1613 5607 1752 5694 professi
1774 5608 1868 5691 estis,
1892 5609 2051 5694 presentis
2075 5609 2140 5694 pri-

316 5712 427 5797 vilegii
451 5713 642 5778 auctoritate
667 5713 873 5795 roboramus,
898 5713 1079 5776 sancientes
1107 5719 1143 5776 ut
1173 5713 1294 5777 nemini
1325 5715 1408 5777 inter
1438 5736 1495 5778 vos
1526 5714 1726 5800 professione
1758 5716 1903 5780 exhibita
1935 5715 2072 5780 liberum
2100 5715 2142 5780 sit

399 6033 437 6098 (1)
457 6032 563 6084 Alberii
588 6033 686 6100 prioris
711 6032 840 6103 frequens
865 6032 966 6084 mentio
992 6035 1034 6084 est
1059 6033 1086 6083 in
1111 6032 1211 6084 tabulis
1236 6033 1340 6085 archivi
1366 6035 1453 6086 sancti
1479 6035 1589 6087 Ioannis
1613 6036 1641 6086 in
1665 6035 1766 6088 Monte.
1793 6035 1858 6086 Eius
1887 6035 1976 6088 obitus
2002 6036 2030 6086 in
2055 6037 2141 6087 veteri

321 6121 474 6188 Necrolopio
495 6121 692 6173 Coronaeorum
712 6123 800 6173 soracti
819 6121 933 6172 Ioannis
951 6122 980 6172 in
1000 6121 1149 6173 Mactabis
1168 6123 1259 6174 verbis
1277 6128 1387 6175 notatus
1407 6130 1462 6176 est:
1482 6143 1495 6174 e
1523 6124 1584 6176 VII.
1599 6126 1661 6176 idus
1673 6127 1769 6175 rrvarvii
1781 6125 1844 6176 otiu
1861 6125 1987 6176 dominus
2005 6125 2142 6189 Albanius,

321 6213 432 6276 reginus
451 6213 595 6278 epiecopus,
614 6212 661 6278 qui
678 6211 732 6276 fuit
751 6211 834 6262 Prior
852 6216 941 6262 rroster
959 6209 1160 6263 MCCLXII.»

400 6303 439 6366 (2)
459 6301 511 6352 Sic.

399 6391 437 6454 (³)
457 6389 604 6458 Legitur«
625 6388 717 6454 effoeto
737 6404 762 6441 a.

399 6484 438 6548 (4)
458 6481 572 6550 Legitur
593 6497 608 6530 a
628 6482 749 6532 cononica
768 6499 792 6532 r.

437 6747 505 6783 ΤΟΜ.
526 6747 557 6783 ll.
