5490 7750
601 640 674 711 166
1386 657 1630 708 nouuunura

596 814 761 898 Ecclesia,
785 815 870 901 quod
894 815 991 879 vicini
1015 814 1133 879 debent
1156 815 1309 900 recipere,
1334 821 1366 878 et
1390 815 1458 900 ipse
1481 813 1639 899 presbiter
1664 812 1779 876 debeat
1803 812 1848 876 ibi
1870 833 2001 876 manere
2025 833 2083 898 pro
2107 811 2236 877 Abbate
2267 819 2299 876 et
2330 812 2409 877 Fra·

597 923 700 986 tribus
724 929 756 987 et
779 923 893 987 vicinis
916 922 1137 1005 communiter,
1161 921 1303 1008 alioquin
1328 922 1424 986 debet
1448 921 1559 985 Abbas
1582 927 1614 984 et
1637 921 1707 1005 ejus
1731 920 1863 984 Fratres
1883 919 2048 983 communi
2074 919 2245 984 concordia
2268 941 2341 983 cnm
2364 921 2411 984 vi·

598 1030 677 1094 cinis
699 1031 825 1118 prefate
848 1029 992 1094 Ecclesie
1016 1030 1159 1094 invenire
1184 1031 1284 1094 alium
1307 1030 1521 1116 presbiterum
1550 1028 1671 1092 bonum
1693 1035 1725 1092 ct
1748 1027 1910 1114 ydoneum
1933 1027 2018 1091 bona
2042 1025 2114 1108 fide,
2138 1027 2206 1090 sine
2231 1025 2355 1110 fraude,
2380 1035 2412 1092 ct

597 1136 762 1202 dimietere
785 1138 818 1201 in
839 1136 969 1224 prefata
991 1136 1153 1220 Ecclesia,
1171 1137 1225 1222 qni
1247 1137 1363 1201 debeat
1387 1136 1429 1200 ibi
1455 1156 1585 1200 manere
1609 1152 1667 1220 pro
1690 1133 1819 1199 Abbcte
1844 1140 1876 1198 et
1899 1133 2067 1198 Fratribus
2089 1140 2121 1197 et
2140 1133 2254 1198 ricinis
2271 1155 2411 1198 commu·

597 1244 689 1309 niter.
714 1245 833 1309 Actum
858 1246 954 1330 juxta
977 1245 1153 1310 claustrum
1183 1245 1261 1308 dicti
1291 1243 1488 1327 monasterij.
1512 1241 1584 1327 Ego
1608 1241 1765 1324 Ventura,
1783 1241 1945 1328 quondam
1973 1241 2059 1327 regis
2088 1239 2226 1326 Henrigi
2255 1243 2410 1326 notarius,

596 1351 738 1436 interfui,
761 1359 803 1436 et,
827 1359 863 1417 ut
887 1353 1118 1439 suprascritum
1142 1358 1201 1434 est,
1227 1352 1378 1416 mandato
1402 1351 1571 1415 ambarum
1595 1351 1741 1436 parcium
1765 1349 1949 1436 subscripsi.

685 1459 743 1542 (L.
761 1460 783 1542 †
801 1459 847 1542 S.)
871 1459 942 1545 Ego
965 1461 1088 1524 Paulus
1112 1459 1274 1546 quondam
1297 1457 1404 1522 Lentii
1428 1457 1467 1520 de
1492 1457 1615 1542 Cuspis,
1641 1457 1719 1520 civis
1742 1456 1960 1538 bononiensis,
1984 1455 2132 1541 publicus
2157 1456 2334 1541 apostolica
2356 1457 2412 1520 im-

594 1567 711 1654 periali
734 1575 766 1632 at
789 1567 940 1634 Oomunis
963 1567 1110 1633 Bononia
1134 1589 1171 1631 ae
1194 1567 1290 1632 Curia
1314 1565 1506 1652 episcopalis
1529 1564 1737 1628 bononiensis
1761 1564 1951 1628 auctoritate
1976 1563 2130 1646 notarius,
2155 1565 2408 1650 suprascriptum

596 1675 781 1761 exemplum
804 1696 861 1761 per
884 1674 1092 1761 Raynaldum
1115 1674 1276 1738 notarium
1292 1673 1532 1761 infrascriptum
1551 1673 1704 1758 scriptum
1729 1676 1761 1735 et
1784 1671 2003 1756 exemplatum
2027 1692 2046 1734 a
2070 1692 2127 1734 suo
2151 1671 2281 1757 publico
2305 1680 2337 1736 et
2361 1673 2408 1736 in·

595 1788 772 1847 strumento
797 1782 959 1847 autentico
983 1781 1155 1866 antedicto,
1175 1783 1208 1846 in
1231 1781 1393 1868 presentia
1416 1780 1611 1846 venerabilis
1634 1779 1696 1864 uirj
1721 1779 1841 1862 dominj
1865 1777 1997 1843 Andree
2021 1777 2060 1842 de
2083 1777 2234 1861 Suncino,
2251 1779 2408 1865 licentiatj

595 1890 629 1953 in
649 1891 723 1975 jure
747 1889 911 1971 canonico,
928 1889 1098 1974 reverendj
1122 1890 1156 1953 in
1179 1887 1306 1954 Christo
1329 1888 1437 1953 Patris
1454 1889 1575 1972 dominj
1592 1887 1813 1970 Bartholomej
1837 1885 1901 1970 Dej
1925 1892 1957 1949 ct
1980 1885 2177 1971 apostolicae
2195 1885 2288 1950 Sedis
2304 1887 2410 1972 gratia

595 1995 748 2084 Episcopi
770 1996 915 2061 Bononia
931 1995 1055 2080 Viearij
1079 1997 1249 2082 generalis,
1266 2017 1331 2060 una
1352 2017 1425 2059 eum
1447 1995 1468 2060 J
1471 1996 1597 2060 ohanne
1621 2001 1653 2058 et
1674 1993 1847 2079 Rayneldo
1865 1993 1999 2076 notarijs
2016 1991 2240 2080 infrascriptis,
2257 1993 2325 2078 ridj
2342 1995 2409 2080 legi

596 2104 767 2189 diligenter
782 2125 820 2168 ac
835 2103 972 2168 fideliter
988 2104 1184 2189 abscultavj3
1206 2110 1238 2168 et
1254 2104 1329 2189 quia
1345 2103 1430 2167 idem
1446 2103 1593 2167 dominus
1606 2101 1755 2166 Viearins
1771 2101 1852 2164 vidit
1868 2107 1900 2166 et
1916 2101 2068 2186 cognovit
2083 2099 2203 2164 dietum
2220 2102 2406 2189 exemplum

595 2231 668 2274 cum
691 2211 775 2275 dicto
799 2211 985 2275 authentico
1008 2211 1220 2274 instrumento
1244 2231 1301 2296 per
1323 2210 1430 2273 omnia
1454 2207 1659 2290 concordare,
1679 2213 1714 2272 ut
1737 2207 1800 2293 ipsi
1822 2208 1972 2293 exemplo
1996 2214 2163 2293 tamquam
2196 2207 2409 2274 instrumento

595 2318 739 2405 predicto
756 2317 947 2382 adhibeatur
963 2318 1133 2403 deceptcro
1155 2318 1252 2403 plena
1274 2317 1364 2399 fides,
1381 2338 1473 2380 snam
1496 2323 1528 2380 et
1551 2315 1753 2402 Episcopalis
1774 2315 1870 2380 Curia
1890 2315 2096 2380 bononiensis
2113 2315 2339 2379 anctoritatem
2362 2317 2410 2380 in-

595 2426 752 2511 terposuit
767 2432 800 2489 et
816 2425 990 2508 decretum,
1007 2425 1164 2489 mandans
1180 2425 1278 2488 michi
1292 2424 1397 2488 Paulo
1414 2425 1538 2488 notario
1559 2430 1594 2486 ut
1610 2424 1683 2487 huic
1700 2423 1849 2510 exemplo
1865 2443 1916 2487 me
1933 2423 2134 2486 subscribere
2151 2422 2301 2506 debeam,
2319 2424 2410 2488 euius

595 2531 716 2597 domini
739 2532 862 2618 Vicarij
886 2532 1039 2597 mandato
1062 2533 1114 2596 bic
1138 2552 1188 2595 me
1213 2531 1387 2617 subscripsi
1409 2531 1555 2595 Bononia
1580 2533 1613 2595 in
1637 2531 1813 2617 episcopalj
1842 2531 1979 2616 palacio,
2002 2530 2206 2616 presentibus
2230 2532 2409 2618 presbitero

595 2639 745 2705 Johanne
773 2640 812 2705 de
840 2641 993 2726 Duglolo,
1018 2647 1143 2704 rectore
1166 2639 1360 2727 paroehialis
1384 2639 1518 2704 ecclesie
1542 2640 1645 2722 sanctj
1670 2638 1791 2722 Donatj
1815 2637 2032 2720 bononiensis,
2056 2638 2224 2702 Bernardo
2248 2639 2411 2724 quondam

595 2746 711 2813 Jacobi
733 2748 774 2812 de
796 2748 958 2834 Ulgiano,
983 2748 1108 2812 notario
1131 2748 1216 2811 dicte
1241 2746 1354 2828 Curia,
1378 2753 1410 2811 et
1432 2746 1663 2811 Bartholomeo
1687 2745 1726 2810 de
1755 2745 1971 2831 Primaditijs,
1995 2746 2111 2811 clerico
2143 2745 2277 2810 ecclesie
2308 2747 2411 2811 sancti

596 2854 687 2919 Petri
710 2855 749 2919 de
772 2855 975 2940 Bagnarola,
998 2854 1212 2919 Bononiensis
1236 2853 1389 2936 diocesis,
1414 2853 1549 2918 testibus
1573 2852 1614 2916 ad
1637 2852 1795 2939 premissa
1818 2854 1940 2918 vocatis
1969 2861 2002 2916 et
2026 2853 2158 2939 rogatis.
2184 2851 2251 2916 Sub
2275 2853 2368 2917 annis
2393 2875 2412 2918 a

595 2963 764 3027 nativitate
788 2962 919 3028 Domini
944 2963 1046 3048 nostrj
1068 2962 1171 3026 Jhesu
1188 2960 1307 3026 Christi
1323 2961 1492 3025 millesimo
1509 2961 1732 3025 trecentesimo
1750 2961 1959 3045 nonagesimo
1976 2961 2098 3046 quinto,
2115 2960 2288 3024 indictione
2305 2962 2410 3044 tertia,

596 3069 647 3133 die
671 3076 786 3155 quarto
810 3069 928 3134 mensis
946 3069 1101 3154 januarij,
1118 3069 1322 3155 pontificatus
1339 3067 1460 3152 dominj
1486 3069 1588 3154 nostrj
1612 3067 1733 3152 dominj
1757 3066 1913 3152 Bonifatij
1939 3089 2021 3154 pape
2046 3067 2114 3154 viiij
2139 3089 2224 3132 anno
2241 3069 2371 3154 quinto(
2390 3069 2410 3134 l.

1471 3390 1534 3454 Xl.

1279 3631 1282 3640 ·
1327 3604 1424 3688 1199,
1448 3605 1491 3668 23
1511 3604 1681 3687 februarii.

923 3818 975 3883 Ex
997 3819 1129 3884 archivo
1151 3818 1317 3884 Ecclesiae
1341 3817 1610 3904 Metropolitanae
1634 3819 1820 3882 ravennatis
1843 3817 1889 3900 1.‚
1914 3840 1944 3882 n.
1971 3821 2070 3883 4180.

680 4034 719 4099 In
751 4034 870 4100 Christi
893 4035 1031 4116 nomine,
1056 4033 1108 4099 die
1131 4034 1253 4116 martis,
1278 4033 1333 4118 qui
1356 4032 1418 4096 fuit
1441 4039 1552 4096 sextus
1576 4040 1715 4096 exeunte
1739 4030 1913 4114 februario,
1939 4032 1971 4094 in
1996 4032 2159 4118 presentia
2183 4032 2325 4120 episcopi
2357 4057 2409 4100 co·

591 4142 772 4227 molensis,
790 4142 955 4207 Guillelmi
980 4142 1019 4206 de
1042 4141 1184 4229 Mapello
1207 4148 1239 4206 et
1258 4141 1412 4206 Iohannis
1426 4139 1544 4224 judicis
1568 4139 1607 4202 de
1632 4138 1758 4222 Cremo,
1775 4139 1895 4204 domini
1911 4141 2044 4204 Azulini
2061 4139 2256 4205 marchionis
2273 4141 2312 4204 da
2329 4141 2407 4206 Este

591 4254 624 4313 et
639 4249 776 4313 aliorum
794 4249 949 4337 plurium,
966 4250 998 4313 in
1022 4256 1127 4314 castro
1143 4249 1294 4330 Arzente,
1312 4247 1458 4312 dominus
1474 4247 1597 4332 Ugutio
1614 4247 1783 4332 episcopus
1800 4247 1931 4311 Feraria
1948 4247 1981 4310 in
1998 4247 2169 4312 concordia
2193 4254 2225 4312 et
2241 4249 2408 4313 voluntate

592 4356 712 4421 domini
736 4355 901 4421 Guillelmi
923 4357 1157 4443 archiepiscopi
1179 4355 1336 4420 Ravenne
1360 4361 1392 4419 et
1415 4355 1536 4418 domini
1562 4354 1696 4418 Henrici
1721 4354 1862 4440 episcopi
1887 4354 2020 4418 Mantua
2052 4357 2165 4418 statuit
2189 4361 2222 4420 et
2246 4356 2407 4421 ordinavit

592 4463 788 4549 colloquium
815 4483 835 4526 a
862 4463 913 4527 die
937 4463 1096 4528 dominico
1120 4463 1267 4549 proximo
1291 4467 1426 4527 venturo
1450 4483 1551 4547 usque
1576 4461 1617 4524 ad
1642 4468 1708 4524 tres
1732 4460 1916 4544 edomadas,
1942 4461 1982 4526 ad
2008 4461 2093 4546 quod
2116 4462 2310 4548 colloquium
2335 4485 2408 4548 pre·

592 4571 677 4656 cepit
700 4592 758 4657 per
782 4578 1018 4635 sacramentum
1041 4571 1201 4635 Potestati
1222 4569 1378 4634 Ravenna
1411 4576 1443 4634 et
1474 4569 1633 4632 Potestati
1657 4567 1789 4632 Mantua
1822 4575 1858 4632 ut
1887 4590 1959 4633 cum
1987 4571 2053 4633 suis
2078 4570 2343 4634 ambaxatoribus
2374 4571 2408 4634 in

592 4677 662 4742 loco
686 4678 814 4764 Regum
826 4677 865 4742 (2)
890 4677 1093 4761 adcederent,
1117 4684 1149 4742 et
1172 4678 1316 4763 precepit
1337 4677 1497 4741 Potestati
1519 4675 1651 4740 Feraria
1675 4683 1711 4738 ut
1734 4675 1776 4738 ad
1800 4677 1978 4761 predictum
2003 4677 2200 4762 colloquium
2225 4677 2312 4763 apud
2336 4677 2407 4742 Mu·

592 4785 694 4849 tinam
717 4809 789 4851 cum
813 4787 878 4851 suis
903 4784 1167 4850 ambaxatoribus
1191 4784 1303 4848 adesse
1327 4783 1475 4866 debeant,
1492 4784 1537 4847 ita
1561 4783 1646 4868 quod
1670 4783 1753 4846 inter
1776 4790 1945 4868 utramque
1962 4783 2125 4848 civitatem
2149 4785 2247 4848 simul
2273 4807 2308 4849 se
2333 4807 2408 4850 con-

591 4895 748 4958 venirent.
773 4893 910 4980 Insuper
940 4893 1097 4979 parabola
1128 4892 1273 4976 ejusdem
1304 4890 1424 4956 domini
1455 4890 1700 4977 Archiepiscopi
1734 4898 1767 4954 et
1799 4889 1952 4976 Episcopi
1983 4891 2160 4974 dillatavit,
2190 4899 2222 4956 et
2253 4893 2406 4978 pretinxit

591 4983 740 5087 treugam
753 5002 792 5065 (3)
816 5002 899 5065 inter
922 5000 1082 5088 predictas
1104 5000 1260 5081 civitates,
1276 4999 1426 5064 uidelicet
1443 4999 1525 5062 inter
1540 4999 1731 5062 Ravennam
1754 5004 1787 5061 et
1811 4997 1989 5081 Mantuam,
2007 5020 2048 5063 ex
2072 5020 2137 5062 una
2153 5006 2255 5084 parte,
2273 5006 2306 5064 et
2328 5000 2406 5064 Fer·

592 5110 752 5173 rsrienses
773 5131 814 5173 ex
835 5109 948 5190 altera,
965 5129 1066 5193 usque
1083 5107 1125 5170 ad
1141 5114 1291 5171 octavum
1310 5104 1420 5191 die[m]
1436 5105 1538 5170 Pasce
1554 5105 1780 5170 resurectionis
1804 5105 1943 5191 proximi
1959 5106 2127 5189 venientis,
2145 5106 2320 5171 secundnm
2341 5129 2408 5171 mc·

593 5217 669 5281 dum
692 5224 725 5281 et
748 5216 895 5280 ordinem
919 5215 1051 5280 alterius
1075 5221 1188 5300 treuge
1213 5213 1348 5278 condam
1373 5213 1530 5299 Gaybane
1554 5219 1744 5295 constatnte,
1769 5233 1866 5297 quam
1889 5219 2038 5298 treugam
2060 5213 2203 5299 predicte
2224 5213 2408 5279 Potestates

593 5345 653 5410 pro
677 5325 743 5388 suis
763 5324 857 5387 terris
881 5329 914 5387 et
937 5323 1126 5388 comunibus
1142 5328 1342 5408 receperunt,
1359 5328 1392 5386 et
1414 5320 1539 5384 firmam
1554 5319 1675 5384 habere
1691 5321 1915 5406 promiserunt.
1932 5319 2103 5385 Millesimo
2121 5320 2156 5385 Ο.
2173 5320 2409 5406 monagesimo]

591 5453 687 5515 nono,
712 5430 885 5496 indictione
909 5428 1060 5494 secunda.

672 6339 711 6404 (l)
733 6337 889 6408 Sequuntur
909 6337 1122 6405 subscriptiones
1142 6335 1276 6388 Johannis
1296 6335 1431 6404 quondam
1451 6334 1562 6386 Martini
1582 6334 1614 6385 de
1635 6333 1733 6384 Duiolc
1754 6335 1780 6383 et
1799 6331 1933 6401 Rayualdi
1951 6333 2090 6385 Conracini
2110 6334 2142 6386 de
2162 6332 2342 6402 Formaglinis
2359 6331 2411 6384 Co·

592 6429 681 6482 munis
701 6431 729 6480 et
748 6427 847 6480 Curiae
867 6427 1031 6496 episcopalis
1050 6425 1258 6477 bononiensium
1277 6424 1453 6476 notariorum.
1473 6425 1525 6490 (n.)

672 6516 887 6584 &afflffls
