5484 7746
603 656 678 728 220
1388 677 1628 728 noxunnxrn

601 833 703 896 roluit
727 839 758 895 et
782 831 939 916 disposuit
963 830 1046 916 quod
1072 831 1185 894 domus
1209 831 1279 915 ejus
1302 831 1408 917 posita
1432 832 1464 895 in
1489 832 1643 918 parochia
1667 835 1769 896 sancti
1793 833 1960 898 Michaelis
1981 835 2021 898 de
2037 835 2213 917 Boccaziis,
2231 857 2326 920 qaam
2344 837 2420 900 omit

600 941 762 1027 quondam
786 962 805 1004 a
829 940 958 1004 domino
981 939 1181 1004 Munsarello
1204 939 1318 1003 Alietti
1340 941 1436 1028 juxta
1460 941 1529 1002 vias
1553 962 1572 1004 a
1596 941 1699 1004 tribus
1723 941 1889 1025 lateribus,
1914 951 1946 1006 et
1967 943 2064 1026 juxta
2087 943 2221 1008 heredes
2245 943 2420 1008 Rolandini

600 1049 639 1113 de
665 1049 805 1112 Curariis
831 1048 919 1112 nullo
943 1054 1087 1133 tempore
1111 1047 1143 1110 in
1167 1055 1359 1132 perpetuum
1391 1049 1491 1134 possit
1523 1048 1638 1130 vendi,
1663 1049 1714 1112 vel
1739 1049 1895 1134 obligari,
1920 1057 1976 1114 aut
1999 1050 2153 1133 alienari,
2177 1051 2230 1114 vel
2253 1051 2316 1114 alio
2342 1073 2419 1136 quo·

601 1177 736 1241 cumque
760 1155 866 1237 modo,
891 1156 943 1220 vel
966 1162 1133 1219 contractu
1157 1155 1189 1218 in
1214 1155 1313 1217 alium
1337 1155 1515 1238 transferri,
1534 1163 1582 1218 set
1606 1156 1723 1220 debeat
1746 1156 1832 1222 diota
1856 1157 1969 1222 domus
1992 1165 2148 1244 perpetuo
2173 1159 2338 1222 annuatim
2363 1180 2420 1245 per

599 1264 746 1328 Priorem
771 1269 947 1327 conventus
970 1262 1124 1326 Fratrum
1147 1261 1250 1326 sancti
1273 1261 1442 1326 Michaelis
1467 1263 1506 1326 de
1530 1262 1671 1344 Buscho,
1696 1263 1751 1349 qui
1774 1286 1832 1350 pro
1856 1270 2000 1350 tempore
2024 1264 2131 1347 fuerit,
2156 1265 2255 1330 locari
2279 1266 2320 1328 ad
2342 1287 2419 1352 peu·

600 1371 743 1452 sionem,
769 1377 801 1434 et
824 1371 936 1456 pensio
961 1369 1050 1454 exigi
1074 1391 1131 1455 per
1155 1390 1249 1451 eum,
1274 1369 1325 1432 vel
1350 1391 1408 1454 per
1431 1371 1503 1453 ejus
1526 1377 1786 1456 procuratorem,
1812 1371 1866 1456 qui
1889 1370 1984 1434 Prior
2014 1370 2130 1435 debeat
2163 1371 2306 1456 quolibet
2337 1393 2420 1436 anno

600 1479 651 1543 die
676 1478 889 1562 anniversarij
913 1477 1013 1563 ipsius
1037 1477 1200 1540 testatoris
1223 1498 1280 1562 pro
1305 1477 1414 1540 anima
1446 1498 1505 1540 sua
1538 1477 1641 1564 ipsam
1671 1477 1858 1562 pensionem
1890 1477 2081 1542 distribuere
2113 1485 2146 1542 et
2176 1499 2328 1564 arrogare
2359 1480 2419 1544 hoo

599 1587 712 1668 mod03
737 1585 888 1649 videlicet
911 1584 1116 1648 medietatem
1141 1584 1240 1670 ipsius
1264 1584 1428 1669 pensionis
1461 1584 1615 1648 exhibere
1646 1585 1818 1649 conventui
1849 1585 1999 1650 Fratrum
2023 1584 2186 1650 Minorum
2209 1586 2364 1670 Bononie,
2388 1593 2420 1651 et

600 1695 698 1758 aliam
721 1693 927 1756 medietatem
950 1713 1008 1756 suo
1033 1691 1204 1755 conventui
1228 1691 1331 1755 sancti
1355 1690 1524 1755 Michaelis
1548 1691 1588 1756 de
1613 1692 1762 1774 Buscho,
1787 1700 1822 1756 ut
1854 1693 1914 1779 ipsi
1943 1699 2120 1758 conventas
2143 1693 2320 1780 predictam
2344 1715 2419 1780 pen-

600 1803 722 1866 sionem
748 1801 905 1881 habeant,
931 1807 963 1862 et
986 1799 1018 1861 in
1041 1798 1249 1862 refectionem
1274 1798 1425 1862 Fratrum
1450 1821 1580 1862 suorum
1606 1805 1812 1882 convertant,
1837 1807 1869 1863 et
1893 1807 2064 1864 teneantur
2086 1800 2163 1865 dicti
2187 1809 2363 1866 conventus
2386 1802 2419 1865 in

600 1909 651 1973 die
676 1908 889 1993 anniversarij
914 1908 984 1992 ejus
1009 1906 1144 1991 singulis
1169 1907 1263 1969 anais
1286 1906 1441 1991 exequias
1465 1905 1572 1970 lacere
1595 1928 1653 1992 pro
1678 1907 1786 1970 anima
1805 1907 1905 1992 ipsius
1921 1907 2095 1972 testatoris.
2115 1907 2149 1971 Si
2166 1915 2272 1972 autem
2289 1908 2419 1972 Fratres

599 2017 702 2082 sancti
725 2014 893 2078 Michaelis
917 2014 956 2077 de
980 2013 1110 2077 Buscho
1135 2013 1295 2077 voluerint
1319 2015 1352 2076 in
1376 2013 1462 2077 dicta
1486 2013 1579 2076 domo
1604 2013 1777 2078 recondere
1801 2013 1943 2096 bladum,
1960 2015 2013 2078 vel
2030 2013 2094 2078 alia
2110 2037 2168 2100 pro
2186 2037 2296 2080 eoram
2314 2037 2417 2080 como·

600 2125 711 2204 ditate,
728 2123 840 2204 voluit,
858 2121 943 2208 quod
967 2121 1090 2208 possint
1114 2120 1347 2185 habitationem
1370 2128 1402 2184 et
1425 2142 1518 2184 usum
1540 2121 1641 2207 ipsius
1657 2121 1770 2184 domus
1787 2121 1917 2202 habere,
1935 2121 2040 2186 dando
2058 2129 2090 2186 et
2106 2122 2260 2188 solvendo
2278 2123 2420 2208 quolibet

600 2254 699 2313 anno,
724 2253 787 2316 quo
812 2251 884 2293 eam
907 2229 1027 2292 habere
1052 2235 1084 2292 ct
1108 2229 1154 2292 ati
1178 2229 1338 2292 volueriut
1362 2250 1419 2313 pro
1444 2251 1497 2310 se,
1522 2229 1632 2292 decem
1661 2228 1760 2292 libras
1791 2229 2034 2293 bononeuorum
2065 2231 2238 2294 conventui
2268 2230 2419 2295 Fratrum

598 2340 761 2404 Miaorum
783 2337 930 2401 Bononie
953 2342 1097 2422 tompore
1122 2335 1172 2399 sui
1196 2336 1421 2420 anniversarij.
1434 2358 1492 2422 pro
1517 2336 1691 2400 refectione
1715 2337 1856 2422 ipsorum
1874 2335 2035 2401 Fratrum.
2053 2336 2148 2412 Quod
2164 2337 2191 2401 si
2207 2337 2302 2401 Prior
2317 2339 2419 2402 sancti

599 2445 768 2508 Michaelis
792 2444 831 2507 de
855 2442 984 2507 Busoho
1009 2442 1069 2506 hoc
1093 2442 1242 2523 noluerit,
1259 2442 1312 2506 vel
1337 2443 1478 2506 renuerit
1503 2441 1619 2524 facere,
1643 2443 1793 2506 succedat
1817 2443 1847 2506 ei
1870 2443 1903 2506 in
1927 2442 1988 2507 hoo
2011 2443 2170 2529 hospitale
2193 2444 2296 2507 sancti
2319 2444 2418 2527 Petri,

599 2560 632 2618 et
656 2560 844 2638 procurator
868 2551 1013 2636 ejusdem
1036 2549 1215 2635 hospitalis,
1234 2550 1288 2635 qui
1312 2549 1375 2613 ista
1391 2549 1462 2631 sibi,
1481 2556 1512 2614 et
1529 2549 1681 2635 hospitali
1697 2571 1754 2613 suo
1772 2572 1830 2635 pro
1847 2551 1989 2632 dimidia,
2007 2559 2039 2615 et
2054 2550 2223 2615 Fratribus
2241 2551 2419 2616 Minoribus

599 2682 657 2747 pro
682 2660 746 2722 alia
771 2658 903 2721 dimidia
926 2658 1056 2739 habeat,
1073 2663 1109 2720 ut
1133 2657 1253 2720 dictum
1277 2664 1335 2739 est,
1354 2663 1385 2720 et
1409 2656 1525 2720 debeat
1549 2678 1722 2742 procurare
1751 2663 1784 2721 et
1807 2658 1840 2720 in
1863 2657 1924 2723 hoc
1948 2658 2098 2722 benefitio
2118 2666 2150 2722 et
2168 2660 2241 2743 jure
2258 2659 2418 2744 predictos

600 2768 785 2833 Conventus
808 2765 985 2846 Minorum,
1010 2770 1042 2829 et
1072 2765 1176 2828 sancti
1199 2764 1368 2828 Michaelis
1392 2764 1431 2828 de
1455 2764 1603 2846 Buscho,
1628 2765 1656 2827 si
1678 2764 1773 2828 Prior
1797 2765 1897 2850 ipsius
1921 2773 2097 2830 conventus
2121 2766 2266 2852 predicta
2290 2766 2418 2848 lecerit3

600 2875 743 2960 alioquin
767 2875 837 2937 loco
862 2873 912 2935 sui
935 2871 1056 2936 dietum
1079 2872 1238 2957 hospitale
1267 2873 1370 2936 sancti
1401 2871 1491 2935 Petri
1520 2871 1581 2934 sibi
1604 2871 1740 2936 heredes
1771 2872 1909 2936 instituit
1941 2880 2002 2936 etc.
2027 2872 2101 2936 fidei
2132 2873 2367 2937 commissarios
2381 2875 2419 2938 (ll

600 3005 685 3064 suos,
702 2990 735 3046 et
757 2981 854 3065 hujus
878 2980 928 3043 sui
951 2979 1136 3043 testamenti
1159 2987 1348 3042 executores
1373 2980 1548 3061 constituit,
1566 2986 1598 3042 et
1622 2979 1759 3064 reliquid
1784 2979 1823 3042 ad
1848 2979 1992 3066 predicta
2009 2981 2116 3044 omnia
2132 2981 2280 3045 facienda
2297 2987 2329 3044 et
2344 3002 2420 3044 exe·

601 3091 728 3176 quenda
752 3089 899 3153 Priorem
923 3088 1026 3151 sancti
1048 3087 1217 3151 Michaelis
1234 3087 1272 3150 de
1290 3087 1429 3168 Buscho,
1448 3094 1479 3150 et
1495 3086 1642 3150 Priorem
1660 3087 1762 3150 sancti
1778 3086 2000 3152 Bartholomei
2024 3095 2115 3174 porte
2138 3088 2349 3170 Ravennatis,
2366 3088 2420 3174 qui

599 3219 657 3284 pro
682 3205 825 3282 tempore
850 3195 979 3276 fuerint,
996 3201 1028 3257 et
1052 3194 1186 3258 fratrem
1210 3194 1339 3275 Carum,
1357 3201 1388 3257 et
1412 3193 1547 3258 fratrem
1571 3193 1760 3276 [Clarclnm]
1781 3201 1914 3279 nepotes
1931 3217 2015 3278 suos,
2033 3201 2065 3260 et
2082 3195 2227 3259 dominos
2243 3194 2420 3279 Ugolinum

599 3305 638 3369 de
662 3304 816 3384 Mamas,
841 3302 1013 3366 Albertum
1037 3301 1076 3364 de
1100 3300 1289 3386 Piocigottis
1313 3307 1345 3364 ct
1368 3301 1528 3365 Aliottum
1552 3299 1740 3386 [quondam]
1765 3300 1885 3364 domini
1908 3301 2098 3366 Mnusarelli
2123 3309 2183 3366 etc.
2209 3309 2282 3388 post
2304 3303 2364 3366 hcc
2388 3303 2418 3364 in

598 3412 662 3476 fine
687 3412 731 3474 sio
757 3409 924 3496 disposuit.
949 3408 988 3472 In
1013 3408 1160 3472 omnibus
1184 3409 1255 3471 aliis
1280 3409 1348 3471 suis
1372 3408 1463 3472 bonis
1487 3408 1659 3472 mobilibus
1683 3415 1714 3470 et
1737 3407 1965 3490 hnarobilibus,
1983 3415 2015 3472 et
2028 3409 2166 3492 juribus,
2183 3417 2215 3474 et
2239 3409 2419 3473 actionibus

597 3519 659 3583 sibi
684 3516 940 3604 competentibus
964 3523 996 3579 et
1021 3516 1240 3600 competitoris
1265 3515 1444 3596 Iulianum,
1468 3515 1659 3578 Federicum
1683 3521 1715 3579 et
1740 3514 1953 3600 Synicardum
1977 3515 2060 3580 filios
2083 3515 2245 3602 quondam
2264 3515 2420 3601 Rayuerii

598 3628 652 3691 aui⁴
671 3626 780 3690 fratris
804 3645 862 3710 pro
887 3623 982 3687 tertia
1006 3630 1097 3708 parte
1119 3622 1277 3708 equaliter
1305 3623 1388 3686 iuter
1416 3643 1470 3686 eos
1498 3622 1686 3705 dividenda,
1715 3629 1747 3686 et
1776 3622 1989 3707 Synicardum
2016 3623 2118 3686 lilium
2145 3623 2307 3708 quondam
2335 3622 2419 3688 Tho-

598 3734 699 3817 maxij
724 3733 774 3796 sui
797 3732 906 3795 fratris
930 3752 988 3816 pro
1014 3731 1078 3793 alia
1102 3730 1198 3820 tertia
1222 3737 1325 3815 parte,
1342 3737 1374 3793 et
1398 3730 1672 3812 Boaaveaturam,
1690 3737 1721 3792 et
1745 3729 1957 3793 Jacobazium
1980 3729 2063 3794 lilios
2086 3730 2206 3794 domini
2229 3729 2419 3815 Aldegherii

597 3842 707 3906 fratris
731 3839 782 3902 sui
804 3859 862 3924 pro
888 3839 1012 3923 reliqua
1037 3838 1132 3900 tertia
1156 3844 1248 3922 parte
1273 3837 1334 3900 sibi
1357 3837 1493 3900 heredes
1517 3837 1654 3900 instituit
1678 3845 1738 3901 eto.

688 3948 806 4012 Actum
830 3945 891 4008 fuit
914 3951 1142 4008 testamentum
1166 3944 1363 4030 predictum,
1389 3944 1421 4007 in
1446 3965 1508 4029 qao
1532 3943 1676 4030 predicta
1705 3946 1918 4027 continentur,
1943 3945 1976 4008 in
2001 3945 2152 4008 chamera
2176 3944 2275 4030 ipsius
2299 3943 2419 4008 domini

596 4054 874 4140 Archipresbiteri
898 4052 985 4138 apud
1008 4051 1177 4115 ecclesiam
1201 4051 1288 4114 beati
1311 4051 1402 4115 Petri
1425 4051 1572 4114 Bononie
1596 4051 1629 4114 in
1652 4053 1815 4137 presentia
1839 4052 1971 4137 dompni
1990 4051 2166 4116 Petroboni
2182 4051 2353 4137 presbiteri
2369 4072 2418 4116 sa·

598 4163 693 4228 criste
718 4162 802 4225 dicte
826 4159 961 4224 ecclesie
986 4158 1040 4244 qui
1064 4158 1185 4221 dictum
1209 4164 1397 4222 testatorem
1420 4157 1503 4221 dixit
1526 4179 1560 4221 se
1591 4180 1803 4243 cognoscere3
1827 4159 2030 4245 presentibus
2063 4157 2192 4222 domino
2216 4158 2358 4243 Ugoliao
2388 4166 2420 4222 et

597 4270 727 4334 domino
751 4268 912 4352 Folingno
937 4266 1100 4330 canonicis
1124 4265 1387 4348 bononiensibus,
1411 4265 1590 4351 presbitero
1615 4265 1789 4330 Formento
1813 4272 1846 4330 et
1868 4266 2005 4330 dominis
2030 4265 2171 4329 Consilio
2188 4272 2220 4328 et
2235 4265 2313 4328 Pari
2330 4287 2418 4329 man-

598 4376 747 4441 sionariis
771 4375 918 4439 Ecclesia
942 4373 1160 4455 bononiensis,
1177 4373 1277 4436 fratre
1303 4372 1463 4438 Goradino
1488 4373 1527 4436 de
1552 4371 1711 4436 Cremona
1734 4373 1774 4437 dc
1799 4373 1920 4437 Ordine
1944 4373 2116 4455 Minorum,
2133 4372 2312 4458 presbitero
2336 4373 2419 4437 Zan-

597 4483 682 4548 bono
708 4482 747 4546 de
771 4489 883 4545 sancto
907 4481 1048 4546 Martiao
1073 4480 1112 4543 de
1136 4480 1272 4566 Apoxa,
1295 4481 1474 4566 presbitero
1498 4481 1648 4544 Iohanne
1682 4481 1860 4567 cappalano
1891 4481 1968 4545 dicti
1999 4479 2121 4544 domini
2147 4479 2419 4564 Archipresbiteri

597 4599 630 4656 et
655 4591 796 4676 Symone
820 4588 954 4674 Ugolini
978 4588 1017 4651 de
1042 4587 1203 4651 Castaldis
1228 4587 1353 4652 notario
1378 4595 1409 4651 et
1433 4595 1510 4652 tuno
1534 4587 1575 4651 ad
1600 4588 1800 4652 memorialia
1824 4588 1989 4674 deputato,
2009 4586 2144 4650 testibus
2169 4608 2188 4650 a
2211 4587 2297 4650 dicto
2321 4593 2418 4651 testa-

597 4706 666 4762 tore
690 4697 823 4781 rogatis.

688 4803 774 4885 (L.†
792 4803 839 4884 S.)
864 4802 935 4886 Ego
959 4801 1149 4866 Leonardus
1173 4801 1336 4888 quondam
1359 4801 1531 4865 Bonricini
1554 4800 1727 4884 Leonardi,
1745 4801 1905 4888 imperiali
1929 4801 2120 4865 auctoritate
2141 4800 2296 4882 notarius,
2313 4799 2419 4885 predi·

598 4919 683 4976 ctam
707 4917 834 4996 partem
859 4909 1043 4973 testamenti
1067 4909 1167 4994 ipsius
1190 4909 1338 4994 magistri
1363 4909 1523 4972 Sinicardi
1547 4916 1643 4994 prout
1666 4909 1913 4993 inntestamento
1931 4930 1988 4973 suo
2005 4908 2124 4990 inveni,
2141 4929 2183 4971 ex
2198 4905 2421 4992 rogationibus

598 5001 676 5083 dicti
700 5019 763 5082 mei
787 5019 889 5102 patris
913 5038 955 5079 ex
979 5016 1170 5080 auctoritate
1195 5017 1291 5080 michi
1316 5037 1468 5080 concessa
1492 5037 1548 5102 per
1573 5037 1708 5080 comune
1732 5016 1878 5080 Bononie
1903 5016 1948 5079 ita
1972 5014 2170 5102 exemplavi,
2194 5013 2308 5100 scripsi
2331 5015 2419 5077 etin

597 5127 762 5213 publicam
786 5125 924 5189 sormam
948 5123 1058 5208 redegi
1083 5131 1115 5187 et
1139 5123 1314 5210 subscripsi
1338 5130 1370 5188 et
1394 5123 1522 5208 signavi
1545 5130 1605 5187 etc.

1465 5389 1562 5454 VIII.

1334 5587 1430 5669 1279,
1457 5587 1499 5649 13
1522 5585 1696 5651 decembris,

604 5788 657 5852 Ex
680 5787 780 5850 Aroh.
805 5785 894 5849 Max.
918 5784 1009 5866 bon,
1035 5783 1067 5846 in
1093 5782 1223 5847 Memor.
1247 5783 1379 5867 Corma,
1403 5783 1500 5847 Mem.
1525 5782 1685 5847 Iohannis
1704 5775 1896 5846 ‘Bouacosae
1921 5780 2105 5862 CavalleriI,
2132 5781 2228 5862 lava,
2253 5801 2280 5843 c.
2301 5782 2363 5844 166
2387 5801 2419 5844 v.

688 5981 927 6065 [Meclxxviiij.]
951 5980 1013 6044 Die
1039 5980 1189 6044 mercurii
1213 5979 1282 6062 xiij.
1308 5979 1448 6044 intrante
1473 5978 1645 6042 decembri.

687 6093 740 6165 (Π
755 6088 960 6153 Venerabilis
985 6095 1077 6175 pater
1100 6088 1248 6152 dominus
1272 6087 1373 6151 frater
1397 6086 1628 6166 Thedcriehus‚
1646 6086 1814 6171 episcopus
1832 6083 2015 6164 corsiensis,
2032 6081 2155 6146 habens
2171 6080 2302 6167 plenam
2321 6080 2420 6145 licen-

597 6199 677 6264 tiam
701 6205 733 6262 et
756 6196 1002 6260 irrevocabilem
1026 6202 1220 6281 potestatem
1244 6216 1263 6258 a
1287 6194 1450 6258 canonicis
1475 6200 1507 6257 et
1530 6192 1671 6278 capitulo
1688 6191 1788 6277 ipsius
1803 6189 1947 6255 Ecclesia
1965 6189 2138 6252 cerviensis
2155 6209 2251 6273 super
2271 6187 2333 6251 hiis
2357 6208 2421 6273 que

597 6305 630 6370 in
654 6305 797 6392 presenti
820 6305 1034 6367 instrumento
1057 6303 1273 6385 contineatur,
1298 6302 1379 6365 sicut
1404 6305 1517 6385 aparet
1541 6321 1582 6363 ex
1606 6299 1828 6380 instrumento,
1852 6297 1919 6360 sive
1941 6295 2173 6377 instrumentis,
2198 6294 2328 6381 scripto,
2351 6294 2420 6358 sive

679 6537 717 6602 (1)
737 6552 752 6586 ι
773 6534 855 6587 Fiedr'
873 6535 1072 6587 corrrmisaarios
1092 6549 1107 6583 a
1126 6549 1175 6602 pro
1195 6549 1210 6582 a
1230 6531 1294 6597 fidei
1312 6532 1512 6583 commissarios
1530 6547 1545 6578 »
1566 6529 1675 6598 legitur.
