5490 7750
1395 642 1639 696 MONUMENTA

1460 1013 1567 1079 axx.

1382 1229 1480 1312 1341,
1503 1230 1547 1293 aa
1570 1231 1649 1294 rutra.

826 1444 877 1508 Ex
902 1445 1016 1509 eodem
1037 1451 1125 1509 tomo
1151 1443 1268 1509 Codicis
1289 1445 1478 1530 diplomatici
1499 1443 1699 1528 bononiensis,
1723 1467 1811 1510 num.
1835 1445 2014 1528 XXXIX„
2039 1467 2066 1510 c.
2093 1447 2156 1510 706
2180 1467 2206 1509 r.

693 1658 890 1723 Benedictus
914 1660 1095 1746 episcopas,
1112 1679 1225 1724 servus
1248 1681 1416 1724 servorum
1439 1659 1512 1741 Dei,
1537 1659 1655 1722 dilecto
1679 1659 1745 1724 filio
1769 1659 1924 1745 magistro
1948 1659 2101 1746 Philippo
2118 1659 2157 1723 de
2174 1659 2309 1741 Antilla,
2325 1658 2426 1745 priori

603 1766 739 1830 ecclesie
763 1767 867 1830 sancti
890 1767 981 1831 Petri
1005 1767 1152 1852 Scaradij
1175 1767 1348 1850 florentini,
1372 1767 1541 1853 capellano
1566 1773 1686 1848 nostro,
1711 1767 1876 1854 provincia
1898 1766 2111 1831 Romandiole
2135 1767 2262 1849 rectori,
2287 1767 2425 1830 salutem

603 1881 637 1938 ot
658 1875 871 1960 apostolicam
892 1874 1161 1940 benedictionem.

693 1982 799 2069 Super
821 1983 1025 2068 quibusdam,
1050 2004 1112 2067 que
1135 1982 1272 2047 dilectus
1295 1982 1381 2046 tilius
1403 1981 1521 2047 nobilis
1544 1981 1594 2045 vir
1617 1981 1746 2046 Tadeus
1762 1981 1802 2045 de
1818 1981 1962 2068 Pepulis,
1979 2003 2096 2066 gerens
2112 1981 2424 2046 administrationem

599 2091 723 2174 jurium
747 2097 930 2154 nostrorum
952 2090 1111 2155 fiscalium
1134 2090 1168 2154 in
1191 2091 1332 2172 civitate,
1357 2091 1512 2154 comitatu
1535 2095 1567 2153 et
1590 2089 1737 2154 districtu
1760 2088 2022 2172 bononiensibus,
2039 2111 2142 2176 nuper
2164 2089 2302 2174 scripsit,
2319 2088 2424 2152 eidem

602 2197 773 2262 scribimus
794 2199 891 2282 juxta
913 2197 1062 2280 formam,
1079 2219 1177 2284 quam
1200 2198 1315 2262 cedula
1338 2197 1481 2262 continet
1504 2198 1708 2282 presentibus
1731 2197 1916 2262 interclusa.
1934 2196 2016 2262 Cum
2039 2204 2148 2260 autem
2170 2197 2302 2260 attentis
2325 2196 2424 2260 ratio·

602 2305 698 2370 nibus
721 2325 802 2389 quas
825 2304 894 2390 ipso
917 2303 976 2368 tibi
1000 2304 1200 2390 protendisse
1223 2304 1340 2368 dicitur
1363 2310 1397 2368 at
1420 2304 1481 2368 buc
1505 2305 1603 2368 etiam
1626 2305 1730 2386 misit,
1755 2305 1886 2368 minime
1910 2304 2060 2368 videatur
2086 2303 2262 2390 expediens
2294 2303 2339 2366 sic
2370 2325 2423 2366 su·

602 2412 671 2477 bita
694 2419 727 2476 et
749 2412 869 2476 festina
899 2413 1063 2476 revocatio
1097 2413 1203 2498 gentis
1235 2413 1395 2498 armigera
1426 2433 1485 2498 per
1512 2413 1618 2497 ipsum
1640 2412 1682 2476 ad
1706 2413 1906 2498 provinciam
1928 2411 2163 2493 Rornandiole,
2187 2412 2279 2494 cujus
2302 2409 2424 2475 Rector

601 2521 732 2604 existis,
756 2543 814 2606 pro
839 2521 1052 2606 reprimendis
1075 2522 1186 2585 utilius
1212 2522 1382 2586 rebellium
1412 2522 1667 2608 presumptuosis
1690 2521 1926 2586 temeritatibus
1956 2520 2132 2602 destinate,
2157 2521 2306 2584 volumus
2336 2519 2423 2604 quod

602 2630 775 2711 attentius,
799 2628 974 2714 prudenter
997 2637 1030 2692 et
1053 2636 1178 2693 mature
1201 2629 1283 2713 hijs,
1308 2650 1370 2715 que
1394 2629 1492 2694 licent
1515 2635 1548 2692 et
1570 2628 1748 2714 expediunt
1770 2628 1834 2712 hijs
1858 2628 1988 2710 diebus,
2013 2634 2045 2692 et
2068 2649 2130 2714 qua
2153 2627 2185 2692 iu
2214 2647 2343 2691 recessu
2366 2635 2421 2690 tuo

600 2736 660 2801 tibi
682 2736 900 2823 expressimus
924 2736 958 2800 in
981 2737 1154 2819 memoria,
1179 2737 1363 2818 recensitis,
1387 2737 1497 2800 taliter
1519 2737 1670 2800 ordinare
1692 2736 1824 2800 studeas
1848 2736 1934 2800 facta
1957 2742 2013 2799 tua
2036 2735 2121 2821 quod
2145 2735 2289 2798 fidelium
2312 2741 2344 2799 et
2367 2734 2422 2799 de·

595 2851 747 2908 votorum
770 2851 955 2908 nostrorum
978 2851 1010 2907 et
1033 2841 1196 2926 Ecclesie,
1220 2865 1356 2929 quornm
1381 2844 1542 2928 aliquibus
1566 2865 1625 2930 per
1648 2843 1759 2908 literas
1787 2865 1867 2928 quas
1898 2851 2005 2907 tecum
2037 2843 2193 2928 portasti,
2217 2842 2421 2928 scripsimus,

596 2951 679 3014 sicut
702 2950 787 3014 nosti
810 2950 912 3014 fultus
937 2949 1116 3035 siquando
1140 2957 1173 3013 et
1197 2950 1323 3035 quoties
1347 2971 1428 3035 opus
1452 2949 1550 3012 luerit
1574 2949 1706 3034 auxilijs
1730 2957 1763 3012 et
1785 2949 1952 3014 favoribus
1975 2949 2123 3013 eamdem
2143 2949 2346 3014 commissam
2362 2948 2420 3012 tibi

595 3057 795 3144 provinciam
811 3056 974 3142 depressis
990 3057 1160 3120 rebellium
1176 3065 1209 3119 et
1231 3058 1444 3120 tiramnorum
1464 3057 1701 3121 temeritatibus
1717 3063 1750 3120 et
1767 3057 1958 3141 insolentijs,
1975 3079 2033 3143 per
2056 3065 2151 3140 teque
2176 3056 2286 3119 vitatis
2309 3077 2421 3120 eorum

595 3163 813 3228 fraudulentis
838 3164 979 3249 astutijs,
1003 3163 1136 3247 malitijs
1161 3171 1193 3227 ct
1217 3163 1385 3248 blanditijs
1408 3163 1530 3246 valcas,
1547 3164 1718 3228 assistente
1743 3165 1801 3228 tibi
1825 3165 1935 3228 divina
1958 3164 2075 3249 gratia,
2091 3163 2214 3227 utiliter
2229 3171 2261 3226 et
2285 3162 2423 3226 feliciter

595 3271 789 3357 gubernare.

686 3378 807 3442 Datum
831 3379 997 3460 Arinioni,
1023 3380 1134 3464 quinto
1158 3379 1317 3442 kalendas
1342 3377 1483 3464 augusti,
1508 3379 1714 3465 pontificatus
1738 3380 1838 3444 nostri
1862 3400 1947 3443 anno
1971 3380 2120 3466 septimo.

1442 3701 1566 3766 LXXI.

1347 3919 1443 4002 1341,
1470 3920 1511 3982 10
1534 3917 1669 3982 octobris.

850 4133 903 4198 Ex
926 4133 1041 4198 eodem
1064 4140 1151 4198 tomo
1178 4133 1297 4197 Codicis
1319 4135 1507 4218 diplomatici
1529 4133 1729 4216 tortonensis,
1753 4155 1839 4198 num.
1864 4134 1973 4218 XLI,
1997 4156 2026 4198 c.
2052 4136 2115 4198 714
2140 4155 2164 4197 r.

682 4348 880 4412 Benedictus
903 4349 1084 4435 episcopus,
1101 4371 1213 4413 servas
1238 4371 1404 4412 servorum
1428 4349 1501 4431 Dei,
1525 4349 1643 4414 dilecto
1666 4351 1733 4414 filio
1757 4351 1912 4436 magistro
1933 4349 2086 4436 Philippo
2108 4349 2148 4412 dc
2164 4348 2300 4430 Antilla,
2317 4349 2417 4435 priori

593 4456 730 4520 ecclesie
753 4456 858 4520 sancti
880 4456 971 4520 Petri
995 4455 1142 4540 Scaradij
1166 4457 1338 4538 florentini,
1363 4457 1533 4542 capellano
1557 4464 1678 4538 nostro,
1702 4457 1866 4543 provincie
1890 4456 2104 4521 Romandiolc
2128 4457 2255 4538 rectori,
2279 4456 2417 4520 salutem

592 4571 625 4626 et
648 4563 862 4650 apostolicam
885 4563 1154 4629 benedictionem.

682 4671 733 4735 De
757 4677 789 4734 te
814 4693 878 4735 non
902 4671 1076 4735 sufficimus
1100 4671 1263 4752 admirari,
1281 4671 1366 4756 quod
1386 4677 1517 4755 gentem
1532 4671 1728 4757 armigeram
1751 4693 1848 4758 qaam
1869 4671 1994 4756 pridem
2009 4670 2146 4735 dilectus
2162 4671 2247 4734 filius
2264 4671 2417 4736 Thadeus

592 4778 633 4842 de
656 4777 801 4864 Pepulis,
815 4779 899 4863 juris
916 4778 1020 4842 civilis
1036 4777 1210 4865 professor,
1228 4800 1343 4864 gerens
1367 4779 1679 4844 administrationem
1699 4781 1821 4864 jurium
1846 4787 2029 4844 nostrorum
2051 4779 2209 4842 fiscalium
2225 4779 2259 4842 in
2275 4780 2417 4864 civitate,

593 4886 749 4949 comitatu
773 4893 806 4948 et
829 4885 976 4950 districtu
999 4885 1262 4968 bononiensibus,
1280 4886 1321 4949 ad
1344 4887 1545 4972 provinciam
1568 4887 1782 4951 Romandiole
1806 4907 1864 4972 pro
1888 4886 2063 4950 rebellibus
2080 4886 2224 4950 eiusdem
2240 4887 2416 4972 provincie,

591 4993 633 5057 ad
659 5001 803 5059 nostram
826 5001 859 5058 et
881 4992 1027 5058 Ecclesia
1051 5014 1183 5057 romane
1207 4993 1424 5059 obedientiam
1440 4994 1642 5077 reducendis,
1658 5002 1832 5079 antequam
1849 5002 1883 5058 tu
1900 4995 2100 5080 provinciam
2116 4995 2254 5058 intrares
2269 4995 2416 5060 eamdem

590 5123 655 5166 non
679 5101 840 5166 inmodico
865 5123 999 5166 numero
1022 5102 1164 5183 miserat,
1188 5102 1335 5166 revocari
1364 5109 1476 5166 contra
1499 5102 1668 5166 consilium
1692 5109 1724 5166 et
1746 5102 1972 5188 persuasiones
1996 5102 2138 5166 fidolium
2166 5102 2310 5167 eiusdem
2341 5126 2415 5190 pro·

591 5211 708 5292 vincio,
727 5231 764 5274 ac
789 5210 821 5273 in
846 5208 989 5273 eiusdem
1014 5209 1139 5273 Thadei
1162 5209 1409 5295 displicentiam,
1425 5211 1501 5274 licet
1521 5217 1647 5274 nostras
1671 5211 1730 5274 tibi
1753 5231 1793 5274 ne
1817 5209 1858 5272 ad
1883 5209 1943 5274 hoc
1966 5210 2012 5273 sic
2032 5217 2164 5295 repente
2180 5231 2217 5274 ac
2233 5210 2414 5276 inconsulte

592 5339 829 5402 prorumperes,
847 5317 1080 5381 destinavimus
1096 5315 1230 5398 litteras,
1248 5318 1439 5402 procurasti,
1456 5325 1588 5403 propter
1611 5317 1696 5403 quod
1720 5317 1857 5381 rebelles
1880 5317 2017 5401 predicti
2040 5325 2072 5380 et
2095 5317 2224 5381 tiramni
2240 5317 2324 5382 dicte
2340 5341 2415 5405 pro·

591 5425 698 5488 vincia
722 5425 889 5488 invasores
914 5430 946 5487 et
970 5433 1179 5510 occupatores
1203 5424 1349 5488 iniuriosi
1373 5430 1405 5489 et
1428 5425 1592 5509 temerarij
1618 5424 1735 5488 iuriam
1758 5425 1916 5488 bonorum
1939 5431 1972 5488 et
1994 5425 2153 5488 bonorum
2176 5433 2358 5490 nostrorum
2380 5435 2415 5491 et

591 5533 737 5597 Ecclesia
753 5533 897 5619 predicte
914 5555 1044 5598 curram
1060 5532 1271 5596 ascendentes
1288 5533 1437 5598 elationis
1454 5539 1486 5597 et
1502 5533 1662 5618 superbie,
1680 5539 1792 5596 contra
1812 5554 1869 5597 nos
1886 5541 1918 5596 et
1935 5533 2038 5619 ipsam
2054 5533 2233 5598 Ecclesiam
2250 5555 2287 5599 ao
2303 5535 2415 5601 fideles

593 5641 693 5728 ipsius
717 5641 872 5706 audacius
897 5649 929 5705 et
952 5641 1164 5727 perniciosius
1189 5641 1283 5706 solito
1307 5663 1363 5706 sne
1387 5641 1600 5726 malignitatis
1615 5647 1750 5705 conatus
1766 5647 1919 5705 exercent
1935 5641 2112 5726 provincia,
2129 5649 2161 5704 et
2176 5641 2325 5707 fidelibus
2341 5665 2415 5730 pre·

592 5749 686 5813 dictis
711 5748 963 5830 remanentibus,
988 5748 1070 5812 sicut
1094 5749 1301 5834 displicenter
1325 5749 1526 5834 percepimus
1551 5748 1584 5811 in
1612 5748 1727 5812 maiori
1757 5748 1941 5812 turbatione
1966 5769 2062 5832 quam
2087 5755 2180 5830 ante3
2205 5750 2291 5835 qnod
2314 5773 2415 5836 grave

589 5878 654 5921 non
680 5855 811 5941 indigne
835 5855 977 5940 gerimus
1001 5863 1035 5920 et
1057 5856 1228 5920 molestum
1252 5857 1421 5942 presertim
1444 5877 1517 5920 cum
1540 5855 1644 5920 dictus
1667 5855 1797 5919 Tadeos
1813 5877 1949 5940 magnas
1965 5877 2023 5941 pro
2039 5855 2190 5920 missione
2206 5857 2289 5922 dicte
2305 5861 2413 5944 gentis

588 5985 749 6050 expensas
765 5985 807 6028 ex
826 5963 942 6049 quibus
966 5962 1074 6027 nullus
1098 5963 1220 6027 fructus
1244 5972 1375 6051 propter
1398 5963 1636 6027 revocationem
1659 5963 1805 6026 eamdem
1826 5962 1979 6026 collectus
1995 5964 2113 6046 extitit,
2130 5963 2255 6028 subisse
2271 5964 2412 6050 dicatur,

590 6079 623 6137 et
646 6094 689 6136 ex
712 6071 789 6136 facti
813 6070 977 6136 evidentia
1000 6093 1039 6135 ac
1062 6093 1104 6134 ex
1128 6071 1191 6155 hijs
1215 6093 1276 6157 que
1299 6070 1484 6135 reseruntur
1508 6070 1550 6133 ab
1574 6070 1735 6156 aliquibus
1752 6077 1808 6134 tna
1825 6070 2033 6155 partialitate,
2051 6071 2142 6134 nobis
2158 6077 2191 6134 et
2206 6071 2350 6137 Ecclesia
2373 6097 2413 6140 ac

589 6180 738 6245 fidelibus
762 6180 883 6244 eisdem
907 6181 1022 6243 nociva
1046 6200 1110 6244 non
1134 6179 1305 6260 modicum,
1329 6200 1414 6242 nnnc
1437 6178 1548 6242 valeas
1572 6178 1733 6242 excusari.
1755 6177 1881 6242 Rursus
1910 6178 2063 6243 dilectam
2086 6179 2187 6242 filium
2211 6179 2413 6247 Ludovicum

589 6289 629 6353 de
652 6288 774 6370 Monte,
799 6288 1105 6374 archipresbiterum
1129 6286 1231 6350 sancti
1255 6285 1385 6370 Patritij
1409 6286 1573 6350 imolensis
1596 6286 1745 6369 diocesis,
1766 6287 1999 6372 jurisperitum,
2021 6287 2076 6372 qui
2099 6287 2219 6350 diutius
2242 6288 2275 6352 in
2297 6289 2412 6355 eadem

587 6396 755 6484 provincia
779 6396 970 6460 officialibus
994 6403 1026 6459 et
1049 6394 1198 6459 fidelibus
1221 6395 1339 6458 nostris
1363 6394 1531 6476 assistens,
1555 6401 1591 6457 ut
1615 6395 1807 6480 accepimus,
1831 6393 1969 6458 fideliter
1992 6400 2024 6457 et
2047 6400 2232 6459 constanter
2254 6417 2313 6482 pro
2336 6419 2413 6462 con-

586 6503 770 6569 servatione
795 6503 954 6567 bonorum
977 6503 1094 6567 inrium
1118 6509 1150 6566 et
1173 6502 1332 6566 honoram
1355 6501 1500 6566 Ecclesia
1525 6501 1686 6566 laboravit
1710 6501 1751 6565 ad
1774 6500 1994 6587 reprimendas
2018 6501 2211 6566 calliditates
2227 6509 2261 6566 et
2276 6504 2412 6570 astutias
