5484 7746
806 631 1037 682 senosanam
1066 632 1117 682 an
1146 631 1401 682 naonnssoans
1429 631 1638 682 nnmcrnsn
2051 611 2126 682 215

311 783 449 849 deolfo
475 784 633 850 Guidonis
656 785 893 871 Bergognouis,
919 786 1049 868 comite,
1074 791 1233 872 potestate
1256 785 1421 869 Bononie,
1446 793 1478 850 et
1501 786 1630 852 domino
1654 786 1790 850 Alberto
1815 785 1952 850 Gerardi
1976 785 2015 848 de
2040 784 2131 850 Gisia

311 898 520 975 procuratore
545 891 690 955 comunis
716 891 881 974 Bononie,
907 898 1039 976 gerente
1066 913 1150 956 nunc
1174 873 1224 956 sui
1247 893 1349 955 vicem
1372 899 1405 956 et
1435 892 1557 957 domini
1589 891 1745 956 Graidani
1768 891 2036 974 Jeremiensium,
2060 891 2131 975 ejus

312 997 390 1061 socii
414 998 568 1081 absentis,
593 999 822 1085 recipientibus
846 1000 974 1063 nornine
999 999 1144 1063 comunis
1168 999 1324 1080 Bononie,
1349 999 1507 1085 promissa
1531 998 1668 1084 pecunia
1692 999 1807 1076 soluta,
1825 997 2051 1062 nichilominus
2073 1018 2132 1085 per

312 1125 346 1167 se
370 1125 508 1190 suosque
532 1105 668 1170 heredes
692 1113 841 1169 teneatur
865 1106 1037 1171 observare
1060 1106 1214 1191 predicta.
1240 1105 1443 1170 Renuntians
1467 1106 1499 1168 in
1523 1106 1585 1169 hoe
1608 1105 1694 1170 facto
1717 1105 1779 1170 fori
1802 1104 1973 1192 privilegio
1997 1112 2029 1169 et
2045 1105 2131 1170 omni

312 1211 368 1295 alij
389 1211 498 1296 legum
523 1213 656 1296 auxilio,
674 1213 759 1299 quod
783 1213 844 1276 sibi
867 1213 900 1276 iu
924 1213 985 1277 hoc
1008 1213 1095 1276 facto
1119 1214 1150 1276 in
1176 1213 1317 1298 presenti
1341 1211 1392 1276 vel
1417 1213 1450 1275 in
1474 1213 1582 1276 futuro
1606 1219 1715 1298 posset
1737 1212 1900 1298 prodesse.
1917 1212 1961 1276 Et
1983 1212 2130 1276 dominus

311 1316 488 1401 Redolfus,
513 1340 638 1402 comes,
662 1319 808 1384 Bononia
832 1319 1001 1402 Potestas,
1026 1327 1058 1382 et
1082 1319 1185 1382 dictus
1209 1318 1364 1382 Albertus
1395 1318 1534 1382 Gerardi
1557 1318 1596 1382 de
1621 1317 1731 1401 Gisia,
1754 1325 1944 1404 procurator
1968 1318 2130 1400 Comanis,

313 1445 371 1509 pro
396 1446 430 1488 se
454 1427 580 1510 atejus
604 1427 701 1508 socio,
726 1426 855 1490 nomine
879 1433 912 1490 et
934 1426 1004 1490 vice
1029 1426 1173 1490 comunis
1194 1425 1350 1508 Bononia,
1368 1426 1584 1511 promiserunt
1608 1424 1711 1488 eidem
1735 1425 1890 1510 magistro
1906 1425 2016 1510 Ugoui
2032 1426 2131 1511 stipu-

313 1531 393 1595 lanti
418 1532 592 1597 adtendere
616 1540 649 1597 et
673 1533 845 1597 observare
867 1555 925 1620 pro
942 1555 976 1597 se
993 1539 1025 1596 et
1041 1555 1098 1619 pro
1116 1533 1245 1596 comuni
1260 1533 1406 1598 Bononio
1423 1533 1531 1596 omnia
1554 1553 1616 1617 que
1636 1533 1669 1595 in
1686 1534 1903 1619 suprascripto
1920 1533 2131 1597 instrumento

313 1643 528 1722 continentur,
554 1647 586 1704 et
610 1640 734 1704 solvere
759 1641 929 1726 pecuniam
954 1640 994 1703 ad
1020 1641 1192 1704 terminum
1216 1647 1248 1704 et
1272 1639 1313 1702 ad
1336 1640 1489 1704 terminos
1521 1660 1619 1725 supra
1649 1639 1832 1721 ordinatos,
1857 1640 1939 1703 sicut
1963 1641 1996 1704 in
2019 1661 2132 1725 supra·

312 1747 431 1832 scripto
455 1748 667 1812 instrumento
692 1749 884 1830 continetur,
901 1749 962 1812 sub
984 1749 1053 1832 jam
1076 1748 1162 1812 dicta
1186 1769 1270 1834 pena
1289 1747 1379 1832 dupli
1396 1747 1493 1810 totius
1509 1748 1726 1832 suprascripte
1743 1748 1907 1833 peccunie,
1925 1746 2132 1833 stipulatione

313 1853 417 1917 eidem
441 1855 594 1939 magistro
618 1854 728 1940 Ugoni
751 1855 952 1919 aPotestate
977 1861 1008 1919 et
1032 1860 1239 1941 procuratore
1263 1854 1417 1940 predicto,
1435 1854 1562 1918 nomine
1580 1860 1612 1917 et
1627 1853 1696 1918 vice
1718 1855 1861 1918 comunis
1884 1854 2041 1936 Bononie,
2058 1876 2132 1940 pro·

313 1963 421 2043 missa,
438 1983 585 2047 panaque
609 1962 725 2045 soluta,
744 1962 982 2026 nichillonrinus
1006 1962 1150 2026 Comune
1175 1968 1323 2026 teneatur
1347 1961 1519 2025 observare
1542 1960 1697 2047 predicta.
1723 1961 1793 2036 Quo
1818 1962 1925 2025 omnia
1949 1961 2035 2026 lacta
2059 1967 2133 2024 sunt

313 2075 345 2132 et
367 2067 511 2131 stabilita
535 2069 701 2132 voluntate
726 2069 869 2152 Consilii,
895 2069 928 2132 iu
951 2069 1073 2154 palatio
1098 2069 1251 2132 Comunis
1276 2068 1315 2131 ad
1341 2090 1454 2132 sonum
1478 2088 1634 2153 campane
1658 2067 1770 2132 eadem
1795 2069 1846 2132 die
1870 2068 2054 2153 coadunatj.

402 2174 522 2238 Actum
546 2175 578 2238 in
602 2176 723 2261 palatio
754 2176 898 2239 comunis
930 2175 1094 2257 Bononia,
1119 2175 1294 2239 indictione
1318 2175 1479 2261 predicta,
1504 2174 1629 2260 prefato
1653 2174 1782 2239 domino
1805 2175 1945 2240 Redolfo
1975 2175 2132 2239 Gnidonis

313 2279 549 2366 Bergognonis,
575 2282 708 2364 comite,
733 2282 899 2346 Potestatc
923 2283 1081 2364 Bononie,
1098 2289 1130 2346 et
1154 2289 1372 2368 procuratore,
1397 2289 1429 2346 et
1452 2282 1537 2345 dicto
1561 2281 1716 2367 magistro
1740 2282 1856 2367 Ugoue
1879 2282 2018 2346 scrihere
2043 2302 2132 2344 man-

203 2421 207 2428 ·
313 2387 474 2452 dantibus.

403 2495 624 2560 Interfuerunt
648 2496 797 2560 dominus
819 2497 985 2578 Rioouius‚
1010 2495 1109 2559 iudex
1133 2495 1254 2558 domini
1277 2495 1406 2560 Rodolfi
1432 2495 1589 2560 (luidonis
1618 2496 1854 2581 Bergognonis,
1879 2497 2014 2579 comitis,
2038 2497 2133 2560 Pote-

314 2603 405 2666 statis
434 2603 598 2685 Bononie,
624 2603 773 2666 domiuus
806 2602 1011 2685 Grimaldus,
1036 2602 1184 2666 dominus
1215 2602 1376 2688 Ugoliuus
1406 2602 1562 2687 Marsilij,
1588 2603 1735 2666 dominus
1765 2603 1963 2686 Rainaldus,
1987 2603 2134 2667 dominus

315 2708 471 2774 Odericus
496 2709 663 2793 Galitiani,
688 2731 798 2774 omnes
823 2711 944 2774 iudices
969 2711 1113 2774 comunis
1137 2709 1296 2792 Bononie,
1320 2717 1352 2774 et
1376 2710 1524 2774 dominus
1548 2709 2134 2791 Massiliottus,siomin11sNicholaus

313 2815 448 2901 Ugolini
469 2817 576 2900 Lauli‚
594 2817 742 2881 domiuus
767 2816 962 2881 Tucimanus
986 2817 1114 2881 domiue
1140 2817 1240 2899 Ostie,
1258 2817 1405 2880 dominus
1425 2816 1623 2902 Prendipars
1639 2817 1799 2900 Landolfi,
1816 2817 1964 2881 domiuus
1980 2817 2134 2882 Albertus

315 2922 489 3006 Catonius,
514 2924 662 2988 dominus
685 2924 846 3009 Ugolinus
870 2923 1021 3007 Rubeus,
1046 2946 1157 2988 omnes
1180 2925 1297 2988 milites
1322 2925 1442 2988 iustitie
1466 2925 1609 2988 carnonis
1637 2923 1802 3006 Bononie,
1827 2933 1859 2988 et
1889 2925 2063 2989 Tedericus
2095 2925 2134 2988 ‹la

316 3030 482 3115 Saragoza
507 3037 538 3094 et
561 3031 708 3095 Pascalis
732 3039 764 3095 et
788 3031 904 3114 Carbo,
928 3031 1046 3096 notarii
1070 3032 1213 3095 comunis
1237 3031 1394 3114 Bononio,
1420 3038 1452 3095 et
1483 3051 1592 3095 omnes
1625 3033 1914 3117 suprascriptorum
1939 3039 2036 3096 testes
2060 3041 2134 3095 sunt

315 3138 430 3222 rogati.

404 3243 568 3328 (L.†S.)
592 3245 664 3331 Ego
687 3245 815 3328 Petrus,
841 3245 961 3310 domiui
989 3243 1121 3309 Octonis
1149 3244 1357 3330 Imperatoris
1389 3253 1421 3308 et
1452 3246 1596 3308 comunis
1625 3244 1772 3309 Bononia
1804 3245 1961 3328 notorius,
1986 3245 2133 3309 omnibus

315 3352 541 3438 suprascriptis
565 3352 707 3435 interfui,
733 3359 765 3415 et
788 3352 941 3417 mandato
965 3351 1140 3416 Potestatis
1165 3359 1197 3415 et
1226 3351 1450 3415 Procuratoris
1481 3373 1540 3416 uec
1571 3373 1635 3417 uon
1666 3359 1699 3416 ct
1729 3353 1806 3416 dicti
1836 3353 1957 3417 domini
1988 3353 2133 3437 magistri

314 3457 441 3543 Ugonis
466 3457 589 3543 scripsi.

1194 3776 1253 3841 IV.

1083 3991 1182 4075 1261,
1207 3991 1227 4053 4
1251 3993 1367 4056 martii.

650 4207 704 4272 Ex
728 4209 860 4272 archivo
883 4207 1163 4294 Archiepiscopali
1187 4205 1382 4288 Ravennati,
1407 4227 1506 4292 capsa
1530 4206 1569 4288 G,
1594 4227 1625 4271 n.
1651 4205 1799 4271 2801.(1)

404 4422 442 4485 Iu
468 4423 595 4486 nomine
619 4422 728 4487 Patris
752 4429 784 4487 et
806 4423 882 4487 Filii
905 4430 938 4487 et
962 4423 1100 4510 Spiritus
1126 4421 1254 4504 Sancti,
1272 4441 1376 4484 omen.
1401 4420 1511 4484 Prona
1533 4441 1667 4507 preceps
1692 4421 1732 4484 ad
1756 4421 1877 4484 malum
1893 4421 2025 4485 audatia
2041 4422 2132 4487 freno

315 4529 416 4593 divini
440 4530 563 4594 timoris
587 4530 762 4614 confracta,
779 4531 949 4594 humilium
974 4530 1192 4594 innocentiam
1215 4528 1436 4613 multipliciter
1459 4527 1627 4612 inquietat,
1645 4528 1778 4592 credens
1794 4528 1836 4591 ad
1855 4550 1949 4593 suum
1965 4531 2133 4615 pervenire

314 4635 493 4721 perfectum
517 4636 679 4700 excidium
703 4638 849 4702 aliorum.
867 4637 948 4702 Cum
971 4636 1173 4700 venerabiles
1197 4643 1306 4721 patres
1327 4634 1380 4698 Al.
1398 4634 1602 4717 mutinensis,
1619 4633 1833 4718 R[ichelmus]
1856 4635 2009 4720 liviensis,
2035 4636 2133 4719 T[ho·

313 4742 396 4825 1nas]
420 4743 594 4826 imolensis,
619 4743 663 4807 M.
688 4765 830 4827 cesenas,
855 4744 998 4809 loannes
1023 4743 1303 4830 foropopuliensis,
1328 4741 1471 4807 Jacobus
1496 4741 1695 4825 faventinus,
1719 4741 1863 4807 Joannes
1888 4743 2071 4825 cervicosis,
2097 4743 2132 4807 O.

315 4850 503 4934 reginensis,
528 4851 673 4915 loannes
697 4872 870 4934 sarxenas,
894 4851 931 4914 F.
957 4851 1131 4935 adriensis,
1157 4849 1196 4915 Ο.
1221 4849 1418 4936 parmensis,
1443 4855 1475 4912 et
1498 4848 1542 4913 M.
1567 4850 1777 4913 comaclensis
1801 4850 1953 4936 episcopi,
1975 4857 2007 4913 et
2031 4851 2132 4935 magi·

316 4962 381 5020 ster
406 4957 596 5042 Siuigardus
620 4958 870 5043 archipresbiter
892 4959 1109 5040 bononiensis,
1131 4964 1321 5045 procurator
1344 4956 1466 5021 domiui
1489 4954 1686 5040 O[ctaviani]
1702 4957 1848 5022 Bononia
1864 4956 1979 5041 Electi‚
1997 4959 2133 5022 volendo

315 5064 487 5128 salubriter
518 5065 666 5148 obviare,
690 5067 894 5130 attendentes
919 5067 1004 5152 quod
1027 5067 1192 5131 temeritas
1216 5066 1374 5152 impunita
1397 5064 1595 5128 temeritates
1619 5064 1761 5129 cumulat
1783 5065 1974 5150 puniendas,
1998 5073 2031 5130 et
2055 5087 2133 5151 quos

316 5172 412 5236 timor
434 5172 497 5236 Dei
521 5193 541 5236 a
564 5175 649 5237 malo
670 5195 735 5238 non
752 5181 891 5254 revocat,
915 5176 1084 5239 choerceat
1104 5173 1220 5238 saltem
1235 5174 1391 5237 severitas
1407 5172 1587 5259 discipline,
1604 5172 1781 5236 venerabili
1797 5173 1883 5259 patri
1899 5173 2027 5238 domino
2044 5173 2133 5256 [Phi-

315 5279 416 5366 lippo]
439 5279 502 5344 Dei
525 5287 557 5344 et
580 5282 757 5367 apostolica
784 5282 891 5366 gratia
914 5289 1024 5346 sancte
1048 5281 1193 5346 Ecclesia
1217 5279 1461 5346 ravennatensis
1490 5279 1742 5366 archiepiscopo,
1766 5281 1969 5344 committunt
1992 5281 2135 5345 totaliter

315 5387 402 5451 vices
426 5410 512 5471 suas,
537 5395 572 5452 ut
595 5389 674 5475 ipsc,
699 5389 890 5453 auctoritate
915 5390 1057 5455 omnium
1081 5389 1267 5453 eorumdem
1291 5396 1323 5452 et
1346 5389 1489 5474 ipsorum
1514 5387 1726 5472 singulorum,
1750 5387 1851 5474 possit
1878 5388 2135 5452 excommunica·

316 5495 412 5559 tionis
436 5501 468 5559 et
492 5495 711 5582 suspensionis
735 5496 767 5558 in
790 5517 945 5581 personas
959 5504 1001 5576 ‚et
1025 5496 1187 5561 interdicti
1210 5497 1243 5560 in
1267 5496 1425 5578 civitates,
1450 5500 1556 5558 castra
1580 5501 1612 5558 et
1642 5493 1714 5558 loca
1742 5493 1807 5557 alia
1840 5493 1924 5558 ferre
1949 5495 2134 5578 sententias,

316 5602 344 5666 si
367 5602 516 5666 comunia
539 5609 571 5666 et
595 5602 751 5689 speciales
775 5625 911 5689 persone
936 5603 1079 5690 ipsorum
1103 5604 1290 5685 invaserint,
1306 5601 1501 5667 violaverint
1524 5623 1581 5665 sau
1605 5601 1811 5684 detinuerint,
1829 5601 1896 5666 siva
1920 5602 2027 5666 vival
2051 5602 2134 5666 clam

317 5709 545 5794 occupaverint
567 5709 665 5792 bona,
687 5710 917 5796 possessiones,
942 5717 1059 5792 castra,
1084 5719 1197 5792 terras,
1221 5710 1378 5792 homines,
1403 5709 1485 5791 iura,
1510 5709 1650 5773 rationes
1675 5714 1708 5772 et
1731 5707 1967 5773 iurisdictiones
1989 5709 2134 5773 Ecclesia

316 5816 511 5898 ravennatis,
534 5837 571 5880 ac
595 5816 814 5881 Ecclesiarum
838 5818 981 5903 ipsorum
1004 5819 1227 5903 episcoporum
1252 5825 1284 5881 et
1307 5817 1445 5880 aliarum
1468 5816 1688 5898 ecclesiarum,
1705 5817 1984 5899 monasteriorum,
2001 5837 2135 5880 venara-

316 5923 492 6008 biliumqne
512 5923 658 5987 locorum
673 5925 772 5987 totius
789 5924 1084 6010 archiepiscopatus
1104 5923 1273 6006 Ravenna,
1290 5932 1322 5988 et
1339 5925 1365 5987 si
1382 5923 1543 5988 statutarii
1560 5924 1727 5988 civitatum
1743 5930 1776 5986 et
1790 5924 1934 5987 locorum
1950 5923 2135 5988 eorumdem

316 6036 437 6093 statuta
459 6029 620 6114 fecissent,
637 6031 690 6094 vel
713 6031 858 6096 facerent
881 6033 913 6096 iu
938 6031 1092 6114 futurum,
1109 6053 1167 6118 per
1192 6053 1253 6117 qua
1275 6031 1346 6096 iura
1362 6038 1394 6096 et
1410 6031 1646 6096 iurisdictiones
1661 6036 1694 6094 et
1710 6031 1775 6094 alia
1791 6029 1976 6116 supradicta
1991 6030 2135 6116 ipsarum

316 6136 524 6201 ecclesiarum
545 6137 694 6223 impediri
717 6139 769 6202 vel
793 6139 895 6203 minui
917 6146 1049 6226 possent
1072 6139 1106 6202 in
1129 6140 1216 6226 ipsos
1240 6145 1272 6202 et
1295 6139 1438 6225 ipsorum
1462 6139 1638 6224 quemlibet
1662 6145 1694 6202 et
1714 6138 1971 6202 inobservatores
1992 6136 2136 6222 ipsorum

397 6385 436 6450 (l)
456 6383 541 6436 Vide:
562 6383 673 6450 Sarioli,
687 6387 761 6438 Aen.
775 6386 839 6452 bol„
857 6387 910 6438 rol.
924 6387 993 6453 III.,
1012 6403 1071 6456 par.
1085 6387 1136 6452 IL,
1156 6403 1231 6438 num.
1245 6389 1305 6452 728,
1324 6403 1351 6456 p.
1367 6389 1494 6447 eoo-nos.
1513 6391 1541 6440 et
1559 6386 1700 6453 Fantuzzi,
1720 6385 1792 6438 Mors.
1807 6383 2134 6449 neocaesaraea,

318 6475 383 6524 tom.
397 6472 448 6538 V.,
468 6491 542 6525 num.
561 6473 662 6540 LXV„
681 6491 708 6544 p.
729 6478 855 6528 338-839.
