5484 7746
824 701 1055 750 SPECTANTIA
1084 701 1134 749 AD
1163 696 1418 749 PROFESSORES
1446 694 1655 744 MEDICINAE
2067 675 2140 744 221

330 856 456 939 scriptis
482 877 577 918 aranu
602 855 736 940 Ugolini
760 855 869 918 fratris
894 853 1074 918 Trauobcdi
1100 854 1217 917 notarii
1241 851 1422 938 previdenti
1435 850 1473 915 (¹)
1490 850 1630 914 utilitate
1654 849 1754 934 ipsius
1776 849 1926 935 Capituli,
1944 852 2148 937 episcopatus

223 946 227 954 ¹
330 969 361 1026 et
377 962 521 1026 Ecclesia
539 963 722 1038 cerviensis,
740 962 827 1025 dedit
842 969 874 1025 ct
891 962 1047 1025 concessit
1063 962 1191 1025 doariuo
1207 959 1445 1024 Branclraleoui
1463 957 1623 1044 quondam
1640 958 1760 1022 domini
1777 957 1916 1040 Andalo,
1933 957 2099 1044 recipienti
2116 966 2148 1022 ct

330 1070 497 1156 stipulanti
522 1071 591 1132 vice
616 1076 647 1132 et
671 1069 799 1133 nornine
824 1068 963 1149 Andree,
980 1068 1037 1131 lilii
1062 1068 1224 1155 quondam
1248 1067 1369 1130 domini
1394 1065 1559 1130 Castelani
1574 1065 1754 1130 Andalonis
1771 1066 1871 1151 ipsius
1887 1065 1955 1148 lilii,
1976 1074 2008 1128 et
2024 1067 2147 1151 nepoti·

331 1176 390 1240 bus
415 1177 565 1240 masculis
590 1198 631 1239 cx
655 1197 692 1240 eo
717 1174 995 1257 descendentibus,
1013 1176 1045 1238 in
1069 1175 1246 1238 enfiteosim
1271 1180 1377 1237 castra
1402 1170 1617 1254 Plancalduli,
1634 1172 1822 1236 Bclvederis
1844 1179 1875 1236 et
1901 1171 2045 1236 Sassia)
2060 1172 2146 1237 Gua-

330 1284 401 1366 tari,
420 1284 509 1347 salvo
531 1285 604 1367 jure
628 1283 759 1347 dominii
784 1289 815 1346 et
838 1282 1044 1368 proprietatis
1067 1281 1282 1367 Episcopatus
1299 1287 1331 1344 et
1347 1279 1490 1344 Ecclesia
1508 1279 1691 1361 cerviensis,
1710 1301 1783 1343 cum
1799 1280 1946 1344 erunibus
1963 1287 1995 1344 et
2011 1281 2146 1366 singulis

327 1392 455 1475 juribus
479 1399 510 1453 et
534 1390 715 1454 actionibus
740 1390 781 1453 ad
801 1389 948 1454 eumdem
965 1389 1129 1453 domiuum
1146 1389 1352 1474 Episcopum,
1370 1387 1601 1472 Episcopatum
1618 1394 1650 1450 et
1665 1386 1845 1451 Ecclesiam
1862 1389 2058 1452 cerviensem
2075 1409 2147 1474 spe·

330 1499 491 1562 etantibus
517 1499 547 1562 in
572 1499 618 1562 eis
643 1499 766 1580 castris,
784 1498 851 1562 sive
876 1497 970 1561 terris
987 1498 1154 1560 occasione
1171 1497 1323 1582 ipsorum,
1342 1495 1440 1558 salvis
1456 1495 1691 1558 conditionibus
1705 1495 1916 1560 instrumento
1933 1497 2146 1561 concessionis

330 1607 475 1688 insertis;
500 1611 532 1668 ct
555 1607 616 1669 hoc
639 1605 828 1669 nominatim
852 1625 910 1690 pro
934 1605 1169 1690 quatringentis
1194 1603 1284 1666 libris
1308 1603 1560 1684 bononenorum,
1585 1624 1665 1687 quas
1690 1602 1773 1666 idem
1797 1602 1944 1666 dominus
1968 1604 2147 1690 Episcopus

330 1712 495 1776 confessus
519 1713 580 1776 fuit
603 1712 765 1794 habuisse,
783 1711 888 1774 dando
910 1712 1013 1774 eciam
1036 1717 1069 1774 et
1091 1710 1264 1796 prestando
1288 1709 1450 1796 predictus
1475 1709 1787 1792 hculithcotecarius,
1805 1718 1837 1774 ct
1857 1711 1992 1796 predicti
2016 1711 2146 1775 descen·

330 1819 441 1883 dentes
466 1820 507 1883 ab
531 1843 568 1882 eo
593 1819 650 1883 lilii
674 1827 706 1882 et
730 1825 863 1904 nepotes
885 1819 1021 1902 masculj
1050 1818 1186 1902 legitimi
1215 1817 1299 1881 dioto
1323 1817 1452 1881 domino
1476 1816 1647 1902 Episcopo,
1672 1817 1739 1880 siva
1764 1818 2001 1882 successoribus
2025 1819 2091 1882 suis
2115 1826 2147 1884 et

328 1927 473 1991 Ecclesia
499 1927 673 2009 cerviensi,
699 1927 791 1990 annis
816 1926 929 2012 singlis
953 1947 1011 2012 pro
1035 1947 1143 1988 annua
1166 1925 1320 2011 pensione
1343 1925 1499 2011 porchum
1523 1925 1678 1988 nnumin
1702 1946 1811 1989 rncnse
1836 1927 1957 2008 marcii,
1982 1949 2040 1990 scu
2063 1927 2148 1992 infra

329 2034 534 2099 indictionem
549 2035 587 2098 (3)
605 2043 680 2098 tunc
709 2039 890 2098 currentem
921 2034 1021 2121 precii
1051 2040 1083 2096 et
1116 2032 1334 2097 extimationis
1364 2033 1462 2096 trium
1489 2031 1644 2096 librarum
1674 2033 1926 2096 bononeuorum.
1951 2033 2024 2098 Hoc
2048 2035 2146 2098 etiam

329 2149 419 2224 acto,
445 2142 530 2227 quod
554 2143 644 2204 linita
669 2142 770 2205 tercia
794 2142 1021 2225 generacionc,
1046 2140 1149 2204 silicet
1173 2139 1306 2204 mortuis
1329 2139 1404 2204 filiis
1427 2147 1459 2202 et
1483 2139 1652 2225 nepotibus
1677 2139 1828 2203 masculis
1851 2140 2013 2226 predictis,
2038 2143 2065 2206 si
2088 2142 2146 2206 lilii

330 2250 464 2313 masculi
488 2248 623 2333 legitimi
648 2248 862 2312 decendentes
885 2248 926 2311 ab
951 2248 997 2311 eis
1016 2247 1137 2310 vellent
1153 2267 1319 2329 renovare,
1336 2246 1578 2311 renovabuntur
1593 2247 1638 2309 eis
1656 2246 1739 2310 dicte
1756 2269 1807 2310 ros
1824 2248 1999 2312 secuudum
2015 2250 2146 2314 solitum

330 2363 362 2420 et
385 2357 538 2420 usitatum
562 2356 726 2441 provincie
750 2355 941 2419 Romaniole
965 2354 1183 2418 renovationis
1206 2353 1347 2419 modum.
1364 2355 1415 2417 Ita
1431 2362 1550 2435 tamen,
1567 2354 1653 2439 qnod
1674 2376 1739 2418 non
1764 2355 1860 2418 liceat
1882 2356 1928 2419 cis
1952 2377 2010 2421 nec
2034 2379 2145 2422 eorum

329 2463 403 2526 filiis
427 2463 479 2526 vel
503 2463 673 2547 nepotibus
690 2463 791 2526 dictas
808 2483 859 2526 res
875 2462 1025 2544 vendere,
1043 2460 1093 2524 vel
1111 2467 1312 2524 contractum
1335 2462 1475 2546 aliquem
1496 2460 1602 2524 lacere
1620 2461 1716 2524 alicui
1732 2483 1877 2548 persone,
1896 2463 1951 2527 sed
1968 2472 2040 2550 post
2057 2472 2144 2529 trau·

331 2571 427 2634 situm
451 2592 562 2634 eorum
586 2577 618 2634 et
640 2592 772 2634 suorum
794 2570 933 2634 liliorum
956 2577 988 2633 et
1012 2576 1180 2655 nepotum,
1206 2569 1334 2654 quando
1358 2569 1497 2633 Domino
1521 2569 1696 2654 placuerit,
1720 2571 1862 2654 predicto
1886 2594 1937 2636 res
1966 2573 2007 2636 ad
2035 2574 2089 2657 jus
2113 2581 2145 2638 et

330 2678 506 2742 dominium
530 2677 745 2763 Episcopatus
769 2677 893 2758 Cervie,
919 2677 1011 2760 cujus
1034 2683 1083 2740 est
1105 2677 1294 2762 proprietas,
1316 2676 1384 2740 sine
1409 2675 1556 2740 molestia
1587 2685 1800 2760 revertantur,
1825 2679 1886 2742 uisi
1909 2679 1986 2744 dicti
2009 2681 2144 2745 heredes

331 2786 452 2849 vellent
468 2807 501 2848 se
519 2806 686 2867 renovare,
703 2791 738 2848 ut
754 2784 874 2848 dietum
891 2791 949 2848 est.
973 2783 1045 2848 Hoc
1070 2785 1171 2847 eciam
1195 2792 1278 2866 acto,
1297 2783 1381 2868 quod
1406 2783 1432 2846 si
1457 2784 1541 2846 infra
1564 2805 1706 2848 mensem
1730 2786 1910 2871 predictum
1931 2813 1994 2856 non
2010 2795 2147 2878 solvant,

331 2901 366 2956 ut
389 2893 508 2956 dictum
534 2899 592 2973 est,
609 2892 730 2956 dictum
753 2891 908 2977 porchum
931 2897 1063 2978 propter
1086 2892 1146 2955 hoe
1170 2913 1233 2954 nou
1258 2891 1376 2955 cadant
1400 2889 1531 2954 afeudo
1548 2891 1610 2953 nisi
1626 2892 1728 2978 primo
1745 2893 1843 2958 fuerit
1858 2901 2057 2982 requisitum.
2075 2907 2148 2973 Hoc

330 3000 434 3064 eciam
457 3007 529 3064 aeto
554 3001 726 3081 intereos,
752 2997 836 3085 quod
864 3019 997 3084 presens
1021 2999 1186 3084 conceptio
1196 2998 1235 3062 (4)
1249 3019 1310 3061 non
1336 2997 1515 3084 prejudicet
1538 2998 1826 3087 Archiepiscopatu
1852 3004 1975 3090 pisane,
1993 3011 2060 3076 sive
2080 3015 2148 3098 juri

329 3107 430 3193 ipsius
454 3107 482 3169 si
506 3107 591 3192 quod
618 3107 717 3170 habet
741 3106 771 3168 in
797 3106 893 3170 rebus
924 3105 1116 3192 supradictis
1147 3105 1198 3169 vel
1223 3105 1332 3190 aliqua
1359 3125 1469 3168 eorum
1502 3127 1543 3168 ex
1574 3106 1786 3172 instrumento
1819 3110 1902 3176 dicte
1934 3120 2147 3187 concessionis

331 3214 448 3300 scripte
471 3235 568 3277 uranu
592 3213 713 3277 domini
736 3213 904 3278 Bonvisiui
929 3213 1049 3277 domini
1072 3214 1251 3298 Bolognitti
1275 3214 1411 3297 notarij,
1436 3212 1521 3277 facto
1545 3212 1639 3276 bodie
1664 3213 1809 3280 Bononie
1834 3219 1866 3282 in
1897 3221 2000 3307 burgo
2030 3226 2145 3314 Riobe,

331 3321 364 3384 iu
387 3321 481 3384 dorne
505 3321 572 3384 sive
596 3341 724 3384 camera
747 3321 867 3384 domini
891 3320 1043 3408 Episcopi
1067 3321 1240 3385 cerviensis
1264 3321 1409 3406 predicti,
1427 3321 1629 3406 presentibus
1646 3324 1800 3406 magistro
1821 3325 1965 3394 Marsilio
1990 3333 2029 3395 de
2054 3335 2146 3400 Mau·

330 3428 483 3513 tighellis,
501 3427 630 3490 doctore
654 3427 865 3510 decretorum,
883 3427 1011 3492 (lautino
1028 3427 1168 3490 Martiae
1186 3427 1354 3510 Sulimaui,
1371 3427 1479 3512 legum
1496 3427 1636 3510 doctore,
1653 3428 1781 3495 domino
1805 3431 1903 3498 Petro
1927 3437 2047 3503 domini
2072 3443 2145 3508 Ari-

327 3536 408 3600 verii
432 3535 471 3598 de
496 3535 775 3618 Carboneusibus,
800 3535 928 3600 domino
957 3535 1127 3600 Boniiacio
1160 3535 1198 3598 de
1229 3535 1392 3622 Abaysio,
1418 3535 1546 3600 domino
1570 3535 1720 3600 Johaune-
1752 3541 1877 3606 notario
1901 3543 1940 3608 dc
1964 3545 2145 3634 Merolinis,

327 3641 457 3706 domino
481 3641 605 3706 Jacobo
630 3641 669 3705 de
694 3641 862 3706 ltlcruliuis
886 3650 918 3706 ct
943 3642 1081 3707 Saluitto
1107 3642 1315 3724 Gualaudini,
1335 3643 1469 3705 testibus
1492 3649 1528 3705 ut
1550 3643 1654 3706 dictus
1679 3644 1826 3710 dominus
1849 3647 2091 3718 Brancaleonus
2115 3664 2147 3721 et

327 3750 430 3814 dictus
454 3749 602 3813 dontinus
619 3749 834 3832 Johanninus,
852 3758 1042 3836 procurator
1064 3751 1140 3814 dicti
1164 3751 1285 3815 domini
1308 3752 1462 3838 Episcopi
1485 3751 1525 3814 ad
1550 3751 1734 3817 laciendum
1756 3755 1832 3840 poni
1856 3758 2001 3843 predicta
2025 3763 2056 3826 in
2080 3785 2147 3828 me·

327 3857 514 3922 morialibus
539 3857 691 3920 Comanis
715 3857 862 3922 Bononio
888 3879 929 3921 ex
953 3859 1165 3922 instrumento
1190 3859 1250 3945 ipsi
1275 3859 1475 3945 procuratori
1499 3880 1596 3922 rnanu
1620 3859 1720 3946 ipsias
1743 3861 1911 3928 Bonvisiui
1928 3870 2045 3932 notarii
2061 3871 2146 3937 lacto

326 3964 414 4028 dicta
437 3965 499 4048 die,
525 3965 605 4046 loco,
630 3971 662 4028 et
685 3965 889 4050 presentibus
913 3965 1007 4028 dictis
1030 3965 1178 4048 testibus,
1203 3966 1284 4029 dixit
1308 3974 1340 4030 et
1363 3967 1459 4030 scribi
1484 3966 1570 4031 feeit.

1210 4287 1269 4352 IX.

1104 4503 1201 4585 1285,
1225 4503 1268 4564 21
1293 4503 1371 4566 tarta.

356 4710 409 4774 Ex
431 4711 530 4774 Arch.
555 4711 644 4774 Max.
669 4710 762 4794 bon,
788 4713 820 4776 in
844 4675 985 4777 Mereor..
1004 4712 1199 4798 Carambim
1221 4714 1318 4778 Mem.
1343 4715 1473 4779 Azolini
1497 4715 1611 4780 Oambi
1633 4716 1672 4780 de
1696 4716 1809 4800 Vitris,
1837 4720 1932 4800 1285,
1956 4741 1983 4784 c.
2011 4725 2050 4785 15
2075 4719 2119 4786 v.⁰

414 4924 622 5008 disclusas,
644 4925 823 5010 judictione
847 4927 939 5011 xiij.,
964 4927 1015 4990 die
1039 4929 1167 4992 sabbati
1190 4929 1363 5014 vigessimo
1388 4931 1491 5016 primo
1513 4919 1599 5014 julij.

415 5037 467 5108 (Π
483 5033 563 5098 Cum
588 5034 648 5096 hoc
673 5041 767 5115 esset,
789 5034 875 5119 quod
898 5034 1046 5098 domiuus
1070 5037 1224 5120 magister
1248 5037 1399 5100 Thadeus
1423 5037 1462 5100 dc
1485 5037 1662 5120 Florentia,
1687 5040 1766 5103 artis
1789 5040 1947 5105 medicine
1971 5044 2143 5128 professor,

325 5140 482 5226 proficisci
507 5140 688 5203 intenderet
711 5140 752 5203 ad
776 5141 939 5204 civitatem
960 5141 1094 5224 Mutine,
1111 5143 1324 5228 presentibus,
1342 5151 1374 5207 et
1395 5144 1546 5208 mandato
1567 5145 1770 5210 dominorum
1786 5147 1984 5232 Allegratuti
2008 5151 2143 5216 condam

327 5247 448 5312 domini
470 5247 665 5310 Menovilani
689 5247 728 5311 de
753 5247 981 5331 ltleaovilanis,
1006 5250 1129 5335 capelle
1162 5252 1265 5314 sancti
1297 5251 1466 5315 Michaelis
1490 5251 1529 5316 de
1552 5252 1755 5336 Labroxeto,
1781 5261 1813 5318 et
1835 5250 1952 5320 Ub'erti
1974 5257 2013 5320 de
2037 5258 2143 5322 Pavo·

326 5356 489 5438 uersibus,
509 5355 631 5440 capelle
656 5356 759 5419 sancti
782 5355 951 5420 Benedicti
974 5357 1014 5420 de
1037 5357 1138 5421 Porta
1160 5357 1264 5440 Nova,
1282 5366 1314 5422 et
1336 5358 1445 5422 Yvani
1468 5359 1508 5423 de
1531 5359 1738 5445 Bataglutiis,
1760 5363 1883 5447 capelle
1907 5371 2018 5428 sancte
2041 5364 2144 5431 Mario

326 5461 478 5546 Majoris,
504 5483 602 5526 causa
626 5463 760 5526 curandi
784 5461 924 5527 nobilem
947 5464 1052 5528 virum
1076 5464 1241 5529 dominum
1264 5464 1445 5530 Gerardum
1469 5466 1508 5530 de
1536 5466 1749 5552 Raugonibus
1781 5469 1884 5533 civem
1912 5471 2143 5557 mutinensem,

327 5577 556 5662 cognoscentes
581 5569 804 5632 mandatorem
828 5591 891 5634 non
916 5571 1055 5656 obligari
1078 5571 1117 5634 de
1143 5593 1229 5655 casu,
1252 5573 1313 5636 nisi
1336 5573 1514 5659 spetialiter
1537 5575 1598 5639 hoe
1622 5583 1716 5661 pacto
1740 5577 1927 5660 conveniat,
1951 5579 2063 5643 voleus
2084 5581 2145 5645 sibi

326 5677 430 5740 dictus
463 5678 617 5762 magister
642 5677 793 5740 Tbadeus
826 5679 1004 5763 spetialiter
1034 5679 1222 5767 providere,
1247 5689 1278 5744 et
1310 5681 1446 5766 predicti
1476 5682 1621 5746 volentes
1652 5683 1695 5747 ad
1725 5683 1931 5771 infrascripta
1965 5688 2144 5776 spetialiter

326 5784 475 5869 obligari,
500 5785 636 5870 predicti
667 5806 795 5866 omnes,
821 5784 943 5848 scilicet
968 5785 1180 5870 Allegratuti,
1205 5786 1348 5851 Ubertus
1375 5795 1407 5851 et
1430 5787 1583 5871 Yvauus,
1608 5797 1640 5853 et
1668 5790 1803 5875 quilibet
1833 5813 1943 5856 eorum
1970 5793 2143 5860 insolidum

326 5893 586 5956 eonsentihentes
603 5913 637 5955 se
653 5892 847 5978 principales
864 5892 1035 5976 debitores,
1053 5895 1279 5980 promiserunt,
1296 5895 1454 5981 solempni
1478 5897 1685 5983 stipulatione
1701 5897 1900 5984 interposita,
1918 5900 2061 5984 predicto
2077 5923 2144 5965 ma·

326 6001 426 6085 gistro
459 6001 591 6065 Thadco
623 6023 657 6064 se
689 6001 832 6065 facturos
865 6009 897 6064 et
928 6009 1095 6066 curaturos
1130 6002 1215 6087 quod
1247 6003 1350 6066 dictus
1380 6005 1534 6089 magister
1565 6004 1717 6068 Thadeus
1748 6007 1885 6070 liberum
1916 6006 2036 6072 lrabeat
2067 6009 2141 6092 iter,

326 6114 359 6172 et
381 6107 569 6193 expeditum
593 6109 625 6172 in
650 6109 777 6172 heuudo
798 6117 831 6172 et
855 6109 1017 6174 redeundo
1042 6118 1073 6174 et
1097 6111 1222 6193 stando,
1248 6121 1370 6176 remoto
1395 6113 1481 6176 onrui
1498 6113 1676 6177 obstacullo
1694 6121 1725 6177 et
1741 6114 1979 6200 impedimento,
1996 6117 2041 6180 ita
2058 6118 2144 6202 quod

326 6215 367 6277 ab
391 6213 553 6300 aliquibus
578 6235 640 6279 non
665 6216 858 6302 impedietur
881 6217 933 6279 vel
957 6217 1180 6282 molestabitur
1203 6218 1236 6282 in
1260 6241 1366 6301 avere,
1384 6220 1436 6284 vol
1461 6241 1609 6305 persona,
1626 6221 1848 6305 promittentes
1869 6222 2006 6286 eundem
2029 6245 2143 6289 sanum

407 6465 446 6529 (1)
467 6463 519 6528 Sic,
537 6479 587 6532 pro
607 6481 621 6514 c
638 6465 824 6530 praevidenti
842 6484 865 6516 ›.
1342 6470 1380 6535 (3)
1401 6469 1453 6531 Sic,
1473 6485 1522 6537 pro
1542 6485 1556 6518 r
1576 6485 1664 6520 mense
1684 6488 1707 6520 o.

396 6555 446 6621 Ι(2)
467 6553 519 6604 Sic.
1344 6559 1383 6625 (t)
1402 6557 1454 6608 Sir.
