5490 7750
835 683 1066 735 senosanam
1093 684 1145 734 nn
1174 684 1430 738 raosassoans
1458 685 1563 736 anais
1593 686 1726 736 orvans
2134 665 2182 735 89

369 837 410 899 od
433 838 527 902 dictos
549 839 641 903 libros
662 839 855 904 scribendum
878 841 943 903 sine
963 860 1062 923 paro,
1078 847 1104 903 el
1128 860 1165 904 ecc
1188 861 1271 904 rinno
1284 860 1346 924 pro
1361 860 1423 903 non
1438 841 1558 923 scriptis
1573 841 1797 924 intelligantur,
1815 847 1843 904 et
1858 847 1893 904 al
1908 841 1972 903 ceri
1987 839 2189 906 Jerernienses

369 951 539 1009 tractentur
562 953 589 1010 et
611 946 793 1030 habeantur,
808 968 877 1011 cnm
894 947 1029 1031 predicti
1048 947 1257 1011 descendentes
1282 967 1400 1032 semper
1420 947 1542 1029 fuerint
1564 947 1606 1010 ad
1628 947 1777 1010 rrraeedata
1804 945 1980 1010 Cenomanis
2003 947 2141 1012 Bononio
2164 956 2190 1012 el

369 1053 512 1116 soluerint
534 1054 679 1137 collectas,
703 1061 730 1118 et
752 1055 831 1118 alias
848 1053 989 1138 publicas
1009 1053 1157 1136 factiones
1182 1061 1209 1118 el
1232 1053 1421 1118 cacalclratas
1440 1053 1571 1136 fecerent
1593 1061 1620 1118 el
1643 1056 1791 1118 exercilus
1810 1061 1845 1118 at
1871 1055 1930 1138 alij
1958 1057 2034 1119 circs
2063 1057 2190 1120 ciuitatis

369 1157 518 1243 Bononia,
535 1167 562 1224 et
582 1168 703 1244 portem
725 1159 858 1225 Ecclesia
881 1168 907 1225 el
924 1160 1161 1224 Jeremiensinra
1184 1162 1312 1224 ciuitates
1331 1160 1470 1224 Bononia
1484 1161 1684 1244 jnracerint;
1699 1169 1726 1225 et
1741 1169 1912 1225 tractentur
1926 1169 1961 1226 at
1977 1162 2189 1246 Jeremienses,

368 1287 438 1329 cnm
461 1268 609 1332 mandato
631 1269 759 1332 ciuitatis
782 1267 919 1332 Bononio
941 1288 1059 1351 semper
1078 1267 1208 1348 fecerint
1230 1275 1257 1330 et
1276 1267 1416 1331 intendat
1429 1268 1531 1350 facere
1548 1270 1580 1330 in
1592 1268 1750 1350 saturano,
1768 1277 1795 1332 et
1811 1269 1892 1354 qnod
1906 1270 2069 1353 supradito
2083 1272 2187 1354 petitio

369 1375 402 1436 in
426 1374 557 1459 qualibet
573 1383 665 1459 purte
687 1379 737 1440 sni
759 1375 879 1458 effecturi
900 1376 1091 1461 integraliter
1113 1375 1326 1440 dentandetnr.
1351 1373 1393 1439 Et
1415 1396 1475 1438 non
1500 1374 1632 1439 abactae
1656 1383 1707 1440 etc.
1734 1375 1835 1454 Quoue
1857 1378 2018 1441 coluerunt
2034 1379 2143 1462 calere,
2160 1380 2187 1442 sl

363 1483 518 1566 placuerit
540 1483 652 1566 mojori
667 1485 756 1566 porti
781 1481 908 1546 Consilii
924 1482 1035 1566 populi
1058 1480 1206 1564 Bonane,
1230 1489 1257 1546 et
1280 1483 1307 1544 si
1328 1483 1363 1544 in
1385 1483 1452 1566 ι’ρεα
1473 1481 1572 1563 inerit
1594 1482 1775 1564 confirmata
1798 1490 1825 1546 et
1847 1482 2014 1567 approbata
2036 1485 2079 1548 ad
2101 1505 2187 1548 scnr-

369 1591 480 1653 tiniam
491 1589 528 1654 (1)
541 1611 611 1653 cum
631 1589 713 1673 fabis
735 1590 812 1655 albis
835 1597 862 1654 et
884 1592 982 1673 niqms
1005 1613 1035 1653 ι.

421 1776 424 1782 1
460 1695 672 1782 congregatis
696 1697 833 1761 dominis
857 1696 1000 1760 Hearico
1025 1695 1064 1760 de
1088 1697 1120 1759 la
1143 1695 1260 1778 Porta,
1284 1696 1416 1760 Vicario
1447 1696 1564 1760 nobilis
1594 1696 1704 1760 militis
1733 1697 1853 1760 domini
1883 1697 1958 1761 Pini
1988 1697 2027 1762 de
2051 1698 2185 1782 Rubeis,

368 1803 567 1868 honorabilis
592 1803 761 1890 Capitonei
784 1804 895 1890 populi
912 1803 1128 1884 bononiensis,
1145 1804 1301 1867 Ancianis
1317 1809 1350 1867 et
1367 1803 1559 1868 Consulibus
1575 1803 1687 1889 populi
1710 1805 1828 1867 mensis
1853 1805 1983 1889 augusti
2006 1806 2038 1869 in
2058 1805 2187 1872 Palatio

368 1931 451 1975 novo
475 1909 551 1974 dicti
576 1910 761 1975 Communis
785 1911 826 1974 ad
849 1932 964 1975 sonum
987 1931 1142 1997 campane
1166 1917 1198 1974 et
1221 1931 1300 1974 voce
1323 1909 1481 1996 preconis,
1506 1918 1541 1974 ut
1573 1911 1670 1974 aroris
1699 1917 1758 1993 est,
1788 1911 1871 1975 lecta
1906 1912 1968 1975 fuit
2002 1913 2188 1998 supradIcta

368 2017 508 2103 provisio
532 2016 618 2081 facta
638 2039 696 2103 per
712 2017 856 2082 dominos
881 2016 957 2080 Otto
981 2016 1181 2102 supradictos
1204 2015 1400 2080 Defensores
1424 2024 1456 2080 et
1470 2018 1685 2082 Proconsules
1706 2018 1802 2102 juxta
1826 2017 1963 2084 formam
1987 2019 2087 2104 ipsius
2112 2042 2186 2106 pro·

367 2124 499 2190 visionis
522 2146 580 2210 per
603 2146 653 2188 me
677 2124 844 2189 Matheum
868 2125 1029 2188 notarium
1051 2123 1306 2210 infrascriptum;
1323 2124 1354 2186 in
1379 2145 1442 2210 qua
1467 2125 1596 2209 quidem
1613 2123 1754 2189 Consilio
1779 2133 1812 2189 et
1834 2125 1943 2190 Massa
1967 2128 2078 2212 populi
2100 2127 2186 2192 facto

369 2233 487 2318 partito
510 2255 569 2318 per
592 2231 712 2296 dictum
736 2232 900 2296 dominum
923 2231 1102 2296 Hearicum
1125 2230 1292 2295 Vicarium
1316 2231 1357 2295 ad
1380 2233 1569 2296 scurtinium
1590 2254 1662 2297 cnm
1686 2232 1770 2298 fabis
1793 2233 1876 2298 albis
1907 2242 1939 2297 et
1966 2235 2078 2319 nigris,
2103 2235 2186 2300 datis

368 2340 552 2406 hominibus
576 2340 788 2404 existentibus
813 2340 844 2403 in
870 2339 955 2404 dicto
979 2339 1121 2404 Consilio
1146 2360 1204 2424 per
1226 2339 1390 2402 banitores
1414 2340 1525 2425 populi
1547 2340 1711 2423 Bononia,
1737 2347 1770 2405 et
1796 2341 2001 2427 postmodum
2032 2343 2188 2406 restitutis

369 2448 523 2512 fratribus
545 2447 742 2512 Eremitanis
767 2449 870 2511 sancti
893 2447 1009 2511 Jacobi
1032 2453 1131 2510 strate
1156 2447 1260 2509 sancti
1283 2445 1421 2528 Donati,
1446 2454 1479 2510 et
1503 2448 1677 2510 numeratis
1705 2469 1763 2533 per
1794 2448 1873 2512 duos
1907 2471 1949 2512 cx
1976 2450 2132 2514 Ancianis
2156 2456 2188 2514 et

369 2555 562 2620 Consulibus
586 2556 697 2642 populi
725 2555 757 2618 in
777 2555 941 2642 presentia
965 2554 1122 2618 dictorum
1147 2553 1283 2618 fratrum
1308 2561 1339 2618 et
1364 2553 1510 2638 Consilij,
1526 2555 1649 2640 placuit
1671 2556 1864 2641 ponentibus
1887 2556 1980 2620 fabas
2004 2557 2106 2641 albas,
2132 2559 2187 2644 qui

368 2661 498 2726 fuerunt
522 2683 654 2726 numero
678 2661 1121 2746 centumnonagintaseptcm,
1140 2660 1225 2745 quod
1248 2660 1335 2724 dicta
1358 2660 1498 2746 provisio
1523 2667 1554 2724 et
1578 2662 1685 2724 omnia
1709 2683 1771 2746 que
1795 2663 1999 2726 continentur
2019 2663 2051 2726 in
2068 2684 2107 2727 ea
2124 2664 2189 2727 sint

368 2768 471 2850 firma,
488 2769 619 2832 valeant
642 2773 674 2830 et
697 2774 838 2850 teneant,
861 2774 893 2830 et
916 2767 949 2829 in
973 2767 1121 2830 omnibus
1144 2773 1177 2829 et
1201 2787 1257 2851 per
1281 2766 1389 2829 omnia
1413 2765 1541 2831 effectui
1565 2766 1808 2850 demandentur,
1831 2773 1926 2853 prout
1949 2768 2034 2832 lecta
2058 2769 2189 2833 fuerunt

369 2875 402 2938 in
427 2875 511 2939 dicto
536 2875 688 2958 Consilio,
705 2881 737 2938 et
760 2875 805 2937 sic
830 2873 1021 2959 approbant.
1046 2873 1101 2936 Illi
1124 2895 1200 2936 vero
1225 2873 1340 2958 quibus
1364 2872 1623 2958 disp[l]icuerunt
1646 2874 1800 2960 predicta,
1819 2875 1873 2960 qui
1896 2884 2073 2960 posuerunt
2096 2876 2188 2939 fabas

369 2983 478 3067 nigras
503 2983 534 3046 in
558 2983 764 3064 contrarium,
781 2980 912 3045 luerunt
935 2981 1011 3065 ciiij.
1038 2981 1188 3044 Testibus
1214 2980 1343 3044 Simone
1367 2980 1488 3044 domini
1512 2980 1691 3044 Guillielmi
1715 2981 1754 3045 de
1779 2981 1987 3068 Sparsonaldi
2010 2990 2043 3046 et
2066 2984 2186 3069 Ayme-

368 3091 435 3153 rico
459 3089 592 3172 Orandi,
617 3089 752 3153 notario.

1241 3408 1311 3472 LV.

1117 3624 1214 3707 1309,
1238 3624 1281 3686 28
1303 3624 1437 3687 octobris.

742 3839 795 3904 Ex
818 3847 904 3904 tomo
928 3838 1120 3903 LXXXIII.
1148 3837 1264 3902 Codicis
1287 3838 1411 3923 clquorn.
1436 3837 1523 3922 hora,
1548 3860 1634 3904 num.
1658 3839 1816 3904 XLVIII.

457 4057 605 4122 Clemens
627 4057 720 4144 Papa
742 4056 783 4120 V.
794 4056 831 4122 (2)
856 4056 983 4121 Dilecto
1006 4055 1072 4120 filio
1095 4055 1250 4140 magistro
1273 4054 1445 4119 Guillelmo
1462 4055 1598 4120 Accursi
1614 4055 1653 4118 dc
1669 4054 1828 4140 Bononia,
1844 4057 1954 4142 legum
1970 4057 2104 4140 doctori,
2121 4058 2184 4121 Ar-

368 4164 556 4228 chidiacono
581 4163 824 4228 Gualdafaiarie
848 4164 881 4227 in
904 4164 1052 4228 Ecclesia
1074 4163 1227 4246 toletana,
1253 4163 1420 4248 capellano
1446 4171 1565 4227 nostro.

456 4272 544 4336 Dum
567 4273 735 4336 literarum
758 4272 925 4336 scientiam
949 4277 981 4335 et
1005 4272 1070 4335 alia
1093 4272 1126 4334 in
1149 4277 1181 4335 tc
1198 4271 1342 4355 ingentia
1358 4292 1492 4334 munera
1509 4271 1687 4356 gratiarum
1704 4271 1875 4356 diligenter
1891 4271 2096 4354 attendimus,
2114 4293 2186 4357 gra-

367 4386 464 4465 taque
488 4379 659 4464 obsequia,
684 4401 746 4464 que
769 4379 810 4443 ab
834 4379 910 4443 olim
935 4379 1012 4443 sedi
1036 4379 1210 4464 apostolice
1233 4378 1418 4465 impendisti
1442 4379 1561 4443 diutius
1590 4386 1623 4443 et
1652 4380 1810 4465 impendis
1838 4386 1975 4465 paterna
2004 4372 2186 4444 considera·

367 4488 454 4551 tione
478 4489 662 4573 pen'samns,
680 4487 855 4573 apostolico
880 4495 911 4550 te
937 4487 1048 4551 favore
1072 4487 1205 4572 dignum
1229 4467 1453 4572 conspicimus,
1471 4493 1502 4550 et
1525 4488 1733 4573 prerogativa
1757 4487 1861 4571 gratie
1885 4487 2068 4574 specialiter
2091 4486 2186 4551 attol-

368 4594 508 4658 lendum.
540 4594 672 4659 Dudum
702 4594 860 4680 siquidem
891 4616 933 4658 ex
964 4602 1075 4658 tenore
1107 4601 1161 4657 tue
1189 4594 1353 4680 petitionis
1384 4595 1565 4680 accepimus
1599 4594 1701 4659 felicis
1732 4595 1963 4658 reeordationis
1990 4594 2185 4659 Benedictus

366 4724 452 4789 papa
467 4702 547 4784 XL,
564 4701 774 4788 predecessor
797 4709 916 4785 noster,
933 4702 1045 4766 volens
1061 4701 1120 4766 tibi
1136 4701 1276 4787 gratiam
1293 4701 1399 4766 facere
1423 4701 1606 4787 specialem,
1624 4701 1683 4766 tibi
1706 4723 1763 4788 per
1787 4701 1932 4769 diversas
1952 4702 2045 4767 duxit
2061 4702 2187 4766 litteras

368 4808 619 4890 concedendum,
642 4815 678 4872 ut
702 4809 856 4894 quamdiu
879 4809 912 4872 in
936 4829 1070 4872 romana
1094 4807 1192 4873 Curia
1215 4807 1267 4871 vel
1292 4807 1369 4870 alibi
1393 4808 1555 4893 obsequiis
1579 4808 1662 4872 dicte
1688 4807 1792 4892 Sedis,
1808 4809 1848 4872 de
1873 4808 1973 4895 ipsius
1998 4808 2090 4872 Sedis
2114 4829 2185 4894 spe·

369 4917 442 4980 ciali
466 4916 618 4980 mandato
642 4916 816 5000 insisteres,
834 4916 967 4996 fructus,
985 4916 1127 4980 redditus
1152 4922 1183 4980 et
1206 4922 1381 5002 proventus
1405 4917 1642 5002 prebendarum
1666 4923 1698 4981 et
1718 4917 1854 4981 aliorum
1871 4916 2099 4980 beneficiorum
2115 4923 2185 4979 tuo·

369 5047 450 5108 rum,
468 5046 530 5110 que
554 5021 630 5090 tunc
652 5025 821 5090 obtinebas
845 5015 877 5089 et
900 5033 931 5089 te
957 5025 1101 5090 obtinere
1126 5025 1328 5110 contingeret
1351 5024 1384 5088 in
1409 5024 1562 5107 futurum,
1579 5024 1677 5089 etiam
1693 5026 1720 5088 si
1734 5032 1926 5110 personatus
1942 5025 1993 5088 vel
2010 5024 2185 5109 dignitates

370 5133 546 5196 existerent
570 5140 602 5197 et
625 5153 735 5196 curam
759 5133 940 5196 animarum
963 5132 1131 5214 haberent,
1149 5153 1221 5195 cnm
1238 5152 1277 5194 ca
1301 5152 1412 5217 posses
1430 5131 1615 5216 integritate
1631 5132 1807 5217 percipere,
1825 5131 2019 5217 quotidianis
2036 5130 2186 5194 distribu-

368 5239 508 5304 tionibus
532 5238 703 5304 dumtaxat
726 5239 880 5325 exceptis,
898 5260 971 5302 cum
994 5260 1058 5324 qua
1080 5239 1153 5302 illos
1176 5238 1358 5324 perciperes
1382 5238 1465 5302 siin
1489 5238 1653 5321 Ecclesiis,
1677 5239 1709 5302 in
1734 5238 1850 5323 quibus
1874 5237 1987 5302 eadem
2010 5237 2187 5302 existerent

369 5345 534 5430 beneficia,
551 5347 764 5432 personaliter
787 5346 962 5430 resideres;
980 5346 1128 5432 quodque
1146 5346 1351 5428 monasteria,
1368 5347 1539 5432 prioratus,
1557 5345 1719 5426 ecclesias,
1737 5346 1879 5427 clericos,
1895 5367 2050 5430 personas
2066 5352 2099 5409 et
2114 5346 2186 5410 loca

369 5455 586 5518 ecclesiastica
610 5454 889 5518 archidiaconatus
915 5453 1169 5536 Gualdalaiaria,
1195 5475 1290 5538 quem
1314 5454 1346 5517 in
1370 5453 1532 5536 toletana,
1557 5473 1594 5517 ao
1618 5452 1748 5516 abbatie
1771 5453 1811 5517 de
1834 5453 2008 5538 Lavauga,
2033 5473 2129 5538 quam
2153 5453 2185 5516 in

368 5561 534 5647 palentina
558 5561 701 5626 ecclesiis
725 5560 860 5644 obtines,
885 5582 943 5646 per
966 5561 1108 5646 aliquam
1132 5582 1189 5624 seu
1212 5561 1337 5645 aliquas
1361 5581 1516 5646 personas
1539 5560 1672 5624 idoneas
1695 5560 1841 5642 visitare,
1867 5580 1904 5623 ec
1931 5560 2184 5645 procurationes,

369 5669 493 5733 ratione
516 5669 709 5733 visitationis
732 5667 858 5732 debitas
891 5669 924 5731 in
954 5668 1092 5754 pecunia
1119 5673 1289 5731 numerata
1311 5669 1454 5754 recipere
1479 5667 1662 5732 moderatas
1686 5688 1706 5730 a
1728 5668 1946 5750 monasteriis,
1970 5667 2185 5752 prioratibus,

369 5777 523 5859 ecclesiis,
547 5777 710 5862 personis,
735 5775 858 5840 clerIcis
882 5783 915 5840 et
937 5776 1016 5840 locis
1040 5775 1266 5840 ecclesiasticis
1289 5776 1397 5839 taliter
1420 5775 1577 5857 visitatis,
1601 5797 1660 5839 nec
1688 5796 1752 5839 non
1783 5796 1841 5859 ρει·
1872 5774 2001 5838 easdem
2031 5795 2186 5859 personas

368 5883 525 5947 beneficia
548 5883 783 5966 ecclesiastica,
809 5905 870 5969 que
895 5883 937 5947 ad
959 5889 1049 5946 tuam
1073 5882 1278 5947 collationem
1302 5883 1425 5946 ratione
1450 5881 1729 5946 archidiaconatus
1753 5889 1785 5945 et
1809 5882 1938 5945 abbatie
1970 5881 2186 5966 predictorum

367 5991 539 6076 pertinent,
564 5990 719 6074 conferre,
745 5997 925 6076 ceteraque,
948 6012 1010 6076 qne
1033 5991 1158 6054 ratione
1183 5989 1462 6054 archidiaconatus
1486 5997 1518 6053 et
1542 5989 1671 6053 abbatie
1694 5989 1912 6074 predictorum
1936 5988 1977 6052 acl
2001 5995 2091 6051 tuum
2114 6011 2186 6074 spe-

369 6104 457 6162 ctant
480 6098 633 6181 officium,
651 6097 751 6162 libere
775 6119 927 6162 exercere
950 6098 1093 6180 valeres;
1112 6119 1169 6162 nos
1194 6104 1312 6180 autem,
1330 6097 1473 6160 volentes
1494 6117 1665 6182 personam
1681 6103 1770 6160 tuam
1787 6095 1897 6160 favore
1914 6096 2065 6182 prosequi
2081 6097 2186 6180 gratie

370 6205 545 6292 amplioris,
569 6205 633 6268 tuis
657 6204 944 6291 supplicationibus
968 6205 1123 6288 inclinati,
1148 6203 1338 6269 auctoritate
1362 6203 1421 6267 tibi
1444 6203 1641 6290 presentium
1663 6202 1877 6288 indulgemus,
1900 6208 1936 6266 ut
1959 6202 2045 6288 apud
2070 6201 2186 6266 Scdem

450 6544 488 6609 (1)
509 6543 561 6594 Sic.
1381 6545 1419 6610 (2)
1435 6543 1476 6593 Ex
1488 6543 1556 6611 ch.
1568 6543 1631 6594 anni
1644 6542 1732 6610 quinti
1745 6541 1894 6595 Clementis
1906 6541 1954 6608 V.,
1968 6559 2010 6610 ep.
2023 6541 2185 6604 lal,l.189.

556 6759 624 6796 rou.
644 6758 676 6795 11.
1504 6707 1506 6712 Ι
1581 6797 1583 6800 ,
2073 6741 2105 6791 12
