5544 7750
639 636 715 706 298

1396 643 1721 700 uonmnnoauut

635 809 704 890 filii,
721 815 753 871 et
773 806 943 890 intelligite
967 811 1073 870 mente
1098 804 1191 890 vigili
1214 802 1314 868 verba
1336 822 1409 866 mea
1423 848 1520 866 .....
1584 798 1721 880 11616116,
1737 795 1842 861 Baldo
1863 793 1985 858 domiui
2008 791 2194 874 Castellani,
2217 789 2365 854 Ventura
2389 789 2467 855 Gni-

636 916 797 979 Deficeret
821 913 899 976 mihi
933 919 1059 998 tempus
1088 913 1194 998 potius
1226 929 1322 996 quam
1354 915 1467 972 sancta
1489 913 1523 971 et

1585 906 1678 988 dalis,
1701 913 1734 970 61
1757 903 1883 969 6616116
1905 901 2038 985 Gisello,
2056 900 2203 966 omnibus
2227 899 2351 963 civibus
2368 899 2466 963 Arre·

636 1022 771 1086 moralia
797 1020 883 1084 dieta
906 1021 977 1104 ejus
1001 1027 1053 1084 etc.
1078 1017 1249 1082 Adducam
1273 1025 1381 1080 tamen
1410 1015 1463 1079 hic
1488 1014 1522 1078 in
1584 1013 1660 1077 tinis
1685 1021 1736 1077 616.

637 1128 857 1192 testimouium
881 1147 900 1190 6
924 1147 974 1190 me
998 1125 1189 1212 scriptorum
1216 1131 1353 1210 paterna
1384 1123 1522 1187 honora·

636 1236 715 1299 bilia
732 1256 830 1320 opera
846 1255 904 1320 pro
921 1233 1027 1319 patria
1042 1233 1199 1318 impensa,
1213 1252 1316 1316 eaque
1333 1251 1396 1294 nou
1413 1238 1522 1293 tamen

638 1342 746 1407 omnia
770 1349 821 1406 etc.
847 1339 982 1404 Invenio
1007 1339 1039 1404 iu
1064 1339 1201 1425 publicis
1230 1336 1401 1401 annalibus
1424 1336 1524 1400 Arre·

636 1450 777 1513 tinorum
801 1447 1025 1512 auctenticatis
1050 1467 1147 1510 (11666
1169 1467 1220 1510 661
1236 1443 1445 1509 Riolomanni
1460 1442 1523 1507 Ar·

637 1556 753 1642 migcri
781 1556 819 1618 de
844 1555 956 1640 Burgo
981 1552 1092 1618 Sancti
1116 1551 1304 1638 Sepulchri,
1329 1550 1414 1637 quod
1438 1569 1523 1612 anno

616 1662 769 1726 -Domini
793 1659 1024 1742 Mconxlx,
1051 1659 1176 1723 nemine
1208 1658 1387 1744 imperante
1412 1663 1444 1720 et
1467 1676 1523 1719 ra-

637 1777 731 1834 cante
768 1768 945 1855 apostolica
984 1787 1118 1831 romana
1150 1765 1249 1848 Sede,
1280 1764 1331 1828 116
1364 1763 1523 1828 dominico

637 1876 815 1964 penultimo
833 1875 1034 1962 septembris,
1052 1873 1128 1937 dum
1147 1873 1301 1938 Arretina
1317 1871 1430 1936 civitas
1451 1891 1524 1934 cum

636 1983 748 2068 Burgo
772 1983 876 2047 saneti
900 1981 1070 2068 Sepulchri
1094 1979 1254 2044 hostiliter
1269 1977 1464 2058 dissentiret,
1482 1975 1524 2040 ad

1648 1119 1719 1203 (Sic
1741 1116 1882 1200 desinit).

1647 1334 1867 1414 Β66161166,
1884 1335 2097 1416 cognomento
2121 1328 2285 1411 Limane,
2304 1327 2467 1392 Florentio

1587 1441 1752 1524 oriundus,
1773 1447 1883 1504 tantus
1906 1439 2009 1502 evasit
2032 1436 2151 1518 rhetor,
2176 1435 2396 1522 philosophus,
2420 1434 2467 1498 hi·

1588 1549 1724 1614 storicus
1747 1555 1780 1612 et
1803 1547 1996 1631 astrologus,
2014 1545 2100 1631 quod
2115 1551 2243 1630 poterat
2267 1543 2380 1607 merito
2403 1542 2468 1628 pri·

1587 1657 1649 1721 scis
1673 1655 1855 1720 oratoribus
1880 1653 2074 1738 comparari,
2099 1651 2161 1716 nisi
2184 1657 2296 1716 contra
2321 1657 2469 1714 naturam

1588 1893 1783 1959 quamquam
1807 1867 2060 1934 honorabundus
2083 1867 2117 1931 in
2136 1867 2243 1952 patria
2259 1887 2318 1930 sua
2332 1865 2468 1948 viveret,

1588 1977 1889 2067 supervenientibus
1927 1974 2096 2039 discordiis
2132 1972 2310 2056 intestinis,
2339 1981 2469 2037 coaetus

638 2091 721 2156 hanc
746 2089 876 2154 tandem
901 2088 1105 2154 concordiam
1129 2087 1303 2150 deventum
1326 2093 1385 2168 est,
1402 2093 1437 2150 ut
1460 2085 1523 2150 Ar·
1584 2088 1653 2172 jam
1677 2107 1778 2150 senex
1797 2085 1944 2170 linquere
1960 2082 2087 2147 dulcem
2102 2082 2252 2168 patriam,
2269 2081 2415 2166 pervenit
2437 2081 2470 2144 in

637 2200 733 2264 retini
757 2199 915 2284 eligerent
938 2196 1064 2261 XXIV.
1081 2197 1183 2260 bonos
1206 2196 1303 2276 11166,
1326 2194 1443 2280 quibus
1467 2194 1523 2258 da-

636 2315 708 2371 rent
732 2306 953 2393 plenissimam
975 2313 1169 2391 potestatem
1192 2302 1375 2390 paciscendi
1400 2310 1433 2366 et
1456 2301 1524 2366 bel-

636 2413 797 2500 ligerandi
821 2412 998 2478 secundum
1021 2412 1177 2498 placitum
1200 2409 1370 2498 prudentie
1394 2431 1523 2493 eorum3

637 2543 774 2608 quorum
798 2521 974 2586 electorum
999 2519 1128 2584 nomina
1153 2527 1227 2582 sunt
1252 2519 1329 2582 ista:

699 2627 858 2692 Dominus
882 2627 1045 2713 Josephus
1067 2626 1180 2712 judex.

699 2842 909 2926 Bouagiunta
932 2841 1077 2926 Longus.

700 2949 891 3012 Albertinus
915 2948 1085 3012 Johannis.

699 3055 916 3120 Bencevenne
940 3055 1180 3120 Beneventum.

702 3162 861 3248 Magister
884 3163 1052 3226 Bandiuus
1078 3162 1318 3248 grammaticus.

702 3270 842 3336 Orionus
866 3271 1051 3356 Arengerii.
1121 3353 1124 3358 Ι

703 3377 866 3442 01166166
889 3378 971 3442 Atti.

702 3485 860 3550 Dominus
884 3485 1044 3550 Martinus
1065 3486 1178 3571 judex,
1203 3494 1255 3550 etc.

703 3592 747 3657 Et
765 3592 951 3678 Burgeuses
968 3593 1116 3656 similiter
1132 3615 1173 3657 611
1190 3599 1281 3680 parte
1298 3592 1373 3675 alia,
1391 3611 1525 3676 congre·

641 3707 717 3786 gato
743 3699 885 3765 Consilio
909 3701 1054 3786 generali
1078 3701 1119 3763 ad
1146 3700 1394 3786 parlamentum,
1419 3699 1526 3784 elege-

640 3816 716 3874 runt
744 3831 816 3874 cum
848 3810 945 3896 plena
976 3810 1063 3874 belia
1091 3817 1123 3874 et
1154 3816 1313 3896 potestate
1343 3809 1377 3872 in
1409 3808 1526 3894 synda-

639 3938 710 3980 cum
737 3925 980 4002 procuratorem
997 3924 1029 3981 et
1046 3918 1248 4002 negotiorum
1265 3923 1427 4002 gestorem
1450 3915 1526 3979 dicti

642 4023 829 4088 Communis
846 4024 1011 4088 dominum
1025 4025 1186 4110 Populum
1195 4023 1349 4109 judicem,
1363 4022 1526 4109 quondam

641 4131 764 4196 domini
786 4132 920 4196 Raverii
944 4132 983 4196 16
1008 4132 1093 4197 11616
1110 4133 1231 4218 Burgo.
1248 4131 1291 4196 Et
1307 4131 1436 4196 tandem
1453 4137 1526 4217 post

639 4239 741 4302 multa
766 4247 986 4304 convenerunt
1008 4239 1086 4304 dicti
1103 4247 1327 4325 procuratores
1344 4244 1376 4302 et
1392 4238 1527 4324 syndaci

637 4355 673 4410 ut
699 4347 876 4411 Commune
902 4347 1006 4432 Burgi
1031 4348 1174 4432 quolibet
1197 4368 1282 4410 anno
1306 4346 1526 4410 (6111616111-

639 4455 762 4518 reoium
788 4455 821 4517 in
843 4454 955 4539 vigilia
971 4455 1075 4518 sancti
1092 4455 1210 4519 Donati
1228 4453 1366 4541 presulis
1383 4452 1526 4536 arretini,

639 4582 838 4647 purpureum
863 4583 900 4626 ac
925 4582 1044 4625 novum
1072 4561 1206 4648 pallium
1237 4561 1276 4624 16
1308 4559 1392 4626 bono
1424 4560 1526 4626 serico

637 4689 736 4754 super
760 4668 875 4732 lancea
898 4669 1097 4754 explicatum
1120 4689 1140 4732 a
1157 4677 1250 4754 porta
1266 4668 1407 4732 civitatis
1423 4689 1526 4753 usque

638 4775 680 4838 ad
706 4775 864 4862 palatium
888 4775 1074 4840 Communis
1098 4776 1231 4840 Arretii.
1254 4776 1298 4839 Et
1318 4776 1351 4839 in
1368 4796 1462 4839 mane
1479 4775 1526 4838 fe-

638 4883 721 4947 stive
746 4883 981 4969 solempnitatis
1009 4883 1188 4947 beatissimi
1219 4882 1340 4947 Donati
1372 4881 1525 4970 presulis,

638 4992 693 5078 qui
724 5014 799 5056 eum
830 5000 1042 5079 portaverunt
1066 4994 1098 5056 in
1121 4993 1307 5079 precedenti
1331 4992 1394 5074 die,
1415 5013 1526 5055 rursus

637 5121 759 5186 ponere
784 5107 816 5163 et
839 5101 1002 5164 dimittere
1026 5121 1123 5186 super
1148 5100 1250 5164 altare
1275 5100 1408 5184 majoris
1427 5099 1526 5163 Arrc-

638 5207 705 5270 1166
736 5206 883 5272 Ε6616616
917 5214 1099 5272 teneantur.
1124 5209 1208 5272 Item
1231 5207 1317 5292 quod
1340 5206 1526 5292 Burgenses

639 5314 788 5378 omnibus
823 5315 890 5378 suis
926 5315 1078 5402 expensis
1113 5315 1201 5379 refici
1231 5313 1354 5378 faciant
1386 5321 1528 5379 castrum

638 5421 750 5485 Plebis
773 5423 877 5486 sancti
902 5422 1070 5508 Stephani,
1088 5431 1120 5486 61
1140 5429 1267 5508 portam
1283 5429 1316 5486 61
1332 5423 1440 5485 omnia
1456 5422 1527 5506 ejus

639 5529 766 5593 edificia
787 5551 844 5616 per
862 5529 947 5616 ipsos
965 5531 1150 5615 Burgeuses
1167 5549 1291 5610 eversa,
1308 5535 1340 5592 et
1356 5528 1527 5592 ecclesiam

639 5636 750 5701 Plebis
775 5639 915 5724 positam
939 5645 1033 5701 extra
1057 5643 1209 5720 castrum,
1227 5636 1332 5722 qualis
1356 5642 1436 5719 erat,
1454 5658 1527 5700 cum

639 5744 743 5830 ipsam
767 5743 912 5808 demoliti
936 5751 1010 5808 sunt
1035 5791 1278 5808 ........
1302 5743 1528 5808 Promiserunt

639 5851 738 5915 etiam
755 5851 832 5915 dicti
848 5851 1034 5936 Burgenses
1051 5851 1158 5915 facere
1176 5851 1208 5914 in
1224 5859 1418 5938 perpetuum
1434 5872 1527 5914 exer-

638 5961 737 6025 eitum
761 5967 793 6024 et
817 5961 1001 6024 cavalcatas
1025 5961 1289 6046 quotiescumque
1306 5959 1450 6024 Arretini
1466 5960 1528 6024 hoc

639 6068 795 6151 facerent,
812 6067 866 6132 vel
889 6067 984 6132 sociis
1008 6075 1040 6131 et
1064 6068 1176 6132 amicis
1199 6076 1251 6132 etc.
1275 6067 1319 6131 Et
1343 6067 1451 6132 omnia
1474 6089 1526 6130 66-

638 6176 787 6262 pradicta
810 6175 917 6239 Aretii
939 6175 1068 6239 firmata
1095 6177 1129 6238 in
1158 6174 1260 6239 Plebe
1289 6181 1399 6238 sancte
1422 6173 1526 6238 Maris

638 6284 678 6348 de
702 6283 852 6367 Arretio,
876 6291 1026 6371 presente
1056 6283 1242 6347 venerabile
1274 6289 1367 6369 patro
1396 6282 1526 6346 domino

638 6391 789 6457 Johannc
821 6391 929 6477 priore
959 6390 1215 6472 camaldulensi,
1240 6389 1369 6454 domino
1394 6389 1527 6454 Tarlato

637 6497 677 6562 16
697 6498 896 6582 Ρ6116111616,
914 6497 1043 6562 domino
1061 6496 1189 6562 Oaffare
1203 6497 1323 6579 judice,
1343 6495 1527 6561 Amanuato

1588 2194 1730 2259 Galliam
1753 2190 1998 2275 transalpinam,
2015 2189 2071 2252 ubi
2094 2196 2227 2275 repente
2244 2188 2396 2274 gallicum
2414 2187 2469 2252 ad·

1587 2301 1681 2366 discit
1696 2301 1836 2388 ydiema.
1853 2298 1895 2363 Et
1911 2305 1947 2361 ut
1964 2297 2060 2382 gallis
2082 2296 2236 2362 divitibus
2259 2295 2471 2382 applauderet

1588 2410 1700 2474 utilem
1723 2409 1841 2473 librum
1866 2405 1987 2491 gallica
2009 2405 2123 2490 lingua
2146 2404 2257 2488 edidit,
2274 2425 2370 2490 quem
2391 2403 2471 2469 Tae-

1587 2539 1718 2582 sou-rum
1746 2514 1940 2602 appellarit,
1965 2512 2137 2598 divisitque
2161 2512 2194 2576 in
2222 2511 2321 2576 libros
2351 2519 2470 2576 ternos.

1587 2671 1864 2690 .........
1898 2620 1942 2685 Et
1964 2619 2103 2684 habetur
2125 2619 2186 2684 hoc
2210 2619 2361 2683 volumen
2385 2618 2473 2706 apud

1587 2732 1693 2818 gallos
1717 2732 1749 2795 in
1773 2751 1892 2814 magno
1915 2727 2031 2815 pretio,
2047 2727 2081 2792 in
2101 2748 2164 2812 quo
2188 2725 2271 2790 dixit
2295 2775 2470 2792 ......

1587 2839 1736 2904 16616616
1761 2838 1802 2902 61
1826 2836 2014 2901 aucthorem
2042 2835 2104 2900 sibi
2135 2835 2334 2900 Brunectum
2364 2835 2471 2920 loqui:

1704 2963 1778 3015 State
1797 2961 1989 3014 recomondato
2009 2961 2029 3011 il
2048 2959 2103 3010 mio
2122 2958 2243 3012 Thesara

1705 3051 1757 3104 Nol
1778 3052 1859 3121 quale
1879 3051 1940 3102 viro
1960 3065 2070 3114 ancora,
2090 3065 2105 3102 e
2124 3048 2172 3118 pit
2191 3064 2245 3100 nou
2264 3047 2388 3116 cheggio.

1587 3163 1705 3228 Effecit
1729 3163 1828 3225 alium
1853 3161 1885 3224 in
1908 3159 2011 3223 latina
2026 3165 2058 3222 et
2075 3166 2222 3223 materna
2238 3158 2360 3243 lingua,
2377 3179 2475 3244 quem

1593 3271 1832 3334 Tliesnureofum
1855 3268 1947 3349 dixit,
1964 3268 1997 3330 in
2015 3287 2078 3352 quo
2094 3265 2246 3330 tractavit
2267 3266 2306 3330 16
2330 3265 2475 3330 moribus

1588 3378 1764 3460 homiuum,
1789 3377 1828 3441 de
1853 3375 1991 3456 casibus,
2011 3374 2050 3439 de
2074 3374 2254 3438 mobilitate
2278 3373 2427 3457 fortune,
2444 3383 2475 3438 et

1588 3486 1730 3550 humano
1754 3493 1840 3549 statu
1864 3491 1916 3548 etc.

1653 3702 1825 3767 Conncms
1848 3701 2019 3781 Pramus,
2044 3698 2154 3762 rethor
2178 3698 2338 3762 maximus
2362 3697 2476 3762 facun-

1590 3810 1804 3894 dissimusque
1836 3815 1963 3889 orator,
1986 3812 2083 3893 poeta
2106 3804 2213 3869 clarus
2237 3813 2269 3869 et
2291 3805 2476 3890 hystoricus

1590 3919 1760 4004 gloriosus,
1784 3938 1869 3980 nuuc
1892 3915 1973 3980 adeo
1998 3913 2154 3978 mirabilis
2171 3915 2205 3978 in
2221 3914 2308 3977 omui
2324 3913 2475 3978 scientia-

1589 4048 1661 4092 rum
1685 4046 1823 4110 genere,
1848 4030 1980 4108 totaque
2012 4022 2125 4108 politia
2148 4021 2232 4086 inter
2256 4041 2476 4107 quoscumque

1590 4134 1784 4198 clarissimos
1808 4131 1871 4196 mei
1894 4131 1960 4194 stili
1983 4129 2070 4194 visus
2098 4136 2161 4212 est,
2186 4129 2272 4214 quod
2303 4138 2476 4215 postquam

1590 4241 1662 4326 cepi
1684 4241 1775 4304 dotes
1799 4241 1870 4324 ejus
1894 4259 1965 4302 meo
1990 4237 2114 4301 calamo
2138 4257 2257 4322 ponera
2282 4236 2315 4300 in
2338 4257 2475 4323 papyro,

1590 4349 1658 4412 fere
1682 4348 1723 4412 ab
1748 4347 1883 4432 inceptis
1912 4345 2020 4409 destiti
2043 4365 2117 4410 eum
2140 4344 2243 4408 solum
2267 4345 2329 4408 hac
2352 4351 2477 4432 tempe·

1590 4463 1673 4520 state
1698 4455 1737 4518 de
1760 4476 1795 4518 se
1819 4453 1897 4518 satis
1922 4453 2029 4538 digne,
2047 4473 2106 4516 uec
2130 4452 2229 4516 alium
2246 4453 2387 4517 scribere
2404 4461 2479 4539 post

1590 4585 1635 4645 66,
1653 4570 1742 4627 16166
1766 4569 1818 4628 etc.
1843 4561 1920 4626 Fuit
1949 4560 2098 4626 Colucius
2121 4559 2232 4646 Pyerii
2254 4560 2349 4644 filius,
2367 4561 2478 4624 oriun-

1590 4670 1649 4734 dus
1673 4668 1713 4734 de
1738 4669 1911 4752 Salutatis,
1934 4669 2019 4732 iuter
2042 4688 2117 4732 6666
2147 4667 2236 4733 61616
2259 4668 2414 4754 prosapia
2438 4669 2477 4732 de

1591 4777 1760 4862 Stignano,
1785 4784 1890 4841 castro
1915 4775 2045 4861 quidem
2067 4775 2163 4839 vallis
2186 4775 2333 4860 Nievole,
2358 4777 2479 4840 nostris

1590 4886 1790 4971 temporibus
1813 4885 1967 4950 territorii
1990 4885 2163 4968 florentini,
2180 4884 2235 4950 ubi
2259 4893 2331 4950 orta
2354 4885 2480 4951 dudum

1590 4993 1799 5078 partialitatis
1823 4992 1994 5076 discordia,
2016 4999 2053 5057 ut
2075 4992 2261 5078 frequenter
2285 4993 2407 5058 assolet
2432 4995 2479 5057 in·

1590 5107 1640 5164 ter
1663 5107 1790 5182 tuscos,
1815 5099 1952 5186 Pyerius
1984 5100 2086 5164 veluti
2117 5107 2215 5188 caput
2241 5101 2349 5186 guelfo
2375 5103 2480 5189 partis

1590 5208 1732 5294 pellitur,
1748 5207 1841 5272 bonis
1863 5209 1933 5292 ejus
1950 5207 2107 5272 famelicis
2123 5207 2269 5272 hostibus
2286 5207 2327 5272 ad
2344 5209 2481 5295 predam

1590 5316 1685 5381 datis.
1702 5315 1800 5380 Hunc
1820 5336 1899 5400 ergo
1916 5314 2125 5380 Taddeusde
2141 5314 2283 5401 Pepolis,
2300 5315 2480 5382 bononien·

1591 5425 1634 5487 sis
1659 5423 1818 5505 dominus,
1839 5422 1931 5506 largo
1960 5422 2120 5508 stipendio
2144 5421 2187 5486 ad
2209 5443 2244 5487 se
2267 5424 2378 5506 traxit,
2405 5424 2482 5488 edo-

1591 5537 1660 5594 ctus
1684 5551 1757 5594 eum
1781 5530 1851 5594 fore
1876 5530 1973 5593 armis
1995 5530 2129 5612 clarum,
2146 5551 2205 5594 nec
2223 5531 2327 5594 minus
2343 5532 2482 5596 consilio

1590 5637 1825 5723 prepollentem
1849 5644 1900 5702 etc.
1927 5635 1992 5700 Sed
2009 5656 2094 5700 anno
2110 5635 2170 5700 XI.
2188 5637 2237 5700 sui
2253 5637 2344 5702 exilii
2360 5639 2481 5704 clausit

1591 5743 1728 5808 feliciter
1748 5744 1812 5808 vite
1829 5744 2012 5826 terminum,
2029 5743 2230 5829 superstibus
2246 5745 2347 5809 tribus
2366 5747 2482 5812 melio·

1590 5851 1634 5915 ris
1658 5873 1755 5914 sexus
1770 5851 1855 5934 filiis,
1874 5851 2001 5916 Colatio
2018 5851 2150 5934 scilicet,
2167 5851 2310 5918 Corrado
2326 5861 2359 5917 61
2375 5853 2481 5919 16611-

1590 5980 1631 6023 ne
1654 5965 1731 6022 tunc
1753 5959 1940 6045 puberibus.
1966 5959 2093 6024 Colutio
2116 5960 2149 6022 iu
2172 5958 2340 6024 literarum
2369 5963 2481 6027 studio

1590 6065 1736 6130 Bononia
1760 6067 1930 6149 enutritus,
1945 6068 2014 6152 jam
2037 6074 2157 6131 etatem
2173 6066 2319 6132 doctriua
2334 6068 2482 6133 mirabili

1591 6174 1776 6260 superabat.
1800 6174 1878 6239 Mox
1910 6175 2014 6239 erasit
2040 6175 2236 6262 prestantior
2271 6176 2339 6262 ipso
2372 6185 2480 6263 patre,

1590 6303 1650 6345 nec
1681 6281 1786 6344 minus
1814 6287 1947 6346 ornatus
1975 6303 2101 6347 morum
2131 6304 2169 6347 ac
2199 6284 2361 6369 gravitate
2395 6285 2482 6366 vite,

1591 6409 1688 6474 quam
1712 6389 1810 6452 fuerit
1825 6388 1984 6474 profunde
2001 6389 2190 6454 eruditionis
2206 6390 2343 6455 celeber.
2360 6391 2483 6455 Fulxit

1590 6503 1664 6584 pest
1687 6502 1813 6582 tempus
1838 6503 1963 6560 tantum
1986 6497 2106 6582 eloquii
2119 6497 2228 6582 jubar,
2244 6504 2280 6561 ut
2295 6505 2483 6564 monstrant
