5490 7750
630 647 704 716 114
1413 664 1654 714 uoxunnnrx

625 822 762 909 predicti
784 822 997 886 bononienses
1021 820 1151 884 fucrant
1174 821 1330 885 hactenus
1353 820 1499 904 ejusdem
1523 819 1667 884 Ecclesic
1691 821 1799 885 devoti
1821 820 1889 903 filii,
1906 827 1938 883 et
1954 841 2023 884 esse
2041 828 2197 906 perpetuo
2214 820 2449 906 proponebant,

626 938 658 993 et
682 929 767 1014 quod
792 929 876 992 idem
899 928 1037 1014 populus
1061 929 1093 991 in
1117 929 1248 992 servitio
1272 926 1418 1012 ejusdem
1442 927 1586 991 Ecclesia
1611 934 1723 992 contra
1746 927 1913 992 indevotos
1936 927 2037 1012 ipsius
2058 927 2251 1011 sanguinem
2267 949 2362 991 suum
2377 928 2451 993 sun·

625 1037 701 1101 dere
725 1042 757 1100 et
780 1036 866 1100 bona
890 1057 949 1098 sua
973 1056 1135 1122 exponere
1159 1035 1290 1098 minime
1314 1034 1496 1117 dubitarat,
1521 1034 1675 1120 populum
1706 1035 1811 1120 ipsum
1835 1035 2043 1118 dignaremur
2075 1035 2235 1120 respicere
2265 1036 2358 1099 oculo
2381 1037 2449 1122 pie·

625 1145 717 1224 tatis,
743 1144 836 1228 eique
867 1142 1015 1206 redeunti
1043 1148 1075 1205 et
1098 1142 1255 1228 penitenti
1285 1143 1391 1206 sinum
1421 1149 1453 1204 et
1486 1141 1644 1226 gremium
1665 1141 1820 1226 'ejusdem
1851 1141 1996 1205 Ecclesia
2028 1141 2277 1206 misericorditer
2310 1144 2454 1228 aperire,

625 1251 808 1336 dictumque
832 1249 988 1335 populum
1011 1247 1161 1332 dirigere,
1178 1255 1214 1312 ut
1237 1248 1351 1311 civitas
1372 1248 1517 1332 predicta
1533 1247 1593 1311 sub
1610 1248 1670 1311 alis
1687 1248 1816 1333 pietatis
1832 1255 1940 1312 nostre
1963 1253 1996 1310 et
2017 1247 2163 1331 ejusdem
2180 1247 2325 1326 Ecclesia
2341 1256 2451 1334 posset

624 1358 657 1422 in
680 1357 770 1443 pacis
794 1356 995 1442 plenitudine
1019 1363 1052 1419 et
1075 1355 1314 1440 pulchritudine
1339 1355 1524 1440 gubernari.
1549 1355 1704 1440 Idemque
1728 1355 1869 1418 sindicus
1886 1361 1917 1418 et
1933 1363 2122 1440 procurator
2143 1355 2267 1419 habens
2284 1355 2326 1418 ad
2342 1357 2450 1420 omnia

624 1472 656 1528 et
678 1463 809 1549 singula
832 1463 1038 1548 infrascripta
1062 1462 1333 1546 recognoscenda,
1358 1462 1537 1544 tractanda,
1561 1461 1711 1547 petenda,
1735 1461 1957 1547 supplicanda,
1979 1461 2137 1544 facienda,
2155 1461 2381 1548 promittenda,
2396 1464 2449 1546 ju·

623 1571 745 1654 rande,
769 1569 964 1656 perficienda
996 1577 1028 1632 et
1057 1567 1248 1656 complenda
1276 1568 1415 1654 speciale
1440 1568 1644 1650 mandatum,
1670 1567 1841 1632 uindicario
1865 1573 1897 1630 et
1920 1569 2142 1654 procuratorio
2174 1569 2302 1633 nomine
2330 1570 2449 1634 consti·

623 1679 784 1742 tuentium
807 1675 992 1740 corumdem
1017 1676 1132 1740 devote
1161 1682 1193 1739 ct
1226 1675 1391 1739 humiliter
1422 1673 1588 1738 confessus
1621 1675 1682 1738 fuit
1713 1681 1744 1738 et
1775 1674 1872 1738 etiam
1896 1675 2102 1758 recognovit,
2127 1675 2212 1760 quod
2236 1676 2307 1762 ipsa
2334 1676 2450 1741 civitas

622 1786 844 1866 bononiensis,
869 1805 906 1848 ac
931 1784 1102 1848 comitatus
1125 1789 1157 1847 et
1181 1783 1344 1846 districtus
1367 1782 1513 1867 ejusdem
1536 1782 1632 1868 pleno
1653 1783 1726 1866 jure
1751 1782 1783 1844 in
1808 1782 2039 1867 temporalibus
2069 1782 2175 1868 quoad
2208 1782 2386 1848 dominium
2417 1791 2450 1848 et

624 1915 747 1958 merum
771 1899 804 1957 et
831 1894 968 1955 mixtum
999 1891 1170 1977 imperium
1201 1898 1233 1954 et
1263 1889 1479 1954 omnimodam
1511 1890 1768 1974 jurisdictionem
1792 1889 1833 1952 ad
1857 1910 2024 1953 romanam
2048 1889 2228 1954 Ecclesium
2252 1891 2285 1954 in
2309 1891 2449 1956 solidum

624 2001 840 2088 pertinebant,
865 2021 902 2064 uc
926 2000 1023 2063 etiam
1047 1999 1270 2084 pertinuerant
1293 1998 1334 2062 ab
1358 1998 1504 2083 antiquo,
1527 2020 1564 2062 ac
1586 1998 1709 2081 juravit
1733 1997 1774 2060 ad
1797 2004 1890 2060 santa
1914 1997 1976 2061 Dei
2001 1998 2172 2082 evangelia
2196 2020 2216 2062 a
2239 2019 2274 2061 se
2299 1999 2448 2084 supradi-

624 2110 683 2188 ctis
706 2108 889 2173 nominibus
913 2114 945 2170 et
968 2107 1001 2169 in
1026 2106 1150 2169 animas
1175 2106 1437 2169 constituentium
1462 2105 1689 2191 predictorum,
1714 2104 1925 2190 corporaliter
1946 2110 2060 2190 sponte
2084 2111 2181 2186 tacta,
2204 2105 2305 2170 dictos
2330 2108 2449 2170 consti·

625 2225 752 2280 tuentes
776 2235 1008 2299 recognoscere
1033 2235 1091 2276 nos
1124 2220 1156 2277 et
1187 2234 1298 2277 omncs
1331 2234 1482 2276 romanos
1513 2212 1687 2276 Pontifices
1716 2233 1917 2276 successores
1949 2219 2074 2276 nostros
2106 2233 2200 2276 veros
2234 2234 2304 2276 ease
2336 2234 2450 2277 eorum

623 2324 780 2404 dominos,
805 2343 927 2407 nosque
951 2328 983 2385 et
1007 2342 1208 2384 successores
1233 2320 1362 2383 eoadem
1386 2341 1444 2405 pro
1468 2319 1553 2383 veris
1577 2341 1688 2383 eorum
1713 2319 1850 2383 dominis
1867 2320 2107 2404 inperpetuum
2128 2319 2248 2384 babere
2271 2327 2302 2384 et
2325 2329 2448 2404 tenere,

623 2453 660 2495 ao
685 2430 795 2511 nobis,
821 2437 929 2492 nostro
964 2435 997 2492 ct
1024 2449 1246 2492 successorum
1270 2434 1452 2491 nostrorum
1481 2433 1513 2490 et
1537 2426 1682 2510 ejusdem
1706 2447 1838 2490 romane
1861 2426 2007 2490 Ecclesia
2039 2426 2186 2509 nomine,
2210 2428 2451 2512 possessionem

623 2547 654 2602 et
679 2538 771 2623 quasi
795 2537 953 2618 civitatis,
983 2535 1154 2599 comitatus
1179 2544 1210 2598 et
1234 2534 1416 2614 districtus,
1441 2555 1478 2596 ac
1502 2535 1582 2597 mcri
1606 2540 1638 2596 ct
1661 2533 1754 2596 mixti
1778 2534 1904 2618 imperij
1929 2539 1961 2596 et
1990 2533 2170 2598 omnimode
2201 2535 2449 2618 jurisdictionis,

624 2668 683 2710 uec
707 2667 770 2708 non
795 2653 976 2708 ceterorum
997 2643 1119 2728 jurium
1143 2643 1292 2723 civitatis,
1318 2643 1488 2706 comitatus
1513 2649 1544 2704 ct
1568 2641 1732 2705 districtus
1755 2641 1950 2723 eorumdem,
1975 2642 2092 2727 quibus
2116 2663 2184 2724 nos,
2202 2663 2240 2705 ae
2265 2642 2352 2705 idem
2375 2663 2449 2727 pre-

622 2753 771 2817 decessor
796 2759 905 2816 noster
928 2760 960 2815 et
984 2751 1097 2814 eadem
1122 2771 1256 2813 romana
1286 2749 1432 2813 Ecclesia
1465 2749 1647 2831 fueramus,
1672 2755 1707 2811 ut
1737 2749 1946 2834 premittitur,
1971 2748 2117 2834 spoliati,
2141 2749 2237 2834 plene
2262 2757 2293 2813 et
2319 2750 2447 2834 integre

623 2863 793 2925 restituere
818 2860 951 2922 reddere
976 2866 1008 2922 et
1031 2859 1241 2942 reintegrare.
1266 2857 1308 2920 Et
1340 2878 1381 2919 ex
1413 2863 1488 2920 tunc
1520 2857 1604 2920 idem
1628 2856 1769 2920 sindicus
1793 2863 1825 2919 et
1849 2863 2037 2941 procurator
2065 2877 2104 2919 ea
2128 2857 2236 2920 omnia
2260 2864 2292 2920 ct
2316 2857 2448 2942 singula

622 2969 713 3032 nobis
738 2975 770 3030 ct
794 2967 915 3030 eisdem
940 2965 1178 3030 successoribus
1204 2987 1241 3028 ao
1265 2964 1369 3027 cidem
1393 2985 1524 3028 romane
1549 2963 1693 3027 Ecclesie
1717 2963 1817 3026 libere
1834 2963 2006 3027 sindicario
2023 2971 2054 3026 et
2071 2965 2293 3049 procuratorio
2316 2966 2446 3028 nomine

623 3075 807 3162 supradicto
832 3073 940 3137 verbis
965 3074 1126 3158 expressis
1156 3073 1285 3136 omnino
1314 3071 1450 3152 dimisit,
1476 3092 1597 3156 rrosquc
1622 3079 1653 3134 ct
1677 3091 1877 3134 successores
1902 3078 2026 3135 nostros
2051 3079 2083 3134 ct
2106 3071 2252 3134 camdem
2277 3093 2447 3136 romanam

622 3183 803 3246 Ecclesiam
827 3181 934 3244 verbis
959 3180 1120 3266 expressis
1151 3180 1362 3264 reintegravit
1386 3187 1418 3242 et
1441 3179 1580 3242 restituit
1604 3178 1698 3262 plene
1727 3184 1758 3241 ct
1788 3177 1888 3242 libere
1920 3178 1962 3241 ad
1996 3178 2114 3241 dictam
2144 3179 2380 3264 possessionem
2412 3187 2446 3242 et

621 3291 713 3376 quasi
745 3301 776 3353 et
808 3289 849 3352 ad
878 3288 986 3352 omnia
1009 3295 1041 3352 et
1064 3288 1192 3372 singula
1217 3289 1419 3372 supradicta3
1444 3295 1476 3351 ct
1500 3288 1531 3350 in
1557 3287 1685 3371 signum
1709 3293 1740 3350 et
1764 3286 1892 3350 nomine
1916 3285 2097 3349 traditionis
2121 3285 2305 3370 hujusmodi
2333 3309 2446 3372 eorpo-

621 3399 698 3461 ralis
722 3397 944 3483 possessionis,
962 3405 994 3459 et
1018 3397 1120 3481 quasi,
1138 3417 1175 3459 ae
1199 3397 1411 3459 restitutionis
1436 3403 1467 3458 et
1492 3394 1752 3479 reintegrationis
1775 3391 1993 3479 predictarum
2017 3393 2124 3456 claves
2141 3393 2280 3457 civitatis
2297 3394 2445 3477 ejusdem

621 3505 793 3570 sindicario
818 3513 850 3568 ct
874 3503 1095 3589 procuratorio
1120 3503 1248 3566 nonrine
1277 3502 1461 3588 supradicto
1494 3503 1585 3566 nobis
1617 3503 1649 3565 in
1682 3501 1795 3565 eodem
1825 3500 1954 3586 publico
1987 3501 2174 3564 consistorio
2206 3500 2447 3586 presentialiter

622 3613 754 3678 tradidit
782 3620 814 3676 et
838 3613 969 3676 realiter
993 3611 1181 3696 assignavit,
1200 3633 1237 3674 ac
1262 3611 1408 3696 promisit
1431 3611 1618 3674 solemniter
1641 3631 1679 3673 uc
1700 3608 1823 3693 juravit
1847 3609 1975 3672 nomine
1999 3615 2032 3672 et
2055 3607 2087 3672 in
2109 3609 2233 3671 animas
2249 3609 2447 3672 constituen-

621 3724 701 3786 tium
724 3720 952 3807 prcdictorum,
978 3718 1063 3804 quod
1088 3719 1172 3781 infra
1197 3719 1402 3783 medietatem
1426 3725 1501 3781 tunc
1526 3717 1672 3804 proxime
1696 3715 1814 3797 future,
1839 3737 1923 3779 nunc
1947 3716 2093 3801 proxime
2117 3715 2280 3800 preterita,
2305 3715 2447 3799 quadra·

618 3830 740 3914 gcsime
765 3828 842 3892 dicti
866 3848 1052 3907 commune,
1078 3826 1271 3889 universitas
1296 3832 1328 3889 et
1351 3825 1489 3910 populus
1514 3824 1632 3888 dictam
1656 3823 1902 3908 possessionem,
1927 3829 1959 3885 et
1982 3823 2085 3906 quasi,
2108 3821 2250 3886 omnium
2275 3828 2306 3884 et
2330 3821 2445 3906 singu·

620 3937 724 4000 lorum
748 3935 965 4022 predictorum
990 3934 1037 3996 illi
1058 3955 1118 4020 acu
1142 3933 1205 3996 illis
1230 3933 1385 4019 personis,
1411 3953 1508 4016 quam
1533 3953 1590 3995 seu
1615 3952 1694 4016 quas
1718 3930 1759 3994 ad
1783 3930 1843 3994 hee
1867 3929 2105 4016 deputaremus,
2123 3929 2263 4011 realiter,
2281 3929 2387 4014 plone,
2413 3937 2447 3994 et

621 4045 746 4128 integre
770 4043 952 4125 redderent,
977 4043 1184 4105 restituerent
1207 4048 1238 4103 ct
1263 4041 1467 4124 assignarent
1491 4045 1600 4103 nostro
1624 4045 1656 4102 et
1687 4038 1844 4102 dictorum
1877 4058 2099 4101 successorum
2130 4042 2162 4099 et
2191 4035 2274 4099 dicte
2298 4035 2446 4100 Ecclesia

621 4151 750 4216 nomine
775 4148 1003 4235 recipiendam,
1021 4147 1204 4212 babendum
1229 4154 1261 4210 et
1284 4147 1457 4212 tenendam
1480 4147 1581 4211 liberc
1605 4153 1637 4210 et
1661 4145 1782 4230 absque
1805 4145 2034 4230 impedimento
2058 4165 2270 4228 quocumque.
2291 4143 2448 4208 Promisit

621 4259 719 4323 ctiam
744 4258 939 4338 solemniter,
958 4265 989 4319 et
1009 4257 1134 4340 juravit
1157 4255 1285 4319 nominc
1310 4263 1341 4318 et
1365 4255 1398 4318 in
1422 4254 1564 4318 animam
1588 4253 1849 4317 constituentium
1872 4251 2099 4338 predictorum,
2117 4251 2203 4336 quod
2226 4252 2259 4314 in
2278 4251 2444 4316 civitatem

620 4366 777 4446 camdem,
803 4367 938 4450 ejusque
962 4365 1149 4428 comitatum
1173 4371 1204 4426 ct
1228 4362 1408 4426 districtum
1431 4362 1631 4426 Ludovicum
1656 4361 1695 4425 de
1718 4360 1870 4442 Bavaria,
1888 4360 1940 4423 vel
1964 4359 2109 4444 quemvis
2133 4359 2361 4444 imperatorem
2385 4381 2446 4424 seu

620 4495 729 4559 regem
755 4494 971 4554 romanorum,
989 4471 1041 4534 vel
1065 4471 1104 4534 dc
1129 4471 1270 4556 ipsorum
1295 4469 1446 4554 gentibus
1470 4468 1610 4553 aliquem
1630 4468 1681 4530 vel
1706 4467 1831 4552 aliquos
1855 4467 2006 4530 notabilis
2031 4467 2271 4552 preeminentie,
2288 4467 2444 4551 potentie,

620 4603 678 4646 seu
702 4581 881 4667 potestatis,
907 4579 946 4642 de
971 4600 1034 4664 quo
1058 4579 1110 4642 vel
1134 4577 1249 4663 quibus
1273 4583 1382 4662 posset
1405 4575 1623 4639 verisimiliter
1653 4575 1794 4638 dubitari
1824 4596 1882 4637 scu
1908 4575 2051 4660 presumi
2081 4574 2294 4636 mutationem
2324 4579 2445 4657 status,

619 4691 671 4753 vel
695 4689 940 4774 occupationem
963 4687 1102 4751 civitatis
1127 4684 1272 4769 ejusdcm
1296 4684 1414 4747 debere
1439 4685 1624 4767 contingere
1649 4682 1804 4745 adversus
1827 4703 1885 4744 nos
1906 4689 1938 4744 ct
1954 4680 2133 4745 Ecclesiam
2150 4687 2362 4744 memoratam
2378 4702 2451 4752 non

620 4797 874 4876 introducerent,
892 4817 955 4858 non
980 4799 1181 4857 assumerent
1205 4813 1263 4855 nco
1286 4792 1466 4876 reciperent
1490 4791 1612 4876 absque
1631 4790 1761 4853 licentia
1780 4789 1871 4852 Sedis
1888 4788 2075 4874 Apostolice
2092 4787 2251 4873 specialis,
2268 4809 2326 4872 per
2342 4788 2444 4873 ipsius

618 4905 729 4968 literas
754 4903 993 4968 concessionem
1016 4901 1145 4964 licentia
1170 4898 1355 4983 hujusmodi
1379 4898 1561 4984 specialiter
1585 4898 1819 4982 exprimentes,
1845 4918 1882 4959 ac
1906 4895 2113 4959 nihilominus
2136 4895 2221 4958 idem
2245 4895 2386 4958 sindicus
2411 4903 2445 4959 et

618 5019 808 5099 procurator
831 5009 1003 5073 sindicario
1032 5015 1064 5072 et
1087 5006 1309 5093 procuratorio
1334 5005 1462 5070 nornine
1486 5005 1683 5087 eorumdem,
1701 5011 1796 5090 prout
1818 5004 1912 5088 plene
1928 5009 2055 5089 poterat
2073 5024 2115 5066 ex
2131 5002 2248 5066 virtute
2266 5002 2444 5066 sindicatua

618 5129 649 5184 ct
673 5119 888 5206 procuratorij
913 5117 962 5180 sui
985 5138 1043 5202 pcr
1068 5137 1141 5180 eum
1164 5114 1256 5177 nobis
1281 5113 1392 5195 oblati,
1411 5113 1496 5198 quod
1519 5113 1552 5175 in
1577 5113 1707 5176 archivo
1732 5111 1877 5195 ejusdem
1897 5132 2029 5174 romane
2046 5109 2191 5174 Ecclesie
2214 5109 2350 5173 facimus
2366 5131 2444 5174 cou-

617 5227 751 5308 servari,
770 5226 810 5289 ad
835 5231 948 5288 sancta
972 5224 1034 5288 Dei
1058 5222 1239 5306 evangelia,
1258 5243 1315 5307 per
1335 5242 1409 5283 eum
1433 5227 1530 5302 tacta,
1547 5219 1698 5283 videlicet
1722 5225 1836 5304 quarto
1860 5217 1931 5281 idus
1956 5217 2095 5281 octobris
2119 5217 2324 5304 pontificatus
2340 5218 2444 5280 nostri

617 5357 701 5399 anno
727 5342 841 5418 quarto
863 5335 1049 5417 juramenta
1075 5331 1166 5394 nobis
1191 5329 1331 5414 prestitit
1355 5328 1387 5391 in
1416 5327 1477 5390 hac
1509 5327 1630 5390 forma:
1660 5351 1674 5384 ‹
1699 5325 1765 5411 Epo
1791 5326 1953 5389 Rotundus
1975 5325 2129 5409 parotidum
2151 5325 2265 5407 fratris
2288 5323 2445 5388 Jclrunru's

619 5445 656 5508 de
679 5441 840 5524 Funtucr'js
863 5443 935 5504 ciris
957 5439 1156 5520 bonorrieusis,
1173 5437 1311 5501 sindicus
1331 5443 1357 5499 et
1375 5443 1562 5520 procurator
1584 5436 1721 5516 ciuitatis,
1745 5435 1923 5514 ccrnnrnnis,
1947 5433 2154 5495 unirersitutr's
2177 5439 2203 5495 et
2220 5432 2330 5516 populi
2352 5430 2444 5495 bnrc·

618 5554 742 5633 niensis,
754 5552 901 5633 pronritto
921 5556 948 5612 et
962 5549 1041 5628 juro
1064 5549 1185 5610 nornine
1208 5554 1234 5610 et
1258 5547 1291 5608 in
1315 5547 1436 5608 uninros
1459 5545 1703 5607 corastituentiurn
1720 5543 1942 5626 predictorum,
1959 5541 2040 5626 quod
2055 5542 2169 5622 ciritos,
2185 5561 2354 5622 conrnune,
2372 5543 2443 5602 uui-

617 5662 742 5723 rersitus
766 5666 793 5721 et
810 5657 946 5742 pupulus
968 5655 1169 5736 bononiensia,
1193 5675 1228 5716 uc
1251 5656 1409 5716 cornitotus
1432 5659 1459 5716 et
1482 5653 1637 5715 districtus
1660 5650 1804 5733 ejusdem,
1821 5671 1875 5713 nec
1897 5670 1958 5712 non
1982 5650 2155 5711 corrununr'n
2178 5654 2205 5710 et
2228 5649 2443 5710 universitates

617 5767 769 5829 dictorum
799 5766 958 5828 cornitutrrs
981 5770 1007 5825 et
1031 5762 1187 5825 districtus
1210 5760 1247 5824 ub
1269 5760 1325 5824 buc
1348 5760 1424 5823 doro
1448 5761 1480 5822 in
1503 5767 1593 5823 urrteu
1614 5758 1718 5840 fideles
1741 5765 1767 5821 et
1791 5755 1956 5821 obedientes
1979 5763 2069 5819 erunt
2092 5754 2175 5818 beato
2200 5753 2300 5837 Perre,
2324 5762 2442 5838 aposto-

616 5875 718 5938 lorunr
736 5873 886 5957 principi,
903 5879 929 5934 ct
953 5870 1032 5933 rubis
1053 5871 1242 5932 sanctissino
1259 5869 1349 5952 putri
1365 5875 1391 5931 et
1407 5869 1529 5931 donnino
1545 5874 1646 5930 nostro
1662 5866 1784 5929 donrino
1800 5864 1962 5928 Benedicto
1972 5885 2059 5947 prope
2075 5862 2261 5944 duodecimo,
2278 5864 2444 5946 uestrisque

617 5979 834 6045 antecessoribus
857 5980 998 6042 canonice
1021 5975 1224 6056 intrantibus,
1247 5983 1407 6060 secreteque
1429 5995 1555 6038 rornune
1577 5973 1727 6056 Erebeae,
1751 5980 1778 6036 et
1801 5993 1862 6035 uon
1886 5979 1977 6036 erunt
2001 5974 2032 6033 in
2056 5970 2179 6033 censitio
2202 5977 2257 6032 aut
2279 5989 2442 6050 consensu,

613 6091 658 6155 rel
679 6089 771 6172 fuste,
797 6087 877 6173 quod
899 6089 992 6150 eitum
1009 6084 1150 6169 perdutis
1172 6091 1227 6146 unt
1250 6081 1432 6164 rnembrunr,
1448 6089 1502 6145 aut
1525 6083 1692 6165 rapiamini
1714 6080 1798 6142 rrruln
1821 6081 1974 6163 captione,
1993 6079 2163 6159 corrsilirrnr,
2181 6076 2262 6160 quod
2281 6077 2322 6139 eis
2344 6076 2442 6139 credi·

617 6200 683 6264 turi
706 6199 784 6279 estis,
803 6217 864 6280 per
887 6215 936 6259 cos
958 6201 1013 6258 unt
1031 6213 1092 6277 per
1113 6193 1273 6264 nucerium,
1296 6212 1349 6254 seu
1373 6191 1478 6253 literas
1499 6189 1542 6252 ud
1564 6197 1696 6252 nestrum
1712 6188 1756 6250 cel
1772 6187 1848 6250 dicte
1865 6185 1997 6249 Ecclesie
2012 6185 2162 6248 durnrrnm
2183 6186 2310 6248 scienter
2325 6185 2444 6246 nenrr'ni

610 6305 773 6392 pandent,
789 6305 857 6368 etsi
879 6304 1020 6366 sciverint
1040 6301 1112 6384 fleri
1135 6301 1180 6363 ret
1198 6301 1367 6383 procrrruri
1389 6319 1442 6362 seu
1465 6298 1594 6360 tractari
1616 6296 1737 6380 aliquid
1757 6295 1837 6380 qnod
1851 6295 1890 6357 sit
1905 6295 1939 6356 r'n
1955 6300 2087 6356 restrum
2106 6293 2149 6356 rel
2163 6291 2295 6355 Ecclesie
2304 6290 2443 6374 predicte

616 6415 778 6496 darnnnrn,
802 6411 883 6475 illud
900 6431 961 6495 pro
978 6430 1066 6494 posse
1089 6407 1264 6492 irupedient,
1282 6413 1308 6470 et
1329 6408 1355 6470 sr'
1375 6405 1522 6489 impedire
1537 6425 1598 6468 non
1613 6410 1731 6487 possent
1747 6402 1827 6466 illud
1842 6400 1921 6465 robis
1937 6421 1972 6464 ue
1987 6399 2204 6464 suecessoribus
2220 6400 2324 6462 uestris
2340 6405 2367 6461 et
2383 6399 2442 6481 ipsi

614 6520 747 6584 Ecclesie
768 6517 941 6604 sipritficore
963 6515 1127 6580 carebunt.
1147 6513 1301 6596 Puputrrnr
1326 6531 1490 6576 romanum
1514 6518 1541 6574 et
1556 6510 1673 6595 repulia
1693 6511 1790 6573 suncti
1807 6508 1902 6590 Petri,
1911 6508 1991 6590 jrrru
2009 6514 2036 6570 et
2043 6506 2274 6589 jurisdictiones
2289 6510 2398 6586 cestra,
2415 6510 2442 6568 et
