5490 7750
1419 615 1658 666 nortamanni

1488 1087 1598 1153 XXX.

1374 1339 1471 1422 1263,
1498 1339 1517 1402 1
1539 1338 1712 1403 decembris.

1075 1587 1127 1652 Ex
1151 1586 1264 1652 eodem
1287 1594 1374 1652 tomo
1402 1586 1474 1652 Coa.
1498 1587 1574 1672 dipl.
1599 1587 1682 1652 Eccl.
1706 1587 1792 1672 bon„
1815 1587 1885 1653 doc.
1909 1587 2017 1654 XXV.

721 1836 876 1902 Urbanus
899 1836 1009 1902 ΝΟ)
1025 1837 1124 1901 Petro
1147 1837 1232 1901 dicto
1257 1837 1406 1924 Capreto,
1429 1836 1584 1900 canonico
1607 1837 1807 1920 bononiensi,
1831 1844 1863 1901 et
1886 1837 2060 1902 Francisco
2083 1837 2123 1902 de
2146 1838 2258 1920 Baxis,
2287 1839 2448 1927 archipre-

632 1945 752 2010 sbitero
776 1945 815 2008 de
841 1943 998 2027 Salustra,
1023 1944 1187 2008 imolensis
1210 1944 1355 2008 diecesis.

722 2052 807 2116 Olim
832 2051 872 2115 ad
898 2051 1096 2116 audientiam
1120 2057 1262 2115 nostram
1285 2051 1412 2137 prelato
1446 2051 1686 2138 quodquidam
1715 2051 1893 2138 iniquitatis
1924 2051 1982 2115 filii
2013 2052 2055 2115 ad
2086 2053 2274 2117 thesaurum
2306 2053 2449 2120 Ecclesia

633 2158 839 2223 bononiensis
860 2179 897 2222 ac
921 2159 987 2222 alia
1009 2158 1095 2222 bona
1119 2179 1181 2244 que
1205 2158 1352 2244 deposita
1375 2165 1468 2222 erant
1492 2159 1524 2222 in
1549 2159 1695 2223 sacristia
1719 2159 1818 2245 ipsius
1835 2159 1979 2242 ecclesie,
1997 2159 2181 2246 cupiditatis
2198 2159 2322 2224 iniectis
2339 2162 2449 2245 oculis,

632 2267 673 2331 ad
699 2267 846 2330 eamdem
870 2266 1050 2331 sacristiam
1075 2266 1176 2331 noctis
1201 2273 1344 2352 tempore
1369 2289 1449 2330 ausu
1466 2267 1637 2331 temerario
1654 2273 1867 2350 accesserant,
1884 2273 1916 2331 et
1932 2288 2029 2353 quam
2045 2275 2259 2354 conceperant
2276 2269 2450 2354 nequitiam

631 2373 844 2460 producentes
862 2375 893 2438 in
911 2381 1029 2456 aetum,
1046 2373 1207 2460 quendam
1232 2375 1399 2438 sacristam
1423 2375 1523 2460 ipsius
1547 2374 1681 2438 ecclesie
1709 2396 1747 2438 ac
1770 2381 1921 2461 nepotem
1943 2375 2089 2459 ejusdem
2113 2383 2187 2438 ante
2210 2375 2296 2440 fores
2316 2375 2450 2440 ecclesie

630 2483 805 2568 prelibata,
831 2487 1025 2568 suggerente
1049 2481 1182 2545 humani
1206 2482 1333 2567 generis
1358 2482 1497 2565 inimico,
1522 2482 1669 2567 nequiter
1692 2483 1905 2568 prefocantes‚
1930 2482 2002 2546 illos
2026 2482 2209 2546 immaniter
2232 2483 2388 2566 occidere,
2412 2504 2449 2548 ac

631 2596 667 2653 ut
690 2596 911 2676 perpetratum
935 2589 976 2653 ab
1001 2589 1078 2675 ipsis
1102 2589 1227 2653 facinus
1251 2590 1290 2653 ad
1316 2611 1372 2653 sue
1397 2589 1612 2654 damnationis
1637 2590 1800 2654 cumulum
1822 2589 2006 2654 hominibus
2030 2589 2242 2676 publicarent,
2265 2591 2451 2656 eorumdem

630 2699 809 2762 occisorum
833 2719 970 2784 corpora
994 2719 1090 2783 super
1114 2697 1259 2781 ejusdem
1283 2697 1418 2761 ecclesie
1442 2697 1602 2783 pulpitum
1626 2697 1800 2784 imponere,
1818 2698 1938 2783 illaque
1959 2697 2078 2762 ibidem
2101 2696 2283 2784 relinquere
2306 2720 2451 2784 presum-

630 2810 782 2890 pserunt,
807 2805 959 2868 thesauro
993 2811 1025 2867 et
1055 2804 1148 2868 bonis
1178 2803 1363 2888 hujusmodi
1395 2805 1434 2868 de
1465 2804 1592 2891 prefata
1624 2805 1771 2868 sacristia
1800 2805 1967 2890 sacrilegis
1998 2805 2146 2869 manibus
2177 2805 2361 2892 asportatis.
2384 2805 2453 2870 Nos

629 2919 756 2976 tantum
779 2933 949 2976 excessum
973 2912 1119 2976 nolentes
1144 2912 1203 2975 sub
1227 2911 1482 2977 dissimulatione
1506 2912 1653 2994 transire,
1670 2912 1849 2976 venerabili
1872 2912 1964 2976 fratri
1989 2919 2098 2976 nostro
2122 2911 2376 3000 Archiepiseopo
2399 2935 2451 2977 ra-

629 3019 821 3084 vennatensi
844 3041 902 3105 per
927 3019 1052 3083 litteras
1076 3025 1203 3082 nostras
1228 3019 1452 3083 mandavimus
1478 3025 1513 3083 ut
1535 3019 1717 3084 Bononiam
1740 3019 1954 3106 personaliter
1977 3041 2011 3084 se
2035 3019 2214 3104 conferens,
2239 3026 2272 3084 et
2295 3020 2453 3105 legittimo

629 3127 824 3190 uenerabilis
848 3126 958 3190 fratris
981 3126 1082 3190 nostri
1105 3126 1258 3212 Episcopi
1282 3133 1358 3191 tunc
1381 3126 1474 3191 electi
1499 3127 1725 3210 bononiensis,
1749 3127 1805 3213 qui
1835 3148 1932 3212 super
1963 3127 2025 3190 hiis
2056 3127 2224 3191 dicebatur
2252 3127 2295 3190 ad
2319 3127 2452 3213 inquisi-

628 3234 748 3298 tionem
772 3234 946 3320 procederc
971 3234 1138 3320 incepisse,
1156 3233 1183 3296 si
1208 3233 1278 3319 quis
1302 3233 1432 3299 habitus
1454 3234 1570 3317 fuerat,
1588 3241 1716 3298 servato
1739 3255 1903 3320 processu,
1921 3255 2016 3320 quem
2041 3234 2102 3298 sibi
2126 3235 2318 3299 auctoritate
2341 3241 2453 3299 nostra

627 3341 749 3406 faceret
773 3342 931 3424 exhiberi,
949 3363 1045 3427 super
1065 3341 1229 3428 premissis
1253 3341 1367 3405 eadem
1390 3343 1593 3424 auctoritate,
1610 3349 1706 3428 prout
1726 3342 1788 3406 sibi
1803 3341 1968 3406 videretur
1988 3341 2174 3427 expediens,
2192 3342 2368 3427 inquireret
2384 3349 2452 3406 tam

629 3449 673 3514 ibi
698 3471 796 3534 quam
820 3448 908 3531 alibi,
934 3449 1040 3534 quoad
1063 3449 1223 3514 Jacobum
1247 3448 1451 3535 capellanum
1475 3457 1629 3531 nostrum,
1655 3449 1845 3514 canonicum
1868 3449 2109 3532 bononiensem,
2126 3456 2239 3513 natum
2262 3449 2371 3514 dilecti
2393 3449 2452 3512 filii

629 3556 746 3620 nobilis
769 3555 831 3620 uiri
855 3555 1038 3638 Cathalani,
1056 3556 1135 3620 civis
1158 3557 1375 3639 bononiensis,
1393 3557 1448 3641 qni
1471 3557 1580 3620 delicti
1603 3556 1790 3641 hujusmodi
1814 3563 1903 3620 actor
1927 3557 2098 3643 precipuus
2122 3557 2298 3639 serebatur,
2314 3557 2452 3621 sollicite

628 3663 799 3728 veritatem
821 3670 856 3754 et
880 3685 942 3749 que
966 3663 1124 3728 inveniret
1148 3664 1180 3726 in
1205 3663 1332 3750 scriptis
1356 3658 1497 3748 redacta,
1515 3685 1579 3727 una
1600 3686 1672 3729 cum
1695 3663 1840 3750 predicto
1862 3685 2014 3750 processu
2030 3664 2090 3728 sub
2106 3685 2165 3728 suo
2181 3664 2288 3750 sigillo
2312 3663 2451 3728 fideliter

628 3771 815 3854 introclusa,
841 3771 934 3836 nobis
957 3792 1014 3857 per
1037 3770 1165 3835 fidelem
1189 3772 1342 3835 nuncium
1365 3772 1527 3836 remittere
1552 3778 1750 3858 procuraret,
1774 3771 1898 3858 prefixo
1922 3771 2129 3835 nihilominus
2153 3771 2257 3835 eidem
2281 3772 2450 3858 capellano

628 3879 765 3943 termino
789 3878 1005 3965 peremptorio
1030 3878 1234 3964 competenti,
1252 3899 1314 3964 quo
1338 3885 1538 3964 compareret
1561 3878 1774 3965 personaliter
1798 3899 1905 3943 coram
1929 3879 2032 3962 nobis,
2053 3879 2198 3943 facturus
2214 3885 2246 3942 et
2262 3885 2450 3966 recepturus

628 3986 714 4072 quod
734 3987 862 4070 justitia
885 3985 1046 4050 suaderet.
1071 3985 1113 4050 Et
1136 3987 1212 4050 licet
1234 3985 1346 4050 eedem
1369 3986 1475 4050 littere
1507 3986 1567 4071 ipsi
1599 3985 1860 4072 archiepiscopo,
1884 3993 1920 4050 ut
1950 3986 2084 4068 dicitur,
2109 3986 2229 4050 fuerint
2252 3992 2449 4072 presentata,

628 4093 814 4177 hujusmodi
837 4099 946 4157 tamen
969 4091 1158 4157 mandatum
1180 4099 1326 4157 nostrum
1349 4093 1455 4158 adhuc
1479 4115 1543 4158 non
1566 4094 1675 4158 extitit
1698 4093 1919 4179 adimpletum.
1938 4093 2023 4158 Sane
2047 4094 2167 4180 patrati
2191 4093 2366 4158 enormitas
2390 4093 2450 4157 eri·

627 4201 723 4265 minis
747 4201 869 4265 clamor
892 4200 1005 4287 populi
1027 4200 1172 4282 validus,
1197 4199 1252 4286 qui
1275 4201 1337 4264 hae
1360 4200 1400 4264 de
1424 4221 1539 4284 causa,
1565 4207 1600 4264 ut
1623 4201 1757 4283 dicitur,
1782 4207 1893 4266 contra
1925 4201 2047 4266 clerum
2070 4201 2222 4284 insultet,
2246 4221 2305 4265 nec
2329 4221 2393 4265 non
2416 4208 2450 4265 et

628 4329 728 4393 grave
753 4329 791 4371 ac
815 4307 1032 4372 intollerabile
1056 4307 1255 4390 scandalum,
1280 4307 1365 4393 quod
1388 4308 1556 4373 occasione
1579 4307 1764 4393 hujusmodi
1788 4309 1891 4372 fcrtm
1914 4315 2077 4390 exortum,
2100 4315 2245 4372 nostrum
2275 4308 2451 4394 implorant

628 4414 767 4478 officium
792 4421 828 4477 ut
852 4414 1024 4478 efficaciter
1047 4413 1251 4478 intendamus
1278 4414 1319 4478 ad
1343 4415 1465 4479 factum
1488 4415 1604 4502 ipsum,
1621 4423 1717 4502 prout
1740 4416 1826 4478 illius
1850 4415 1965 4479 suadet
1986 4414 2135 4500 qualitas,
2159 4414 2396 4498 ulciscendurn;
2415 4423 2450 4480 et

627 4521 700 4585 ideo
724 4521 805 4585 illud
829 4521 975 4586 nolentes
999 4521 1203 4607 aliquatenus
1226 4522 1462 4607 pretermittere
1486 4523 1693 4608 impunitum,
1717 4522 1902 4586 discretioni
1929 4529 2036 4586 vestre
2068 4521 2257 4586 mandamus
2289 4529 2449 4607 quatenus

627 4650 685 4693 vos
708 4629 761 4692 vel
785 4629 868 4692 alter
891 4635 1035 4693 vestrum
1057 4650 1115 4714 per
1138 4650 1196 4693 ros
1220 4629 1273 4693 vel
1297 4629 1395 4712 alios,
1419 4637 1485 4693 tam
1507 4629 1654 4694 Bononia
1678 4651 1775 4715 quam
1799 4630 1891 4713 alibi,
1916 4637 2012 4716 prout
2035 4629 2189 4715 expedire
2212 4629 2374 4712 videritis,
2398 4631 2448 4693 in·

627 4737 762 4822 quiretis
787 4737 979 4800 auctoritate
1003 4744 1113 4800 nostra
1136 4758 1233 4822 super
1254 4736 1418 4823 premissis
1434 4736 1570 4800 sollicite
1586 4737 1766 4820 veritatem,
1783 4744 1816 4800 et
1832 4759 1893 4822 que
1910 4736 2107 4820 inveneritis,
2125 4737 2158 4800 in
2174 4737 2301 4823 scriptis
2316 4737 2449 4801 redacte

626 4845 719 4909 nobis
743 4866 801 4931 per
824 4844 966 4929 aliquem
988 4843 1117 4908 fidelem
1140 4843 1303 4927 nuncium,
1328 4844 1388 4907 sub
1412 4844 1527 4929 sigillis
1550 4845 1666 4908 vestris
1693 4844 1831 4908 fideliter
1854 4844 2040 4928 introclusa,
2064 4844 2227 4909 remittere
2251 4844 2447 4931 procuretis,

626 4959 693 5016 tam
716 4958 930 5016 memoratum
954 4949 1174 5037 capellanum,
1198 4973 1296 5037 quam
1319 4951 1417 5016 etiam
1448 4951 1678 5038 Raymundum
1709 4952 2015 5038 archipresbiterum
2046 4952 2085 5016 de
2117 4952 2216 5034 Sala,
2240 4951 2447 5016 bononiensis

626 5058 772 5143 diecesis,
790 5081 886 5145 quem
910 5059 949 5122 de
972 5059 1205 5144 principalibus
1229 5057 1365 5144 predicti
1388 5059 1540 5124 facinoris
1564 5059 1782 5146 patratoribus
1806 5059 1952 5123 extitisse
1976 5059 2096 5124 habere
2120 5059 2247 5141 dieitur,
2268 5059 2447 5122 communis

626 5167 659 5231 in
682 5167 829 5253 partibus
854 5166 918 5230 illis
942 5165 1076 5230 infamia
1100 5187 1142 5229 ex
1165 5173 1257 5252 parte
1281 5173 1391 5230 nostra
1415 5166 1623 5230 nihilominus
1639 5167 1854 5253 peremptorie
1871 5165 2017 5248 citantes,
2035 5172 2071 5230 ut
2087 5165 2171 5230 infra
2187 5187 2287 5230 unum
2302 5185 2448 5228 mensem

625 5281 698 5361 post
722 5274 908 5338 citationem
931 5279 1073 5337 vestram
1096 5280 1304 5360 compereant
1331 5273 1544 5359 personaliter
1575 5295 1684 5338 coram
1714 5274 1818 5356 nobis,
1850 5273 2027 5360 recepturi,
2052 5274 2079 5337 si
2113 5294 2210 5359 super
2233 5271 2293 5337 hoc
2324 5271 2447 5336 inventi

625 5381 746 5446 fuerint
770 5380 958 5468 culpabiles,
984 5379 1160 5444 secundum
1184 5401 1313 5444 suorum
1337 5380 1537 5466 exigentiam
1560 5380 1757 5444 meritorum.
1782 5380 1878 5445 Diem
1906 5401 1983 5444 uero
2014 5379 2175 5444 citationis
2199 5386 2231 5442 et
2254 5377 2391 5443 formam
2414 5385 2448 5442 et

625 5489 778 5576 quicquid
798 5488 872 5552 inde
889 5487 1041 5570 feceritis,
1058 5509 1115 5574 per
1135 5493 1260 5552 vestras
1283 5487 1408 5551 litteras
1432 5487 1630 5574 presentium
1654 5487 1770 5550 seriem
1793 5487 1993 5551 continentes
2017 5487 2110 5551 nobis
2129 5486 2266 5550 fideliter
2282 5485 2447 5550 intimetis.

713 5595 835 5659 Datum
859 5595 946 5680 apud
969 5595 1247 5677 Urbomveterem‚
1271 5593 1420 5658 kalendis
1444 5594 1633 5678 decembris,
1657 5595 1862 5681 pontificatus
1886 5594 1986 5657 nostri
2009 5615 2093 5659 anno
2117 5594 2222 5658 tertio.

702 6466 741 6534 (1)
761 6465 803 6518 ux
823 6483 879 6536 reg.
899 6465 1003 6519 Urban.
1023 6466 1089 6534 IV.,
1109 6483 1153 6519 an.
1173 6464 1366 6532 Moenum„
1386 6465 1408 6518 1.
1429 6464 1579 6521 decembric
