5492 7750
1375 639 1615 690 nonensem

1448 1006 1543 1070 VIII.

1340 1221 1426 1284 1265
1434 1271 1442 1304 ,
1465 1221 1509 1284 21
1532 1224 1647 1286 martii.

658 1431 711 1495 Ex
735 1431 868 1496 archivo
892 1453 917 1496 s.
942 1432 1108 1498 Francisei
1131 1433 1275 1517 Bonon,
1301 1434 1356 1498 lib.
1380 1434 1425 1518 M,
1450 1457 1480 1499 ιι.
1507 1438 1560 1518 63,
1584 1438 1725 1502 nuncin
1749 1437 1925 1504 Tabulario
1948 1439 2093 1505 Maximo
2117 1441 2324 1528 Bononiensi,

1205 1550 1283 1607 sect.
1313 1568 1328 1600 «
1352 1542 1537 1610 Dcmaaialc
1561 1568 1597 1626 s,
1623 1566 1708 1610 num.
1724 1527 1788 1640 ff,

584 1758 660 1842 [Dc
683 1763 796 1822 rectore
819 1755 1029 1822 Uniucrsitatis
1052 1758 1355 1822 ultramontanorum
1371 1760 1522 1823 creando:
1537 1760 1575 1824 dc
1590 1761 1725 1846 eligendo
1741 1767 1853 1825 rectora
1866 1783 1887 1824 a
1903 1761 2089 1826 scholaribus
2104 1761 2280 1828 theutonicis
2296 1767 2401 1850 quinto

676 1886 794 1951 qnoque
816 1886 918 1929 anno:
941 1864 978 1930 dc
1002 1863 1146 1930 Nationis
1177 1865 1346 1930 Vasconum
1375 1888 1444 1930 carn
1470 1866 1651 1932 Pictuclcncr'
1673 1870 1897 1952 coniunctiora,
1922 1877 1948 1934 ct
1978 1869 2015 1934 dc
2038 1872 2210 1936 iuramento
2231 1893 2252 1936 a
2275 1871 2401 1938 Rectorc

670 1969 895 2058 praestando]

673 2187 713 2252 In
738 2188 866 2252 nominc
890 2187 1031 2270 Domini,
1056 2209 1161 2252 aman.
1184 2186 1265 2251 Cum
1292 2194 1377 2252 assat
1400 2187 1560 2252 discordia
1583 2189 1667 2254 inter
1686 2189 1826 2254 scolares
1843 2190 2072 2255 Universitatis
2089 2191 2400 2257 ultramontanorum

584 2316 681 2382 super
705 2295 888 2377 allectione,
914 2317 969 2358 seu
995 2295 1157 2358 creatione
1182 2294 1331 2358 Raetoris
1355 2295 1439 2359 dicte
1462 2295 1703 2380 Universitatis‚
1720 2297 1870 2362 side'lieat
1894 2297 2048 2382 Gallicos,
2067 2298 2233 2382 Picardos,
2251 2299 2400 2384 Burgun-

585 2401 665 2486 dios,
689 2402 921 2484 Pictavianses,
947 2401 1151 2465 Turonenses
1175 2409 1207 2466 et
1231 2402 1502 2485 Cenomanensas,
1526 2403 1741 2486 Narmannos,
1765 2403 1948 2488 Oateianos,
1965 2404 2117 2490 Ungaros
2140 2412 2172 2468 et
2194 2404 2335 2471 Polonos
2358 2429 2401 2470 ex

584 2528 648 2572 una
672 2516 783 2595 parte3
809 2530 852 2572 ax
876 2509 979 2572 altera
1010 2529 1086 2572 vero
1110 2508 1232 2572 scilicet
1256 2508 1483 2592 Theotonieos,
1500 2509 1661 2595 Yspanos,
1684 2509 1911 2592 Provintiales,
1933 2511 2089 2596 Anglicos
2113 2518 2145 2576 at
2166 2511 2399 2595 Vasconesllt,

584 2617 670 2681 dicta
694 2615 897 2680 Universitas
922 2615 964 2679 ad
987 2616 1047 2680 hoo
1071 2623 1248 2679 convocata
1270 2637 1359 2680 mora
1384 2617 1478 2681 solito
1501 2616 1534 2680 iu
1558 2617 1694 2680 ecclesia
1718 2619 1823 2681 saneti
1845 2616 1991 2700 Proculi,
2016 2619 2210 2682 unanimiter
2233 2619 2401 2705 elegerunt

584 2724 750 2788 dominum
772 2723 906 2786 Petrum
930 2723 970 2787 de
994 2722 1175 2787 Vindocino
1199 2730 1363 2787 cantorem
1395 2745 1681 2807 cenomanensem,
1711 2725 1875 2789 dominum
1910 2724 2088 2790 Gobartum
2124 2726 2274 2790 abbatem
2298 2727 2401 2791 saneti

583 2831 701 2896 Felicis
720 2829 881 2912 Geronde,
899 2829 1064 2894 dominnm
1089 2829 1272 2916 Aymonom
1295 2831 1493 2917 prepositum
1511 2831 1774 2916 ghibennensam,
1792 2833 1981 2918 magistrum
2006 2832 2228 2896 Gnillialmnm
2247 2833 2287 2897 da
2309 2833 2401 2917 Faia,

584 2937 750 3003 domiuum
777 2937 959 3001 Arnaldum
984 2937 1023 3000 da
1048 2937 1151 3002 Podio
1175 2937 1297 3002 Amano
1329 2960 1387 3024 pro
1417 2938 1511 3001 dictis
1544 2959 1659 3003 novem
1689 2939 1882 3002 Nationibus
1913 2940 2043 3026 primis;
2068 2961 2126 3026 pro
2156 2946 2294 3026 quatuor
2325 2962 2401 3005 vero

584 3045 705 3111 ultimis
737 3044 931 3109 Nationibus
963 3045 1128 3108 dominnm
1158 3045 1364 3109 Dominicum
1393 3045 1502 3129 Petri,
1527 3047 1716 3131 magistrum
1749 3045 1939 3110 Scholarum
1970 3047 2244 3130 Bracharansem,
2268 3048 2402 3113 fratrom

584 3153 765 3218 Henricum
789 3152 828 3216 de
852 3152 958 3217 Domo
983 3151 1169 3234 Tectonica,
1195 3153 1359 3216 dominum
1382 3153 1601 3238 Raginaldum
1626 3155 1815 3218 canonicum
1838 3153 2118 3239 burdegalensem,
2136 3155 2299 3219 dominum
2324 3155 2402 3220 Gui-

584 3261 727 3324 lialmunr
752 3259 791 3324 de
815 3259 1282 3342 Reali,dominmndoanne1n
1306 3260 1426 3324 dictum
1450 3260 1657 3346 Flamingum
1679 3270 1844 3347 tamqnam
1869 3261 2016 3342 arbitros,
2035 3261 2243 3326 arbitratores
2266 3269 2299 3326 at
2322 3263 2401 3326 ami·

585 3369 705 3433 eabiles
731 3367 971 3453 compositores.
996 3366 1038 3430 Et
1066 3367 1212 3453 promisit
1235 3367 1321 3431 dicta
1344 3368 1562 3452 Universitas,
1584 3369 1768 3453 juramento
1791 3369 1925 3456 prestito
1947 3391 2005 3455 per
2028 3368 2224 3434 Ardizonam
2246 3369 2402 3434 bidellum

584 3475 770 3561 generalem
795 3474 826 3537 in
852 3473 978 3537 animas
1002 3474 1226 3538 universorum
1250 3481 1282 3538 at
1305 3474 1506 3560 singulorum
1530 3475 1688 3539 dictarum
1711 3475 1977 3559 Universitatum,
2002 3497 2060 3540 sen
2082 3475 2329 3558 I'nisersitatis,
2354 3485 2401 3542 at-

582 3583 715 3647 tendere
747 3589 779 3646 at
811 3581 985 3646 observare
1018 3581 1169 3667 quicquid
1199 3603 1258 3667 par
1285 3582 1386 3646 dictos
1417 3583 1555 3646 arbitros
1583 3589 1616 3646 et
1649 3584 1835 3647 amicabiles
1864 3584 2092 3669 compositores
2123 3605 2181 3669 par
2204 3584 2290 3648 viam
2318 3585 2401 3669 juris

583 3689 805 3776 compromissi
830 3710 887 3752 seu
911 3688 1091 3752 amicabilis
1116 3689 1355 3774 compositionis
1379 3689 1576 3772 definiretur,
1600 3711 1657 3754 scu
1681 3690 1893 3772 ordinaretur,
1917 3690 1970 3754 vei
1992 3690 2205 3754 amIcabiliter
2232 3712 2401 3776 compone·

583 3804 682 3880 retur,
700 3803 796 3883 prout
812 3796 845 3859 in
863 3795 1094 3882 compromisso
1120 3796 1238 3882 scripto
1262 3817 1359 3860 manu
1384 3796 1570 3883 Henrigipti
1588 3797 1746 3864 Felieiani
1761 3797 1878 3862 notarii
1893 3797 2084 3862 continetur.
2100 3797 2169 3883 Ipsi
2185 3819 2261 3863 varo
2279 3799 2400 3882 arbitri,

582 3905 733 3969 invocata
760 3903 898 3990 Spiritus
927 3903 1038 3966 Sancti
1061 3903 1177 3988 gratia,
1198 3903 1393 3967 unanimiter
1418 3903 1618 3968 considerato
1642 3904 1726 3968 bono
1750 3911 1837 3968 statu
1860 3911 1892 3968 et
1916 3905 2149 3990 tranquillitate
2174 3904 2279 3969 Stadii
2301 3906 2401 3970 bono-

584 4011 704 4076 niensis
726 4011 884 4098 presentis
901 4016 934 4073 at
950 4010 1064 4094 futurj,
1082 4008 1321 4092 ordinaverunt,
1338 4010 1547 4075 firmaverunt
1563 4017 1595 4074 at
1612 4011 1824 4075 amicabiliter
1840 4018 2088 4098 composuerunt
2104 4012 2136 4075 in
2152 4011 2238 4076 hune
2254 4013 2399 4078 modum:

582 4118 732 4184 videlicet
761 4118 845 4204 quod
876 4117 1027 4203 deinceps
1059 4139 1123 4183 nno
1156 4139 1240 4182 anno
1272 4117 1389 4182 debeat
1423 4118 1513 4204 elligi
1535 4126 1640 4182 rector
1668 4118 1707 4181 do
1731 4140 1796 4182 nna
1820 4118 1859 4182 de
1884 4125 2022 4205 quatuor
2044 4119 2255 4202 Nationibus‚
2280 4121 2401 4184 scilieet

583 4225 798 4308 Gallicorum,
823 4224 1051 4310 Yspanorum,
1075 4225 1342 4308 Prosintialium,
1367 4225 1419 4290 val
1440 4225 1668 4311 Anglicorum,
1695 4232 1726 4289 et
1757 4225 1896 4290 debeant
1916 4228 2027 4310 jurare
2059 4225 2240 4308 allectores,
2265 4227 2319 4311 qui
2342 4248 2400 4312 pro

581 4339 727 4418 tempora
751 4332 888 4414 fuerint,
915 4330 1001 4417 quod
1025 4331 1087 4417 ipsi
1111 4331 1245 4416 elligent
1267 4331 1387 4395 bonum
1411 4340 1443 4396 et
1466 4332 1627 4418 ydoneum
1651 4338 1801 4418 atquem
1833 4333 1946 4396 utilem
1969 4333 2162 4397 crediderint
2188 4332 2400 4398 Universitati

581 4439 622 4504 de
646 4439 756 4525 aliqua
780 4439 939 4504 dictarum
963 4445 1102 4523 quatuor
1127 4438 1313 4502 Nationum.
1338 4438 1414 4503 Alio
1438 4461 1515 4502 varo
1539 4460 1624 4503 anno
1648 4438 1787 4524 eligatur
1810 4437 1930 4504 Rector
1953 4439 1993 4504 de
2015 4439 2124 4524 aliqua
2149 4439 2188 4503 da
2212 4439 2305 4503 dictis
2328 4447 2399 4504 octo

582 4546 786 4630 Nationibus‚
798 4547 949 4611 videlicet
961 4546 1184 4630 Picardornm,
1197 4547 1503 4632 Burgundiensium,
1520 4547 1783 4630 Pictaviansium,
1800 4546 2035 4612 Turonensinm
2050 4552 2083 4611 at
2100 4547 2399 4633 Canamonensium,

581 4653 613 4718 N
615 4675 830 4737 ormanorum,
854 4653 1093 4737 Catelanorum,
1111 4653 1329 4739 Ungarorurn,
1346 4654 1560 4738 Polonorum3
1586 4661 1617 4718 et
1638 4655 1749 4738 jurent
1772 4654 1938 4718 allectores
1955 4675 1989 4718 se
2006 4654 2163 4719 electuros
2185 4654 2286 4736 illum,
2306 4676 2400 4740 quam

580 4759 702 4825 bonum
726 4769 758 4826 at
781 4761 944 4848 ydoneum
973 4761 1169 4826 crediderint
1192 4760 1413 4825 Universitati.
1438 4761 1512 4826 Hoc
1536 4769 1618 4844 acto,
1640 4760 1726 4847 quod
1750 4761 1844 4825 tertio
1869 4781 1952 4826 anno
1976 4769 2089 4848 postea
2112 4761 2320 4847 subsequenti
2343 4762 2399 4826 ali·

581 4875 679 4952 gatar
694 4875 800 4933 rector
816 4867 856 4932 da
877 4869 1007 4933 natione
1027 4868 1299 4933 Theutonicorum
1322 4874 1354 4932 et
1374 4869 1485 4953 jurent
1509 4867 1675 4932 allectores
1699 4867 1790 4931 illum
1815 4867 1947 4952 eligere,
1964 4889 2060 4953 quam
2080 4868 2192 4932 utilem
2208 4869 2401 4933 crediderint

580 4974 812 5059 Universitati3
830 4982 863 5040 et
886 4985 999 5062 postea
1028 4976 1131 5062 primo
1156 4996 1241 5039 anno
1265 4975 1305 5040 de
1329 4975 1421 5040 dietis
1446 4981 1584 5061 quatuor
1605 4974 1810 5057 Nationibus‚
1828 4982 1860 5038 at
1876 4975 2015 5039 secundo
2040 4996 2124 5038 anno
2148 4975 2187 5039 ds
2211 4976 2295 5039 alliis
2318 4983 2399 5060 octo,

581 5085 681 5149 tercio
705 5105 790 5148 anno
815 5084 854 5148 de
875 5083 968 5147 dictis
994 5091 1132 5170 quatuor
1156 5083 1361 5166 Nationibus‚
1386 5091 1418 5148 at
1442 5091 1556 5170 quarto
1581 5105 1665 5148 anno
1689 5084 1728 5148 da
1753 5084 1845 5148 dictis
1871 5091 1953 5147 octo.
1978 5083 2099 5157 Quinto
2123 5104 2199 5147 varo
2223 5106 2308 5148 anno
2332 5085 2400 5149 elli-

581 5199 678 5280 gatur
701 5192 741 5256 de
765 5191 852 5256 dicta
872 5191 1012 5256 Natione
1030 5191 1289 5274 Teotonicorum,
1306 5196 1338 5254 et
1361 5190 1406 5254 ita
1430 5191 1470 5255 de
1494 5190 1711 5276 quinquennio
1736 5191 1769 5254 in
1793 5191 2045 5278 quinquennium
2068 5190 2212 5254 habeant
2234 5190 2400 5256 Taotonici

582 5309 751 5383 rectorem,
776 5299 936 5365 servando
959 5299 1128 5364 allectores
1153 5299 1290 5364 formam
1314 5299 1441 5362 iurandi
1465 5299 1627 5384 ydoneum
1650 5307 1682 5363 at
1705 5299 1817 5362 utilem
1840 5299 1973 5382 alligare
1997 5306 2033 5363 ut
2056 5298 2176 5362 dietum
2199 5305 2257 5362 ast.
2274 5298 2316 5362 Et
2339 5299 2399 5364 hoc

581 5410 667 5474 idam
684 5409 729 5472 sie
746 5408 927 5471 invenimus
949 5407 1105 5471 hactenus
1130 5406 1339 5470 observatum
1363 5414 1395 5469 et
1422 5412 1503 5469 totta
1527 5405 1729 5469 Universitas
1753 5406 1798 5469 sic
1821 5405 1978 5469 concessit
2002 5404 2122 5469 eisdam
2146 5404 2348 5490 Taotonicis3
2368 5413 2401 5470 at

581 5517 627 5582 sic
651 5516 900 5601 inperpetuum
924 5514 990 5577 fiat.
1026 5513 1164 5600 Insuper
1196 5512 1426 5577 ordinaverunt
1453 5520 1486 5576 at
1517 5513 1806 5598 pronuntiaverunt
1829 5533 1887 5599 pro
1915 5512 2000 5576 bono
2030 5512 2119 5598 pacis
2151 5519 2183 5576 et
2212 5512 2398 5596 concordie,

581 5624 669 5711 quod
693 5623 844 5709 deinceps
867 5621 1033 5687 Vascones
1057 5622 1211 5685 uniantur
1235 5620 1369 5685 Nationi
1391 5621 1661 5703 Pictaviansium,
1685 5621 1730 5684 ita
1754 5628 1862 5685 tamen
1894 5621 1979 5706 quod
2010 5620 2049 5684 de
2081 5627 2187 5685 cataro
2219 5621 2401 5685 nommetur

583 5731 682 5797 Natio
705 5730 959 5796 Pictaviansium
983 5736 1015 5793 et
1037 5728 1233 5793 Vasconum.
1256 5728 1475 5792 Concedentes
1499 5727 1582 5791 dicte
1606 5727 1739 5792 Nationi
1762 5727 2016 5792 Pictaviansium
2047 5735 2080 5792 et
2102 5727 2287 5792 Vasconum
2319 5727 2399 5792 duos

555 5838 783 5905 'consiliarios
815 5846 847 5901 ct
879 5837 960 5902 duos
992 5836 1161 5901 allectores
1192 5842 1336 5921 tempora
1368 5835 1521 5920 alligandi
1551 5842 1708 5899 rectorem
1731 5842 1897 5922 perpetuo.
1922 5834 1965 5898 Et
1998 5833 2084 5920 quod
2112 5835 2151 5898 de
2176 5841 2282 5899 cataro
2304 5856 2401 5920 super

583 5946 766 6012 nominibus
790 5944 967 6010 Natiounm
996 5944 1085 6008 nulla
1109 5944 1232 6007 oriatur
1255 5942 1425 6025 discordia,
1450 5963 1508 6006 nac
1532 5944 1707 6006 inmutetur
1731 5964 1847 6007 nomen
1872 5942 2021 6026 allicujns
2045 5941 2204 6024 Nationis,
2225 5941 2277 6005 val
2302 5942 2400 6005 adda·

576 6062 640 6137 tur,
664 6053 716 6117 vel
741 6051 931 6117 detrahatur
955 6051 1077 6117 nomini
1105 6051 1256 6136 allicujns
1283 6049 1442 6114 Nationis.
1466 6049 1508 6114 Et
1540 6050 1567 6113 si
1598 6050 1738 6136 aliquem
1769 6049 1926 6113 scolarem
1958 6048 2130 6134 contigerit
2159 6049 2327 6134 pervenire
2360 6049 2400 6112 ad

581 6161 746 6226 civitatem
776 6159 940 6241 Bononia,
967 6180 1098 6224 necesse
1122 6157 1242 6222 habeat
1265 6179 1335 6222 esse
1359 6157 1399 6221 da
1423 6157 1545 6243 alliqua
1568 6157 1725 6222 dictarum
1749 6157 1902 6221 tredecim
1927 6156 2103 6221 Nationum
2135 6163 2166 6220 at
2196 6156 2256 6220 sub
2279 6155 2400 6242 alliqna

661 6409 700 6475 (1)
721 6406 792 6468 Quid
812 6407 991 6460 Universitsti
1011 6411 1120 6459 nostras
1139 6405 1362 6458 honorificentius
1383 6406 1409 6456 in
1430 6408 1506 6456 tanta
1527 6409 1681 6457 exterorum
1701 6421 1735 6457 ex
1755 6409 1809 6456 tam
1831 6405 1943 6457 dirersis
1963 6408 1989 6456 at
2009 6403 2163 6474 longinquis
2182 6403 2273 6471 regnis
2293 6408 2320 6455 et
2339 6420 2402 6472 pro-

581 6498 677 6550 vinciis
697 6498 731 6550 sd
751 6497 865 6550 Scholss
884 6501 991 6549 nostras
1010 6495 1217 6549 adsentantium
1237 6495 1431 6547 multitudine?
