5484 7746
576 603 651 673 218
1360 625 1599 676 nouuunurs

574 779 671 842 luerit
694 785 726 841 et
750 777 906 858 tenuerit,
930 783 962 840 et
986 776 1114 862 quaudo
1139 777 1329 860 moderatio,
1354 777 1440 842 lacta
1464 799 1484 841 a
1508 779 1652 866 predicto
1675 779 1854 844 vonerabili
1878 788 1969 868 patre
1994 782 2123 848 domino
2148 783 2247 847 fratre
2272 783 2396 848 Jacobo

574 886 736 970 quondam
759 884 951 949 bononiensi
973 883 1152 970 Episcopo,
1177 885 1269 968 cujus
1302 884 1531 950 moderationis
1562 892 1655 950 tenor
1679 887 1753 950 talis
1778 894 1827 952 est
1850 897 1929 970 eto,
1953 889 2062 954 valcat
2089 897 2121 954 et
2150 896 2260 954 teneat
2292 897 2324 954 et
2355 891 2396 954 sit

573 1013 658 1078 equa
681 999 713 1056 et
733 993 823 1076 justa
846 999 878 1055 et
901 991 1015 1074 fuerit,
1039 998 1072 1056 et
1095 991 1212 1055 debeat
1244 992 1431 1075 observari,
1455 1014 1528 1056 oum
1560 1015 1643 1080 equa
1674 1003 1706 1058 et
1734 995 1823 1078 justa
1853 996 1895 1059 sit
1926 1003 1958 1060 et
1986 1019 2058 1061 cum
2082 997 2124 1062 ab
2147 1019 2186 1061 ea
2210 1018 2274 1062 non
2298 997 2395 1062 luerit

573 1099 790 1186 appellatum3
813 1099 844 1163 in
870 1099 930 1163 hoc
954 1097 1076 1163 scilicet
1100 1099 1217 1162 debeat
1240 1099 1425 1182 observari,
1451 1107 1487 1164 ut
1511 1099 1627 1165 fratres
1648 1101 1735 1182 dicto
1767 1103 1900 1166 ecclesie
1931 1105 2034 1168 sancti
2057 1104 2174 1189 Jacobj
2201 1103 2241 1168 de
2274 1104 2395 1168 Sariua

572 1227 636 1271 nou
658 1206 817 1292 recipiant
840 1205 881 1269 ad
905 1205 1106 1291 sepulturam
1130 1205 1343 1292 parochianos
1367 1207 1577 1270 ecclesiarum
1602 1214 1713 1273 sanate
1735 1207 1839 1274 Maris
1861 1208 2067 1295 Magdalene,
2091 1211 2195 1276 sancti
2218 1210 2393 1296 Leonardj,

571 1321 604 1378 et
627 1314 731 1378 sancti
753 1313 879 1398 Egidii,
904 1321 936 1376 et
959 1313 992 1376 in
1016 1313 1163 1376 omnibus
1188 1312 1260 1377 aliis
1284 1334 1347 1398 que
1371 1311 1404 1376 iu
1430 1313 1516 1378 dicta
1540 1313 1761 1380 moderatione
1786 1317 2000 1400 continentur,
2025 1339 2089 1382 nou
2113 1317 2261 1382 obstante
2289 1318 2394 1382 indul·

571 1421 682 1506 gentis
697 1395 843 1506 generali
859 1440 1012 1484 concessa
1036 1420 1129 1484 dictis
1153 1419 1322 1484 Fratribus
1346 1427 1379 1484 st
1403 1420 1518 1484 Ordini
1541 1421 1784 1486 Heremitarum
1808 1423 1912 1488 sancti
1933 1423 2049 1489 Jacobi
2073 1424 2112 1488 de
2137 1424 2260 1489 Sanina
2276 1426 2393 1490 abone

570 1529 724 1592 memorie
747 1527 876 1592 domino
900 1527 1090 1592 Innocentio
1114 1527 1207 1613 Papa
1230 1535 1356 1612 quarto,
1374 1548 1446 1592 cum
1471 1529 1503 1592 in
1527 1528 1613 1592 diota
1637 1529 1841 1615 indulgentia
1863 1531 2068 1618 impetranda
2082 1531 2122 1596 de
2138 1532 2283 1618 predicto
2300 1539 2394 1617 pacto

571 1657 635 1700 nou
659 1636 756 1698 suerit
779 1634 867 1699 laeta
889 1635 1029 1717 mentio,
1054 1641 1087 1698 et
1111 1655 1173 1698 non
1199 1633 1347 1698 obstante
1372 1634 1437 1697 alia
1461 1635 1663 1721 indulgentia
1691 1658 1844 1700 concessa
1868 1638 2020 1724 predictis
2044 1638 2214 1703 Fratribus
2231 1645 2263 1702 et
2280 1638 2394 1704 Ordini

572 1765 591 1808 a
616 1744 697 1808 bone
721 1742 873 1806 memorie
897 1741 1027 1806 domino
1051 1741 1240 1806 Alexandro
1263 1740 1355 1827 Papa
1380 1750 1506 1828 quarto,
1530 1765 1603 1807 cum
1627 1744 1713 1810 diota
1737 1744 1939 1830 indulgentia
1963 1751 1995 1810 et
2023 1747 2093 1831 ejus
2124 1746 2322 1832 generalitas
2352 1747 2394 1811 sit

571 1849 822 1935 resltriu]geuda
840 1849 881 1912 ad
898 1849 940 1932 id,
958 1849 997 1913 de
1015 1871 1077 1936 quo
1102 1849 1286 1936 specialiter
1310 1849 1479 1934 agebatur,
1497 1850 1619 1915 scilicet
1638 1851 1680 1915 ad
1703 1853 1981 1938 presentaciouem
2003 1853 2125 1918 Prioris
2147 1853 2230 1918 dicte
2247 1852 2392 1937 ecclesie,

572 1966 605 2022 ct
628 1958 846 2021 visitationem
870 1963 903 2021 et
931 1957 1181 2039 correctionem,
1206 1977 1270 2021 non
1295 1963 1403 2020 autem
1427 1957 1660 2044 complectatur
1688 1959 1906 2045 sepulturam,
1930 1960 2055 2025 scilicet
2077 1969 2112 2026 ut
2136 1961 2212 2024 dicti
2236 1959 2393 2044 FratreIs]

571 2065 785 2152 parochianos
808 2064 967 2128 dictarum
991 2065 1088 2128 trium
1112 2064 1322 2128 ecelesiarum
1346 2063 1489 2150 recipere
1512 2065 1636 2150 possint
1659 2065 1700 2129 ad
1724 2066 1923 2152 sepulturam
1943 2075 2055 2132 contra
2071 2067 2208 2132 formam
2225 2067 2309 2131 dicte
2325 2089 2393 2132 mo·

572 2173 759 2237 deratiouis.

662 2280 719 2361 (L.
737 2280 759 2361 †
776 2279 823 2360 S.)
847 2279 919 2364 Ego
943 2279 1093 2344 Ilatheus
1118 2279 1280 2366 quondam
1304 2279 1420 2364 Jacobj
1446 2279 1599 2366 palatini,
1625 2283 1816 2346 auctoritate
1840 2282 1999 2368 imperiali
2023 2283 2186 2366 notarius,
2212 2281 2328 2345 sedens
2352 2281 2392 2344 ad

571 2388 670 2474 pedes
691 2387 885 2450 venerabilis
909 2387 1010 2473 patris
1035 2387 1156 2450 domini
1180 2386 1361 2469 Octaviani,
1378 2387 1524 2451 Bououie
1548 2387 1663 2471 Electi,
1681 2395 1713 2452 ct
1736 2389 1952 2474 predictorum
1974 2397 2112 2476 quatuor
2128 2389 2315 2476 peritorum,
2332 2387 2392 2452 hoo

571 2494 757 2576 consilium,
783 2494 844 2580 ipsi
867 2494 995 2558 domino
1027 2494 1139 2558 Eleoto
1169 2516 1227 2580 per
1250 2494 1411 2580 predictos
1437 2501 1574 2579 quatuor
1599 2495 1769 2582 Sapientes
1793 2496 1904 2561 datum
1928 2496 1960 2559 in
1985 2497 2113 2560 comuni
2141 2495 2327 2578 concordia,
2352 2495 2391 2558 de

571 2603 713 2688 ipsorum
737 2601 889 2666 mandato
913 2601 1037 2688 scripsi,
1054 2609 1087 2664 et
1110 2602 1155 2665 eis
1180 2601 1245 2686 legi
1269 2600 1378 2684 semel,
1397 2602 1537 2666 secundo
1562 2611 1594 2667 et
1617 2603 1722 2686 tertio,
1746 2604 1829 2669 sicut
1842 2605 1941 2688 jacet,
1957 2611 1990 2668 et
2013 2603 2052 2668 de
2075 2604 2218 2690 ipsorum
2239 2602 2391 2666 mandato

566 2709 730 2796 publicavi
754 2716 786 2772 et
810 2707 934 2796 scripsi.

1449 3027 1509 3093 Vl.

1306 3243 1403 3324 1268,
1431 3244 1472 3305 12
1491 3242 1659 3325 februarii.

2264 3436 2302 3498 13⁸

630 3453 683 3518 Ex
707 3455 795 3518 arch.
820 3456 924 3520 sancti
948 3455 1110 3520 Dominici
1134 3456 1234 3539 Bon,
1260 3478 1345 3520 nuno
1369 3457 1401 3520 in
1425 3457 1506 3521 Tab.
1524 3457 1612 3522 Max.
1630 3457 1723 3540 bou.,
1749 3465 1825 3522 sect.
1849 3483 1863 3514 ι
1888 3457 2072 3522 Deorouiole
2095 3483 2126 3540 ι,
2152 3479 2268 3550 uum,

2269 3505 2327 3551 512·

659 3668 716 3750 (L.
734 3669 756 3750 †
774 3667 821 3750 S.)
845 3668 885 3731 Iu
909 3669 1038 3733 nomine
1062 3669 1194 3734 Domini
1217 3670 1318 3734 nostri
1342 3669 1421 3734 Jcsu
1447 3670 1576 3753 Christi,
1595 3692 1699 3736 amen.
1724 3671 1820 3735 Anno
1845 3670 2022 3734 nativitatis
2047 3671 2116 3734 eius
2140 3669 2311 3733 millesimo
2334 3669 2392 3732 du-

569 3777 743 3839 ocutesimo
768 3775 971 3861 sexagesimo
996 3783 1120 3858 octavo,
1146 3777 1320 3841 indictione
1344 3777 1524 3860 undecima,
1549 3778 1600 3842 die
1624 3778 1814 3842 duodecima
1837 3778 1977 3841 intrante
2000 3777 2174 3840 februario.
2191 3780 2242 3851 (ἴ
2250 3776 2393 3840 Domina

568 3884 752 3966 Bouafillia,
778 3884 844 3947 lilia
868 3884 1031 3970 quondam
1054 3884 1187 3970 Ugolini
1211 3884 1339 3967 Medici,
1357 3907 1439 3950 uxor
1463 3884 1582 3950 Tuschi
1605 3886 1715 3970 beoarj
1740 3886 1779 3950 de
1804 3892 1951 3951 contrata
1966 3885 2113 3970 Vignatii
2137 3885 2239 3948 sancti
2260 3884 2392 3948 Proculi

568 3990 785 4074 bononiensis,
804 4013 822 4054 a
847 4013 897 4055 mc
914 3992 1040 4056 notario
1057 3992 1262 4078 infrascripto
1279 3993 1420 4076 cognita,
1438 4015 1567 4079 compos
1585 3994 1699 4058 mentis
1716 4001 1748 4058 et
1765 3993 1918 4079 corporis,
1935 4013 2027 4056 suum
2045 4013 2102 4078 per
2118 3993 2392 4078 nuncupationem

568 4105 600 4163 et
618 4099 686 4162 sinc
704 4099 831 4184 scriptis
854 4106 1083 4163 testamentum
1107 4107 1139 4162 et
1162 4121 1292 4163 suorum
1317 4100 1474 4163 bonorum
1498 4100 1740 4190 dispositionem
1761 4099 1837 4164 fecit
1853 4107 1885 4164 et
1902 4099 2072 4182 ordinavit,
2090 4106 2126 4162 ut
2142 4099 2275 4162 inferius
2292 4099 2392 4162 conti-

569 4214 673 4272 netur.
696 4207 735 4270 In
761 4207 871 4293 primis
897 4229 953 4293 pro
978 4208 1087 4270 anima
1107 4229 1165 4270 sua
1182 4208 1319 4293 reliquid
1336 4208 1451 4293 viginti
1467 4208 1567 4272 libras
1583 4209 1827 4272 bonononorum
1843 4207 2072 4294 expendendas
2089 4207 2222 4271 arbitrio
2240 4207 2390 4270 comissa·

567 4315 690 4378 riorum
710 4336 841 4378 suorum
858 4315 943 4378 circa
959 4315 1159 4400 sepulturam
1176 4336 1277 4396 suam,
1295 4336 1392 4400 quam
1409 4315 1508 4400 elegit
1525 4323 1603 4402 aput
1619 4316 1788 4380 ecclesiam
1804 4315 1956 4379 Fratrum
1971 4314 2216 4380 Predicatorum
2233 4314 2391 4378 Bononie.

568 4422 651 4486 Item
666 4421 847 4486 Conventui
859 4421 1005 4486 Bononia
1022 4421 1208 4486 eorumdem
1224 4421 1377 4485 Fratrum
1393 4422 1531 4507 reliquid
1548 4423 1662 4508 viginti
1679 4422 1779 4486 libras
1796 4421 2049 4487 bononenorum.
2062 4421 2145 4486 Item
2161 4421 2284 4507 legavit
2300 4420 2394 4485 fratri

567 4528 798 4592 Bartholomeo
823 4528 969 4612 magistri
992 4527 1151 4593 Johannis
1176 4529 1377 4612 bononiensi,
1402 4529 1441 4592 dc
1466 4529 1587 4594 Ordine
1611 4529 1866 4612 Predicatorum,
1883 4529 2056 4613 sexaginta
2079 4528 2179 4592 libras
2208 4527 2392 4592 bononeno-

567 4658 639 4700 rum
662 4658 720 4721 pro
745 4635 835 4698 libris
860 4634 1004 4699 emendis
1028 4635 1068 4698 ab
1092 4636 1163 4720 ipso
1187 4635 1229 4698 ad
1253 4657 1347 4699 usum
1371 4658 1463 4700 suum
1488 4637 1520 4699 iu
1544 4637 1611 4700 vita
1634 4657 1702 4719 sua,
1721 4658 1800 4722 quos
1824 4636 1923 4700 libros
1948 4643 2020 4723 post
2044 4642 2179 4700 mortem
2203 4635 2305 4720 ipsius
2329 4633 2393 4698 fra·

567 4744 626 4808 tris
650 4743 882 4825 Bartholomei,
900 4742 1002 4806 voluit
1021 4741 1170 4807 distribui
1194 4743 1278 4806 inter
1302 4742 1420 4807 fratres
1444 4743 1620 4827 studentes,
1645 4743 1684 4808 de
1707 4742 1856 4808 Bononia
1880 4742 2042 4824 oriundos,
2067 4763 2126 4829 per
2148 4741 2295 4806 Priorem
2319 4763 2393 4828 pro·

567 4853 739 4918 uincialsm
771 4849 974 4932 Loubardie,
1000 4851 1054 4935 qui
1079 4857 1156 4914 tuno
1187 4851 1342 4937 temporis
1373 4851 1443 4915 erit.
1470 4851 1553 4914 Item
1589 4851 1681 4914 fratri
1713 4849 1890 4914 Ramberto
1923 4849 2114 4913 Primaditio
2150 4849 2227 4912 dicti
2262 4847 2393 4914 Ordinis

568 4960 690 5046 legarit
715 4959 856 5045 quinque
881 4957 980 5022 libras
1004 4957 1246 5022 bononenorum
1270 4979 1329 5044 pro
1359 4957 1451 5021 libris
1483 4958 1545 5022 sibi
1577 4958 1730 5022 emendis.
1755 4958 1838 5021 Item
1869 4957 1963 5021 fratri
1993 4956 2123 5021 Moneta
2155 4955 2301 5040 ejusdem
2332 4955 2392 5020 Or·

567 5068 651 5132 dinis
675 5066 813 5152 reliquid
838 5072 902 5128 tres
927 5063 1027 5128 libras
1050 5065 1304 5130 bonononorum.
1328 5065 1412 5128 Item
1436 5064 1529 5128 fratri
1552 5065 1651 5128 Petro
1675 5065 1848 5128 Zucohello
1872 5063 1911 5128 de
1935 5063 2049 5127 Laudo
2078 5063 2156 5127 dicti
2180 5062 2311 5127 Ordinis
2343 5084 2392 5126 rc·

567 5175 670 5262 liquid
693 5181 759 5237 tres
782 5173 883 5237 libras
907 5172 1161 5237 bononenorum.
1186 5173 1270 5236 Item
1294 5172 1388 5236 fratri
1412 5171 1585 5236 Francisco
1609 5171 1735 5236 Pissitti
1758 5171 1835 5236 dicti
1859 5171 1991 5236 Ordinis
2015 5171 2156 5256 quinque
2181 5169 2291 5234 libras.
2308 5169 2392 5233 Item

568 5284 660 5347 fratri
687 5281 848 5362 Gaudiuo,
873 5301 1028 5345 converso
1052 5280 1128 5344 dicti
1153 5281 1295 5362 Ordinis,
1313 5288 1378 5345 tres
1402 5281 1502 5344 libras
1527 5281 1779 5344 bononenorum.
1797 5280 1881 5344 Item
1898 5279 2069 5343 Sororibus
2086 5276 2274 5342 monasterii
2290 5277 2392 5341 sancti

567 5390 703 5456 Joaunis
727 5389 874 5474 Baptistc
899 5387 1036 5473 reliquid
1068 5394 1133 5452 tres
1166 5387 1267 5451 libras
1295 5410 1353 5474 pro
1385 5409 1449 5451 una
1480 5387 1627 5473 pitantia.
1660 5387 1743 5450 Item
1779 5387 1908 5450 domiuo
1939 5385 2100 5468 Rolando,
2132 5384 2286 5449 canonico
2318 5405 2391 5447 sarr-

568 5499 611 5564 cti
636 5496 825 5576 Salvatoris,
850 5495 1031 5580 propinquo
1055 5517 1123 5576 suo,
1146 5495 1286 5580 reliquid
1309 5496 1450 5580 quinquo
1474 5494 1573 5558 libras
1596 5494 1849 5558 bononenorum.
1874 5494 1957 5557 Item
1982 5493 2084 5556 sorori
2108 5492 2193 5556 Gilia
2217 5492 2256 5554 dc
2281 5497 2392 5554 sancto

567 5606 666 5671 Petro
690 5603 821 5667 martire
846 5602 968 5686 legavit
993 5602 1208 5687 quadraginta
1233 5602 1352 5667 solidos
1376 5603 1629 5666 bononenorum.
1655 5602 1737 5666 Item
1761 5601 1864 5665 sorori
1891 5600 2082 5664 Richeldine
2107 5598 2147 5662 de
2170 5597 2392 5663 Misericordia

568 5711 706 5798 reliquid
731 5709 947 5797 quadraginta
972 5709 1091 5774 solidos
1107 5710 1360 5774 bononenorum.
1378 5709 1461 5773 Item
1479 5710 1581 5774 sorori
1596 5709 1790 5773 Helisabcth
1807 5715 1917 5772 sancte
1933 5706 2036 5770 Mario
2052 5705 2249 5792 Magdaleue
2270 5704 2393 5790 legavit

567 5819 784 5907 quadraginta
809 5818 929 5882 solidos
954 5818 1207 5881 bononenorum.
1233 5817 1315 5881 Item
1340 5816 1443 5882 sorori
1466 5816 1695 5881 Bartholomee
1720 5815 1759 5879 de
1782 5814 1935 5896 Pulliola,
1953 5814 2055 5878 sorori
2071 5813 2218 5898 magistri
2234 5812 2392 5894 Danielis,

567 5927 689 6014 legarit
714 5935 779 5990 tres
803 5927 903 5990 libras
928 5926 1180 5990 bononenorum.
1205 5924 1287 5988 Item
1311 5923 1509 5988 Monostcrio
1533 5924 1637 5988 sancti
1668 5923 1799 5987 Proculi
1824 5922 1961 6008 reliquid
1985 5922 2102 6008 uiginti
2125 5920 2255 6002 solidos,
2277 5920 2393 6005 quibus

567 6037 671 6102 voluit
693 6056 763 6098 esse
789 6039 985 6098 contentum.
1010 6032 1094 6097 Item
1117 6031 1232 6114 Mario,
1254 6053 1315 6118 que
1340 6040 1485 6094 moratur
1508 6039 1540 6095 et
1564 6031 1619 6094 diu
1643 6031 1731 6094 stetit
1755 6052 1829 6094 eum
1852 6051 1901 6112 ea,
1920 6028 2057 6115 reliquid
2080 6035 2146 6092 tres
2169 6029 2268 6091 libras
2293 6027 2391 6091 bono·

566 6164 734 6209 nouorum.
759 6141 842 6204 Item
866 6139 995 6205 domine
1018 6139 1200 6222 Luoohisie,
1225 6138 1360 6202 comatri
1384 6159 1451 6220 sue,
1470 6138 1608 6224 reliquid
1633 6137 1773 6222 quinque
1797 6136 1897 6201 libras
1921 6137 2174 6200 bononenorum.
2200 6134 2393 6198 Commissa·

567 6254 632 6318 rios
655 6273 730 6315 suos
755 6256 788 6313 et
810 6249 907 6335 hujus
931 6248 981 6312 sui
1005 6247 1191 6312 testamenti
1214 6255 1403 6312 executores
1427 6246 1594 6311 constituit
1620 6253 1652 6309 ct
1676 6267 1746 6310 esse
1770 6245 1873 6309 voluit
1895 6244 2042 6308 Priorem
2066 6244 2218 6307 Fratrum
2241 6241 2392 6306 Predica-

567 6369 674 6427 torum
696 6357 854 6439 Bononia,
872 6356 927 6442 qui
950 6377 1008 6442 pro
1033 6362 1178 6441 tempore
1202 6353 1310 6436 fuerit,
1335 6361 1367 6418 et
1390 6354 1580 6440 magistrum
1605 6352 1777 6418 Danielem
1800 6351 1964 6415 doctorem
1988 6350 2162 6415 medicine:
2187 6348 2303 6435 quibus
2326 6349 2392 6411 suis

567 6465 795 6534 commissoriis
812 6464 901 6528 dedit
916 6470 949 6528 et
965 6463 1077 6528 tribuit
1092 6464 1223 6548 plenam
1239 6462 1403 6526 licentiam
1415 6469 1448 6525 et
1464 6461 1681 6526 omnimodam
1696 6465 1889 6546 potestatem
1907 6457 2171 6544 apprehendendi
2184 6456 2292 6521 omnia
2307 6455 2393 6519 bona
