5490 7750
1377 564 1618 615 Monumnnun

1419 932 1581 998 xxvrn.

1366 1149 1463 1232 1257,
1488 1150 1532 1212 27
1555 1149 1636 1214 surra.

961 1362 1014 1427 Ex
1036 1371 1112 1428 tom.
1137 1362 1299 1428 XXVIII.
1327 1363 1399 1428 Cod.
1423 1364 1548 1450 diplom.
1572 1363 1655 1430 Eccl.
1680 1364 1808 1449 bonon,
1832 1385 1919 1428 num.
1943 1363 2035 1428 XIV.

676 1583 864 1648 Alexander
888 1583 947 1648 IV.
960 1584 999 1649 (l)
1022 1583 1121 1648 Petro
1144 1583 1298 1648 canonico
1321 1582 1529 1666 bononiensi,
1554 1590 1630 1647 nato
1664 1583 1780 1648 nobilis
1811 1581 1873 1646 viri
1906 1581 2039 1666 Ugolini
2065 1581 2223 1646 Guidonis
2246 1581 2285 1646 de
2308 1583 2406 1647 Lam-

586 1691 714 1756 bertino
738 1692 817 1756 civis
838 1691 1056 1756 bononiensis.

675 1799 866 1864 Deuotionis
888 1805 944 1863 tue
966 1798 1059 1863 nobis
1082 1799 1228 1864 exhibita
1251 1799 1364 1886 petitio
1388 1797 1584 1882 continebat,
1601 1796 1688 1883 quod
1712 1819 1784 1862 oum
1808 1818 1867 1862 nos
1890 1796 2015 1861 dilectis
2039 1796 2112 1860 filiis
2130 1845 2346 1862 .........
2364 1799 2403 1862 (2)

585 1905 698 1971 Eleoto
723 1913 756 1970 et
779 1907 928 1994 Oapitulo
952 1906 1134 1992 patracensi
1157 1928 1270 1994 preces
1294 1906 1522 1972 direxissemus
1547 1907 1606 1971 sub
1631 1913 1719 1970 certa
1742 1906 1846 1970 forma
1871 1906 1992 1971 monita
2015 1913 2047 1969 et
2070 1905 2234 1987 mandata,
2259 1913 2294 1970 ut
2316 1913 2348 1970 te
2372 1907 2404 1970 in

586 2035 697 2079 eorum
721 2015 857 2079 eeclesia
879 2015 1060 2100 reciperent
1084 2014 1116 2078 in
1140 2014 1331 2079 canonicum
1354 2021 1387 2077 et
1409 2014 1442 2077 in
1466 2013 1610 2096 fratrem,
1627 2013 1750 2099 tibique
1766 2012 1806 2077 de
1823 2011 1997 2100 prebenda,
2015 2014 2041 2076 si
2057 2012 2206 2094 vacabat,
2223 2013 2275 2077 vel
2292 2035 2403 2099 qnam·

585 2122 724 2208 primum
749 2123 790 2186 nd
813 2122 846 2186 id
869 2143 903 2187 sc
926 2121 1056 2187 offerret
1077 2123 1309 2208 opportunitas,
1326 2121 1543 2208 providerent,
1560 2121 1769 2186 decernentes
1794 2121 1920 2184 irritum
1943 2127 1976 2184 et
1999 2121 2095 2185 inane
2119 2121 2270 2208 quicquid
2292 2129 2405 2188 eontra

585 2229 774 2294 mandatum
789 2229 974 2314 hujusmodi
998 2230 1199 2315 contingeret
1222 2229 1384 2293 attentari.
1408 2228 1501 2292 Idem
1531 2227 1663 2292 Electus
1694 2227 1899 2313 postmodum
1930 2228 2017 2314 apud
2048 2228 2166 2293 Sedem
2194 2230 2404 2316 apostolicam

585 2337 787 2419 constitutus,
812 2337 854 2402 ad
876 2359 972 2423 quem
996 2337 1028 2400 in
1052 2337 1166 2401 eadem
1190 2337 1326 2401 ecclesio
1349 2337 1489 2423 pertinet
1512 2337 1642 2401 collatio
1665 2335 1918 2422 prebendarum,
1935 2343 2061 2422 patrem
2084 2344 2175 2401 tuum
2198 2344 2253 2401 tuo
2276 2338 2404 2402 nomine

584 2444 762 2509 liberaliter
785 2444 954 2532 recipiens,
971 2445 1004 2509 in
1028 2445 1217 2510 canonicum
1241 2445 1375 2510 ecclesie
1399 2443 1582 2530 supradicto
1606 2443 1646 2508 de
1670 2443 1835 2529 prebenda
1855 2443 2040 2528 hujusmodi
2064 2444 2122 2508 tibi
2146 2445 2314 2530 providere
2331 2466 2404 2531 pro·

585 2552 671 2616 misit
695 2553 932 2639 quamprimum
955 2553 1105 2617 habuerit
1128 2553 1326 2635 facultatem,
1343 2558 1439 2639 prout
1462 2553 1495 2616 in
1519 2552 1731 2616 instrumento
1755 2551 1884 2638 publico
1908 2551 1982 2615 inde
2007 2551 2153 2616 confecto
2177 2552 2303 2637 plenius
2328 2574 2403 2617 con·

584 2661 714 2724 tinetnr.
738 2659 806 2724 Nos
828 2660 936 2745 igitur,
954 2661 1016 2725 tuis
1040 2660 1328 2746 supplicationibus
1352 2659 1511 2742 inclinati,
1529 2659 1614 2746 quod
1631 2681 1688 2746 per
1704 2658 1852 2723 cumdem
1868 2658 2016 2724 Electum
2034 2659 2066 2722 in
2081 2659 2143 2723 bac
2167 2667 2258 2746 parte
2282 2660 2404 2725 factum

584 2774 633 2831 est
656 2775 763 2832 ratum
786 2775 818 2832 et
841 2775 971 2854 gratum
993 2768 1160 2852 habentes,
1186 2767 1217 2832 id
1241 2768 1432 2832 auctoritate
1457 2767 1634 2854 apostolica
1658 2767 1899 2849 confirmamus,
1925 2775 1956 2830 et
1980 2767 2137 2853 presentis
2161 2767 2272 2853 scripti
2295 2775 2403 2853 patro·

584 2875 668 2939 cinio
685 2876 927 2940 communimus.
945 2875 1104 2940 Tenorem
1121 2876 1325 2940 instrumenti
1342 2875 1477 2962 predicti
1501 2875 1540 2938 de
1565 2874 1663 2939 verbo
1688 2875 1729 2939 ad
1753 2874 1887 2939 verbum
1903 2875 2106 2961 presentibus
2123 2875 2221 2938 inseri
2237 2875 2402 2957 facientes,

584 2982 639 3068 qui
662 2983 736 3046 talis
759 2991 826 3048 est:

679 3115 693 3148 ‹
718 3090 757 3154 In
780 3089 843 3154 Dei
867 3091 1013 3172 nomine,
1038 3112 1142 3155 amen.
1166 3091 1264 3156 Anno
1287 3090 1419 3155 Domini
1443 3091 1612 3155 millesimo
1637 3091 1855 3155 ducentesimo
1880 3090 2147 3176 quinquagesimo
2171 3089 2325 3176 septimo,
2349 3090 2401 3155 die

582 3198 733 3262 mercurii
756 3198 1026 3284 vigesimaqninta
1047 3199 1131 3283 julii,
1149 3199 1384 3286 decimequinto
1408 3199 1602 3282 indictionis,
1620 3199 1824 3285 pontificatus
1841 3198 1963 3264 domini
1983 3198 2163 3262 Alexandri
2187 3219 2271 3284 papo
2296 3199 2401 3283 quarti

583 3325 668 3369 anno
693 3307 798 3370 tertio.
822 3306 860 3370 In
885 3307 1048 3392 presentia
1072 3307 1135 3370 mei
1158 3308 1275 3370 notarii
1299 3307 1496 3392 infrascripti
1525 3314 1558 3370 et
1585 3307 1715 3371 testium
1745 3307 1999 3393 subscriptorum
2027 3306 2144 3370 nobilis
2173 3306 2224 3369 vir
2255 3305 2402 3370 dominus

578 3411 740 3497 Ugolinns
765 3413 922 3478 cuidonis
944 3414 1161 3498 LambertinI,
1186 3415 1265 3480 civis
1295 3415 1512 3496 bononiensis,
1537 3421 1726 3500 procurator
1749 3414 1871 3477 domini
1899 3412 1989 3477 Petri
2013 3413 2159 3476 canonici
2182 3413 2399 3494 bononiensis,

578 3521 635 3584 filii
660 3521 726 3604 sui,
752 3522 834 3586 sicut
857 3523 1009 3605 constitit,
1026 3523 1225 3608 presentavit
1249 3523 1377 3587 nomine
1401 3522 1502 3608 ipsius
1519 3522 1576 3586 filii
1592 3523 1641 3586 sui
1659 3520 1787 3586 domino
1806 3569 1943 3586 ......
1962 3521 2074 3585 Electo
2091 3523 2274 3607 patracensi
2291 3521 2401 3585 literae

578 3627 699 3693 domini
722 3629 822 3715 Pape,
847 3650 985 3716 quarum
1008 3630 1206 3695 continentia
1230 3630 1304 3694 talis
1329 3636 1416 3694 erat:

673 3761 710 3794 α
736 3736 924 3801 Alexander
958 3737 1127 3824 episcopus
1162 3759 1274 3802 servus
1306 3759 1473 3802 servorum
1503 3737 1567 3802 Dei
1598 3737 1723 3801 dilectis
1754 3736 1828 3800 filiis
1854 3785 2018 3801 .......
2042 3735 2154 3801 Elceto
2186 3743 2219 3800 et
2250 3735 2400 3822 Capitulo

577 3844 761 3928 patracensi
796 3845 934 3909 salutem
969 3852 1001 3908 et
1036 3845 1247 3931 apostolicam
1280 3845 1547 3910 benedictionem.
1579 3844 1753 3910 Credentes
1789 3866 1845 3909 vos
1876 3844 1933 3908 illa
1964 3865 2043 3929 erga
2076 3865 2132 3909 nos
2167 3851 2199 3908 et
2234 3865 2401 3908 romanam

576 3950 758 4015 Ecclesiam
782 3952 961 4017 devotionis
985 3953 1168 4017 sinceritate
1192 3961 1387 4035 servarant
1409 3974 1520 4039 preces
1544 3959 1682 4035 nostras,
1703 3952 1801 4016 etiam
1824 3951 1852 4016 si
1874 3974 1929 4016 eas
1953 3973 2011 4037 pro
2028 3952 2192 4016 extraneis
2209 3951 2398 4036 dirigamus,

578 4058 734 4124 studeatis
758 4060 886 4124 effectui
911 4062 1106 4147 mancipare,
1125 4082 1292 4146 speramus
1316 4061 1451 4124 firmiter
1473 4060 1546 4124 illas
1570 4081 1588 4124 a
1613 4059 1705 4124 vobis
1729 4081 1801 4124 cum
1817 4060 2027 4147 porriguntur
2043 4081 2101 4144 pro
2118 4060 2210 4124 nobis
2227 4067 2259 4122 et
2275 4058 2400 4122 devotis

577 4168 695 4231 nostris
729 4190 767 4232 eo
798 4168 976 4255 promptius
1007 4168 1194 4255 adimpleri,
1219 4190 1282 4254 qno
1313 4168 1352 4233 de
1384 4168 1550 4233 sinceriori
1583 4167 1702 4232 affectu
1732 4167 1906 4253 procedere
1938 4168 2180 4252 dignoscuntur.
2212 4167 2299 4231 Hinc
2330 4173 2399 4248 cst,

578 4275 664 4360 quod
687 4297 746 4361 pro
770 4275 886 4340 dilecto
910 4275 986 4357 filio,
1011 4274 1109 4340 Petro
1134 4277 1287 4340 canonico
1312 4276 1518 4359 bononiensi,
1543 4283 1619 4340 nato
1643 4275 1752 4340 dilecti
1775 4274 1833 4338 filii
1856 4276 1972 4339 nobilis
1996 4275 2057 4338 viri
2081 4273 2214 4360 Ugolini
2241 4274 2400 4341 Gnidonis

577 4381 617 4446 de
633 4382 853 4466 Lambertino,
871 4383 980 4446 militis
997 4383 1213 4466 bononiensis,
1230 4384 1475 4449 universitatem
1490 4391 1631 4447 vestram
1655 4403 1832 4466 monemus,
1850 4404 2001 4468 rogamus
2025 4391 2057 4447 et
2081 4383 2257 4466 hortamur,
2274 4390 2397 4449 attente

578 4489 768 4553 mandantes
800 4497 958 4576 quatenns
981 4491 1097 4576 ipsum,
1122 4491 1163 4556 ob
1187 4492 1402 4555 reverentiam
1428 4490 1519 4555 Sedis
1544 4491 1719 4576 apostolice
1751 4496 1783 4554 ct
1817 4497 1977 4570 nostram,
2002 4490 2035 4554 in
2066 4491 2202 4555 ecclesia
2234 4499 2342 4554 vestra
2365 4493 2397 4554 in

578 4599 768 4662 canonicum
791 4598 954 4685 recipiatis
978 4605 1010 4662 et
1033 4599 1066 4663 in
1090 4599 1243 4681 fratrem,
1267 4599 1392 4685 sibique
1424 4599 1463 4664 de
1494 4599 1677 4684 prebenda,
1702 4599 1730 4662 si
1761 4619 1825 4684 qua
1857 4599 1890 4662 in
1921 4599 2035 4662 eadem
2064 4599 2201 4664 ecelesia
2232 4607 2327 4663 vacat
2357 4599 2399 4663 ad

577 4726 720 4790 presens,
745 4706 798 4769 vel
821 4707 982 4792 quamcito
1007 4706 1104 4770 adid
1129 4706 1281 4771 obtulerit
1304 4729 1339 4771 se
1363 4706 1512 4790 facultas,
1529 4707 1708 4771 liberaliter
1732 4705 1901 4793 providere
1927 4706 2055 4789 curetis,
2072 4728 2137 4770 non
2161 4707 2309 4771 obstante
2333 4713 2398 4771 sta·

576 4819 646 4876 tuto
670 4812 710 4877 dc
734 4821 820 4878 certo
845 4815 1072 4879 canonicorum
1096 4836 1240 4898 numero,
1254 4815 1451 4900 juramento,
1469 4815 1712 4880 confirmatione
1737 4815 1926 4902 apostolica,
1944 4815 1995 4879 vel
2019 4837 2220 4901 quacumque
2244 4814 2395 4878 firmitate

578 4920 643 4984 alia
666 4921 835 5004 roborato,
861 4929 918 4986 aut
941 4922 1027 5007 quod
1051 4923 1135 4987 idem
1158 4923 1275 4987 Petrus
1299 4923 1368 5009 pati
1391 4922 1508 4986 dicitur
1532 4923 1564 4987 in
1588 4923 1753 4987 ordinibus
1777 4929 1809 4986 et
1839 4931 1925 4987 etate
1956 4922 2134 5004 defectum,
2159 4945 2217 4986 seu
2247 4922 2274 4985 si
2303 4923 2395 4986 vobis

578 5029 789 5092 communiter
816 5029 868 5094 vel
899 5029 1028 5093 divisim
1060 5031 1101 5094 ab
1133 5030 1246 5095 eadem
1278 5031 1320 5094 sit
1350 5029 1434 5094 Sede
1466 5030 1626 5094 indultum
1658 5031 1755 5116 quod
1776 5029 1817 5094 ad
1848 5030 2066 5116 receptionem
2098 5030 2150 5094 vel
2180 5030 2399 5115 provisionem

577 5135 715 5220 alicujus
738 5136 869 5201 minime
892 5139 1076 5220 teneamini,
1094 5138 1243 5224 qnodque
1268 5138 1310 5202 ad
1333 5139 1366 5202 id
1389 5137 1538 5223 compelli
1563 5159 1627 5202 non
1650 5137 1779 5224 possitis
1803 5159 1860 5223 per
1880 5138 1990 5201 literas
2007 5138 2201 5223 apostolicas
2217 5138 2347 5223 plenam
2363 5145 2395 5202 et

577 5265 765 5330 expressam
789 5267 853 5309 non
877 5245 1032 5309 facientes
1056 5246 1095 5310 de
1120 5246 1244 5310 indulto
1268 5245 1453 5330 hujusmodi
1476 5247 1689 5328 mentionem,
1712 5253 1744 5310 et
1768 5246 1912 5332 qualibet
1936 5245 2001 5309 alia
2024 5245 2149 5331 prefate
2174 5243 2267 5310 Sedis
2290 5246 2394 5310 indul·

577 5351 687 5436 gentio
710 5353 941 5438 cujuscumque
965 5354 1086 5417 tenoris
1110 5353 1243 5435 existat,
1266 5374 1326 5439 per
1350 5375 1445 5438 quam
1469 5352 1673 5439 presentibus
1697 5373 1761 5416 non
1785 5375 1972 5438 expressam
2003 5360 2059 5416 out
2090 5352 2233 5416 totaliter
2262 5353 2395 5417 nonin·

576 5465 697 5522 sertam
721 5459 820 5544 ipsius
844 5459 934 5524 Petri
957 5461 1098 5546 receptio
1123 5461 1174 5525 vel
1197 5462 1338 5546 provisio
1356 5459 1503 5546 impediri
1520 5461 1629 5524 valeat
1647 5460 1698 5523 vel
1715 5459 1847 5542 differri,
1865 5481 1976 5546 preces
1994 5468 2025 5524 et
2041 5459 2229 5524 mandatum
2251 5466 2395 5524 nostrum

576 5566 610 5629 in
634 5565 695 5630 hnc
718 5574 811 5652 parte
834 5567 943 5630 taliter
966 5568 1140 5654 impleturi,
1157 5567 1243 5653 qnod
1259 5568 1461 5633 devotionem
1486 5575 1627 5632 vestram
1652 5567 1757 5653 dignis
1781 5567 1898 5632 exinde
1923 5568 2082 5653 possimus
2107 5567 2139 5630 in
2162 5565 2302 5631 Domino
2325 5567 2394 5630 lau-

577 5673 671 5737 dibus
696 5674 931 5738 commendare.
951 5675 995 5738 Et
1018 5697 1057 5738 ne
1082 5676 1166 5739 idem
1189 5676 1306 5740 Petrus
1331 5677 1515 5762 hujusmodi
1538 5677 1731 5764 provisionis
1755 5676 1904 5740 frustrari
1927 5676 2029 5761 possit
2052 5674 2179 5754 effectu,
2196 5674 2397 5740 decernimus

577 5782 704 5846 irritum
728 5789 760 5845 et
784 5782 897 5866 inane,
922 5782 949 5846 si
973 5805 1064 5847 scens
1089 5784 1128 5848 de
1162 5784 1307 5871 predicta
1337 5785 1502 5870 prebenda
1532 5807 1590 5872 per
1621 5807 1854 5871 quemcumque
1887 5784 2058 5869 contigerit
2089 5783 2250 5847 attentari.
2276 5783 2396 5847 Datum

575 5890 731 5955 Laterani
755 5898 869 5976 quarto
893 5912 996 5954 nonas
1020 5891 1146 5977 aprilis,
1171 5893 1376 5978 pontificatus
1401 5895 1501 5957 nostri
1524 5915 1609 5957 anno
1632 5895 1728 5958 tertio
1753 5917 1806 5956 ι».

667 6023 681 6055 ›
712 5998 776 6072 Qui
798 5999 946 6063 dominus
970 5999 1111 6084 Electus,
1135 6001 1286 6087 predictis
1310 6000 1411 6064 literis
1434 6001 1512 6086 ipsis
1535 6009 1722 6066 reverenter
1745 6001 1892 6086 receptis,
1913 6000 2022 6064 statim
2045 5999 2207 6084 prefatum
2231 5998 2396 6063 dominum

576 6104 769 6191 Ugolinum,
786 6107 915 6172 nomme
939 6108 1015 6172 dicti
1039 6109 1159 6172 domini
1182 6108 1282 6191 Petri,
1307 6115 1463 6194 quantum
1486 6108 1526 6171 ad
1551 6129 1585 6172 se
1609 6108 1801 6195 pertinebat,
1825 6108 1926 6171 libere
1951 6107 2072 6193 recepit
2095 6107 2128 6171 in
2152 6106 2342 6172 canonicum
2365 6115 2397 6170 et

658 6361 696 6426 (l)
717 6359 759 6410 Ex
778 6379 835 6431 rog.
855 6361 891 6412 Π.
911 6360 992 6411 Alex.
1011 6358 1074 6424 IV„
1095 6376 1138 6428 ep.
1159 6363 1220 6426 524,
1240 6359 1288 6412 fol.
1309 6364 1352 6425 nl,
1372 6377 1415 6411 an.
1435 6359 1613 6428 nocam,
1633 6361 1752 6414 XXVII.
1772 6363 1840 6414 iulii.

657 6453 696 6518 (2)
716 6450 822 6503 Nomen
842 6449 930 6502 Electi
950 6449 1128 6502 desideratur.
