5544 7750
591 608 667 681 304

650 783 701 849 De
725 785 814 849 lucro
838 790 946 848 autem
973 782 1090 847 dicitur
1113 779 1198 868 quod
1223 802 1286 844 nou
1310 785 1469 862 tenentur,

587 893 648 956 nisi
673 893 712 956 de
736 891 818 956 salso
842 891 1010 977 acquisito,
1034 890 1117 954 sicut
1139 889 1262 952 taxillis
1289 887 1381 952 falsis
1413 908 1470 950 seu

587 1001 687 1082 alias:
714 1021 827 1064 verum
850 999 1033 1084 suggeratis
1057 997 1119 1062 sibi
1142 1003 1178 1062 ut
1201 995 1287 1082 quod
1310 995 1393 1060 male
1418 1016 1470 1058 ac-

587 1108 718 1196 quisivit
741 1108 774 1170 in
795 1107 888 1170 bouis
911 1106 1084 1192 expendat,
1105 1104 1301 1191 pauperibus
1325 1123 1470 1188 erogare.

650 1215 687 1280 0.
703 1237 762 1301 pro
786 1215 873 1280 socio
896 1214 918 1278 l.
936 1213 981 1278 I.:
1008 1212 1202 1278 Societatem
1218 1232 1282 1275 uno
1298 1211 1470 1297 pecuniam

586 1322 770 1388 conferente
788 1323 851 1386 alio
872 1343 1003 1408 operam
1020 1326 1185 1407 prestante
1202 1319 1348 1383 contrahi
1365 1317 1468 1403 magis

585 1431 734 1517 optinuit,
751 1429 827 1516 quia
843 1451 919 1515 sepe
937 1449 1035 1516 opera
1057 1427 1194 1512 alicujus
1219 1427 1390 1513 plusquam
1414 1448 1468 1512 pe·

585 1539 680 1603 cunia
697 1538 793 1620 valet,
811 1539 894 1601 utin
911 1537 1002 1601 Iusti.
1020 1536 1135 1601 eodem
1151 1535 1168 1618 5
1185 1535 1249 1618 II.,
1266 1541 1298 1599 et
1315 1535 1342 1598 si
1359 1541 1468 1620 partes

585 1647 710 1731 adjecto
735 1667 798 1711 non
822 1645 941 1710 fuerint
964 1644 1096 1730 equales
1120 1645 1150 1708 in
1174 1644 1262 1708 lucro
1279 1649 1311 1707 et
1328 1643 1467 1730 dampno

586 1761 773 1841 spectantur
796 1761 830 1818 ut
853 1753 928 1838 Dig.
949 1753 1062 1818 eodem
1086 1751 1113 1815 si
1137 1773 1200 1816 non
1223 1749 1378 1834 lueri[n]t.
1404 1749 1467 1814 Sed

585 1883 684 1949 quero
701 1883 743 1926 an
759 1861 814 1926 ille
830 1861 885 1947 qui
897 1861 1068 1947 pecuniam
1080 1859 1225 1942 contulit,
1239 1858 1355 1922 debeat
1368 1857 1467 1922 habe·

585 1991 619 2034 re
644 1969 749 2056 capud
762 1969 802 2034 (1)
817 1969 942 2032 salvum
962 1969 995 2032 iu
1015 1967 1171 2032 divisione
1195 1965 1368 2046 societatis,
1385 1965 1469 2030 idest

585 2084 714 2160 sortem,
728 2084 760 2140 et
773 2077 896 2140 lucrum
909 2098 951 2140 ex
963 2097 1001 2139 ea
1014 2075 1206 2161 proveniens
1220 2073 1465 2138 communicare.

583 2185 605 2251 J
608 2207 728 2250 oannes
749 2184 928 2270 distinguit,
945 2204 987 2247 an
1003 2182 1044 2246 ab
1061 2183 1152 2246 initio
1169 2182 1214 2246 sic
1231 2180 1355 2246 dederit
1372 2201 1467 2266 pecu·

584 2294 671 2357 niam
695 2291 756 2376 [ut]
780 2291 1040 2372 communicaret,
1065 2289 1148 2353 etta
1165 2310 1206 2352 an
1230 2295 1266 2352 ut
1289 2309 1348 2352 sua
1363 2309 1468 2352 rema·

588 2407 688 2466 neret.
706 2401 745 2464 In
761 2399 865 2486 primo
888 2420 965 2463 casu
988 2398 1202 2462 communicat
1214 2397 1263 2478 (11),
1282 2395 1469 2460 insecundo

584 2531 659 2574 nou.
678 2507 740 2572 Sed
758 2507 845 2594 quid,
866 2507 894 2572 si
909 2507 970 2570 hoc
990 2527 1054 2571 non
1071 2505 1251 2592 appareat?
1266 2503 1466 2588 Responsio:

584 2616 623 2681 In
643 2616 740 2680 dubio
763 2616 960 2702 presumitur
982 2613 1228 2696 communicata,
1253 2618 1288 2676 ut
1312 2610 1387 2696 Dig.
1412 2632 1466 2675 co-

585 2724 658 2789 dem
680 2724 701 2788 l.
726 2724 771 2806 I.,
796 2724 814 2805 5
836 2723 891 2787 fin.
919 2729 951 2787 et
973 2722 995 2786 l.
1019 2721 1084 2805 IL,
1110 2721 1184 2784 licet
1215 2721 1280 2784 alia
1303 2720 1345 2783 sit
1367 2719 1464 2804 hujus

585 2832 724 2896 civitatis
755 2839 787 2895 et
816 2830 1029 2918 quarumdam
1059 2829 1226 2894 civitatum
1256 2827 1465 2892 consuetudo.

585 2939 603 3022 5
626 2940 710 3003 Item
730 2938 808 3024 quid
831 2939 858 3002 si
881 2939 941 3002 hec
963 2959 1033 3002 sors
1050 2937 1091 3001 sit
1114 2938 1242 3018 amissa,
1260 2957 1300 2999 an
1325 2942 1465 3000 tantum·

585 3047 658 3111 denr
674 3047 791 3111 debeat
808 3067 979 3132 reponere,
998 3053 1029 3109 et
1053 3067 1094 3108 an
1118 3047 1160 3108 sit
1184 3065 1318 3110 comune
1342 3043 1466 3130 pericu-

585 3154 652 3219 lum
675 3154 892 3240 [Responsioz
918 3175 981 3218 non
1006 3159 1054 3218 est
1077 3174 1244 3217 commuue
1267 3149 1465 3238 perieulum]

584 3268 621 3326 ut
636 3262 690 3326 ille
711 3262 766 3348 qui
785 3283 916 3348 operam
939 3261 1080 3347 ponebat
1099 3260 1220 3346 aliquid
1237 3260 1391 3342 conserat,
1409 3259 1465 3322 sed

582 3374 674 3438 finita
697 3379 746 3436 est
762 3370 924 3456 [societas]
941 3369 1186 3456 interemptione
1202 3389 1321 3448 rorum,
1337 3374 1373 3430 ut
1389 3367 1465 3452 Dig.

587 3482 700 3546 eodem
724 3481 745 3544 l.
762 3501 892 3562 rerum,
917 3479 935 3561 5
959 3479 1130 3558 intereunt,
1151 3497 1226 3541 uam
1250 3481 1282 3539 et
1305 3475 1390 3538 circa
1412 3496 1467 3560 pc·

586 3591 715 3657 cuniam
737 3587 904 3653 consuevit
927 3607 1059 3672 opernm
1078 3583 1242 3666 exhibere,
1260 3603 1356 3668 quam
1373 3581 1467 3646 modo

586 3720 651 3764 non
681 3697 812 3761 hebent.
837 3693 1023 3760 Accursius.

647 3805 724 3890 Dig.
739 3825 796 3891 pro
813 3804 900 3869 socio
916 3803 937 3868 l.
951 3803 978 3866 ri
994 3822 1057 3866 non
1074 3799 1230 3884 fueri[n]t,
1243 3799 1415 3885 Ulpianus:
1432 3797 1467 3862 Si

586 3937 650 3980 non
674 3914 794 3978 fuerint
813 3919 922 3998 partes
946 3909 1108 3976 societatis
1132 3908 1268 3994 adjecto,
1288 3927 1387 3992 equas
1412 3927 1467 3970 eas

585 4045 655 4088 esse
678 4028 821 4104 constat3
838 4021 866 4084 si
880 4040 958 4084 nero
980 4017 1140 4105 placuerit
1155 4023 1190 4080 ut
1207 4016 1278 4102 quis
1294 4014 1374 4078 duas
1393 4035 1467 4100 par·

585 4138 633 4196 tes
657 4131 709 4196 vel
732 4137 797 4195 tres
820 4128 949 4210 haheat,
974 4126 1057 4191 alius
1081 4147 1190 4207 uuam,
1215 4145 1256 4187 au
1280 4122 1413 4187 valeat?
1434 4128 1467 4186 et

585 4239 692 4325 placet
711 4237 837 4320 valere,
862 4236 888 4300 si
916 4234 1010 4299 modo
1034 4233 1076 4300 ad
1099 4232 1131 4297 id
1144 4232 1183 4298 (4)
1196 4231 1269 4318 plus
1296 4229 1468 4294 contulerit

585 4345 731 4411 societati
747 4345 799 4409 vel
815 4345 960 4432 pecunie,
977 4343 1029 4408 vel
1046 4363 1153 4429 opere,
1166 4342 1219 4405 vel
1235 4341 1466 4424 cujuscumque

586 4454 717 4518 alterius
734 4454 781 4518 rei
797 4473 894 4517 causa
910 4451 928 4534 5
943 4452 996 4517 Ita
1011 4451 1089 4515 coiri
1105 4449 1293 4515 societatem
1308 4467 1413 4533 posse,
1431 4451 1467 4509 ut

585 4561 707 4625 nullam
737 4567 861 4647 partem
894 4559 1026 4646 dampni
1056 4559 1139 4622 alter
1169 4555 1310 4638 senciat,
1340 4554 1466 4618 lucrum

584 4691 661 4734 vero
687 4690 854 4734 commune
878 4669 930 4752 sit,
948 4666 1077 4732 Cassius
1100 4671 1213 4752 putat3
1237 4662 1322 4750 quod
1342 4663 1388 4726 ita
1412 4661 1466 4726 de·

585 4797 672 4841 mum
702 4777 841 4859 valebit,
865 4782 902 4840 ut
932 4774 1071 4839 Sabinus
1099 4772 1244 4859 scripsit,
1269 4771 1297 4834 si
1318 4771 1402 4835 tanti
1425 4769 1467 4832 sit

584 4907 699 4972 opera,
724 4885 836 4970 quanti
863 4883 1039 4970 dampnum
1067 4889 1133 4964 est;
1160 4880 1350 4967 plerumque
1379 4877 1465 4942 enim

584 4999 675 5059 tanta
698 5001 747 5058 est
769 4993 928 5058 industria
951 4992 1040 5074 socii,
1064 4997 1100 5054 ut
1123 4989 1195 5076 plns
1220 4987 1367 5052 societati
1391 5007 1465 5050 con-

583 5101 667 5166 ferat
683 5123 780 5188 quam
804 5100 958 5187 pecunia;
982 5099 1060 5163 item
1090 5097 1118 5161 si
1146 5097 1233 5162 solus
1263 5095 1414 5180 naviget,
1438 5095 1465 5158 si

583 5211 670 5274 solua
692 5209 926 5296 peregrinetur,
942 5205 1088 5293 pericula
1104 5205 1219 5268 subeat
1239 5202 1337 5268 solus.
1354 5201 1465 5266 Aristo

583 5318 682 5382 refert
698 5318 845 5383 Cassium
866 5315 1078 5403 respondisse,
1096 5313 1282 5378 societatem
1305 5317 1414 5374 tamen
1427 5309 1466 5375 (5)

583 5426 661 5491 coiri
685 5447 749 5489 non
777 5445 889 5511 posse,
914 5429 949 5487 ut
972 5422 1054 5486 alter
1076 5421 1202 5484 luorum
1224 5424 1360 5500 tantum,
1382 5417 1465 5481 alter

583 5533 759 5619 dampnum
781 5531 932 5614 sentiret,
956 5536 988 5594 ct
1015 5529 1096 5593 alias
1107 5527 1146 5592 (6)
1162 5527 1246 5591 hanc
1277 5525 1464 5590 societatem

581 5641 744 5706 leoninam
765 5640 894 5704 solitunr
914 5661 988 5702 eum
1004 5637 1043 5703 (1)
1067 5635 1249 5722 appellare:
1266 5641 1298 5698 et
1314 5656 1372 5698 nos
1389 5655 1463 5698 con-

582 5750 737 5814 sentimus
760 5747 859 5812 talem
882 5747 1070 5810 societatem
1089 5744 1212 5807 nullam
1232 5765 1312 5825 esse,
1330 5750 1365 5807 ut
1381 5741 1463 5804 alter

580 5859 707 5923 lucrunr
731 5856 854 5920 senciat
877 5853 959 5918 alter
978 5873 1055 5918 vero
1080 5851 1254 5937 dampnum
1278 5850 1412 5914 sentiret
1433 5854 1465 5913 et

645 6072 683 6137 (1)
705 6069 827 6136 Capitale
845 6068 873 6120 in
893 6065 937 6118 el.

644 6163 683 6227 (2)
703 6161 757 6211 Sic.

644 6252 683 6317 (a)
704 6249 925 6301 Communicatar
943 6247 971 6298 in
991 6245 1036 6297 Gl.

644 6344 683 6410 (4)
702 6341 817 6408 Aliquid
835 6341 863 6391 in
883 6339 980 6391 Textu.

644 6432 683 6498 (5)
707 6429 799 6480 Talem
817 6429 847 6480 in
868 6427 967 6481 Textu.

644 6523 683 6589 (6)
703 6521 756 6572 Sic.

1338 623 1662 674 nonmuuoauu

1534 778 1659 843 nullum
1689 779 1832 862 locrnm;
1856 777 2093 863 iniquissimum
2123 777 2208 841 enim
2236 798 2338 862 genus
2367 799 2418 842 so·

1534 885 1660 950 cietatis
1680 893 1738 968 est,
1756 886 1788 949 iu
1806 907 1869 972 qua
1886 885 1957 971 quis
1974 885 2149 971 dampnum
2165 891 2198 948 et
2213 906 2278 949 non
2294 885 2420 949 lucrum

1534 1001 1667 1082 spectet.

1597 1100 1737 1166 Paulus:
1754 1100 1879 1165 Mucius
1899 1100 2011 1164 scribit
2033 1121 2097 1164 non
2121 1121 2215 1187 posse
2231 1101 2419 1166 societatem

1535 1209 1623 1292 coiri,
1647 1217 1684 1273 ut
1706 1209 1804 1273 aliam
1827 1209 1969 1296 dampni,
1993 1209 2092 1273 aliam
2115 1209 2196 1274 lucri
2219 1215 2344 1294 partem
2368 1231 2418 1274 so·

1535 1317 1603 1382 cius
1626 1317 1727 1400 serat3

1598 1425 1748 1508 Servius,
1773 1447 1831 1490 nec
1855 1447 1949 1512 posse
1973 1425 2160 1491 societatem
2184 1426 2229 1490 ita
2256 1426 2414 1508 contrahi,

1533 1553 1637 1620 neque
1661 1533 1843 1616 lucrumffit,
1858 1533 1919 1598 nisi
1935 1534 2022 1598 omni
2039 1533 2179 1622 dampno
2196 1533 2343 1618 deducto,
2361 1555 2417 1599 ne-

1533 1661 1594 1727 que
1618 1641 1804 1727 dampnum,
1829 1641 1891 1706 nisi
1915 1641 2002 1707 omni
2025 1641 2114 1706 lucro
2139 1641 2287 1706 deducto.

1595 1747 1658 1812 Sed
1675 1755 1781 1834 potest
1797 1750 1933 1813 societas
1950 1749 2098 1814 contrahi
2114 1749 2169 1832 ita,
2184 1755 2220 1813 ut
2236 1751 2306 1834 ejus
2323 1751 2415 1834 lucri,

1531 1855 1616 1943 quod
1641 1857 1800 1942 reliquum
1828 1857 1860 1920 in
1892 1858 2045 1922 societate
2073 1858 2131 1941 sit,
2157 1858 2244 1922 omni
2275 1858 2415 1946 dampno

1530 1962 1678 2046 deducto,
1695 1985 1770 2051 pars
1790 1965 1900 2051 aliqua
1909 1966 1949 2030 (9)
1963 1966 2158 2048 conseratur,
2177 1975 2208 2030 et
2232 1967 2303 2050 ejus
2327 1966 2416 2031 dam·

1531 2071 1602 2156 pni,
1627 2072 1711 2156 quod
1735 2073 1882 2138 similiter
1905 2071 2149 2159 relinqu[a]tur,
2173 2095 2248 2160 pars
2277 2075 2341 2138 alia
2363 2096 2417 2140 ca·

1531 2177 1649 2264 pietur.

1594 2285 1673 2351 Plus
1690 2287 1861 2352 contulerit
1877 2286 2040 2353 societati:
2061 2287 2096 2352 Si
2120 2297 2229 2353 autem
2254 2311 2318 2355 non
2340 2312 2416 2356 con-

1532 2395 1643 2458 tulerit
1674 2395 1765 2481 plns,
1789 2395 1943 2482 numquid
1974 2395 2035 2461 hoo
2059 2405 2189 2483 pactum
2213 2397 2323 2462 valet?
2347 2399 2416 2484 qui-

1532 2501 1616 2584 dam,
1634 2509 1669 2566 ut
1692 2503 1790 2587 Ano,
1807 2503 1892 2590 quod
1909 2525 1982 2587 non,
2000 2511 2035 2569 ut
2054 2506 2120 2586 hic,
2138 2511 2170 2569 et
2189 2505 2274 2569 infra
2297 2507 2412 2570 eodem

1531 2609 1608 2696 quid
1639 2611 1724 2674 enim
1747 2611 1765 2694 5
1793 2611 1882 2676 illud.
1906 2611 1949 2676 Et
1973 2621 2022 2676 est
2045 2613 2146 2695 ratio,
2170 2615 2247 2698 quia
2278 2614 2417 2678 societas

1529 2717 1628 2782 habet
1649 2720 1702 2805 jus
1726 2719 1948 2804 fraternitatis,
1965 2720 2051 2786 uude
2075 2721 2150 2786 licet
2174 2720 2281 2804 alials]
2302 2723 2414 2806 hujus-

1530 2827 1616 2890 modi
1632 2834 1728 2915 pacta
1743 2836 1912 2893 serventur
1928 2829 2050 2894 scilicet
2063 2829 2121 2894 (10)
2133 2829 2271 2916 depositi
2287 2830 2308 2895 1.
2326 2833 2339 2894 l
2359 2831 2376 2912 5
2397 2835 2423 2895 l·

1530 2935 1557 2998 si
1580 2935 1740 3019 convenit,
1755 2935 1808 3000 hic
1831 2944 1939 3000 tamen
1964 2958 2028 3001 non
2048 2937 2189 3020 valeant,
2207 2946 2243 3001 ut
2258 2938 2344 3002 iufra
2360 2960 2415 3002 ea-

1530 3041 1602 3106 dem
1626 3043 1648 3107 l.
1671 3043 1689 3126 5
1712 3043 1786 3128 fin,
1810 3051 1842 3108 et
1865 3044 1950 3108 intra
1980 3044 2094 3109 eodem
2121 3045 2143 3109 l.
2168 3066 2279 3109 verum
2311 3045 2337 3110 I.
2362 3067 2413 3110 re-

1531 3171 1659 3236 sponso.

1591 3260 1657 3325 Alii
1682 3261 1808 3344 dicunt,
1833 3268 1868 3326 ut
1891 3261 2052 3344 Joannes,
2077 3262 2162 3348 quod
2186 3262 2291 3346 valet,
2317 3269 2349 3327 et
2376 3263 2415 3326 li·

1529 3367 1643 3432 benter
1666 3368 1801 3432 audiunt
1817 3368 1873 3434 (11)
1886 3369 1938 3434 hic
1966 3371 2123 3452 maxime;
2141 3391 2216 3434 nam
2244 3371 2304 3434 hoc
2331 3371 2413 3457 ipso,

1531 3476 1617 3562 quod
1640 3476 1745 3540 socius
1767 3477 1819 3559 sit,
1843 3476 1953 3541 dicunt
1983 3477 2039 3541 alii
2071 3477 2180 3542 afferri
2211 3477 2415 3542 commodum

1531 3583 1672 3669 aliquod,
1697 3591 1733 3647 ut
1755 3591 2000 3669 argumentatur
2023 3584 2107 3649 infra
2130 3585 2170 3650 dc
2194 3585 2415 3650 contrahenda

1530 3693 1703 3778 emptione,
1719 3692 1741 3756 l.
1758 3691 1850 3757 fundi
1868 3699 2004 3779 partem.
2021 3693 2133 3776 Tertii,
2149 3700 2185 3757 ut
2200 3693 2274 3776 Al,
2291 3693 2413 3776 dicunt,

1531 3799 1616 3886 quod
1639 3800 1727 3863 valet
1747 3800 1820 3884 jure
1844 3799 1939 3886 pacti,
1965 3821 2028 3865 non
2049 3801 2123 3886 jure
2148 3800 2322 3866 societatis.
2348 3800 2415 3864 Sed

1530 3907 1635 3993 prima
1658 3907 1765 3973 verior
1788 3914 1846 3972 est.

1594 4014 1691 4080 Tanti
1714 4017 1755 4080 sit
1779 4037 1894 4103 opera:
1920 4016 2050 4082 Scilicet
2073 4017 2269 4082 extimanda.

1594 4123 1715 4198 Quanti
1739 4126 1913 4212 dampnum
1937 4133 2001 4190 est:
2020 4125 2109 4190 Idest
2123 4126 2303 4212 periculum
2322 4125 2414 4189 dam·

1530 4231 1586 4318 pni
1609 4231 1777 4296 subeundi.

1594 4339 1629 4403 Si
1651 4341 1738 4405 solus
1754 4342 1996 4428 peregrinetur:
2015 4341 2103 4406 Idest
2125 4343 2193 4406 sine
2214 4341 2313 4406 socio.
2329 4342 2413 4406 Azo.

1531 4447 1596 4513 Sed
1619 4450 1696 4535 quid
1720 4450 1747 4514 si
1768 4450 1922 4536 perdatur
1937 4450 2074 4537 pecunia
2090 4450 2189 4515 talis?
2206 4471 2248 4514 an
2268 4450 2309 4514 sit
2327 4451 2414 4536 peri·

1530 4557 1639 4622 culum
1662 4559 1854 4623 commune?
1877 4558 2038 4623 Joannes:
2059 4579 2133 4641 non,
2149 4558 2211 4622 nisi
2226 4558 2288 4622 hoc
2304 4565 2414 4621 aetum

1530 4673 1596 4750 est;
1613 4665 1695 4730 sicut
1714 4665 1742 4730 si
1757 4666 1840 4730 alter
1856 4667 1911 4752 qui
1934 4687 2049 4752 operas
2071 4671 2205 4752 prestat,
2222 4673 2412 4747 moreretur,

1529 4795 1594 4838 non
1617 4779 1702 4838 esset
1724 4793 1903 4838 commune.
1930 4773 1993 4838 Sed
2017 4795 2059 4837 an
2082 4780 2191 4861 posset
2210 4795 2294 4837 unns
2311 4773 2413 4836 alium

1530 4881 1722 4967 compellere
1735 4881 1787 4944 vel
1800 4881 1857 4945 (12)
1870 4880 2073 4968 operari,ch
2089 4888 2125 4945 ut
2140 4881 2340 4945 tantumdem
2357 4902 2413 4966 pe-

1529 4989 1622 5053 cunie
1650 4990 1815 5075 reportet?
1837 4988 2032 5075 Responsio:
2050 4988 2134 5072 Non,
2147 4989 2224 5074 quia
2241 4989 2346 5052 soluta
2362 4995 2413 5052 est

1530 5097 1665 5162 societas
1697 5097 1942 5183 interemptione
1967 5117 2093 5180 rerum,
2117 5102 2153 5160 ut
2180 5095 2264 5159 infra
2295 5095 2410 5159 eodem

1529 5225 1642 5269 verum
1666 5205 1684 5287 5
1707 5204 1761 5270 fin.

1592 5311 1635 5376 Et
1658 5313 1741 5376 alter
1763 5333 1840 5376 vero
1865 5313 2056 5399 dampnum:
2082 5311 2211 5376 Scilicet
2237 5318 2351 5392 totum,
2375 5317 2413 5374 ut

1528 5419 1778 5505 subjicit3idem
1801 5427 1850 5484 est
1874 5420 1901 5483 si
1924 5427 2049 5506 partem
2073 5419 2204 5506 dampni
2228 5418 2360 5501 senciat,
2377 5426 2413 5484 et

1527 5527 1627 5592 nichil
1641 5528 1733 5592 lucri.
1750 5525 1830 5592 Ano.
1849 5525 1913 5592 Sed
1937 5549 2009 5592 cum
2033 5527 2189 5612 majorem
2212 5534 2337 5612 partem
2361 5527 2413 5590 lu·

1527 5635 1587 5720 cri,
1605 5643 1637 5700 et
1661 5636 1818 5701 minorem
1841 5633 1998 5722 [dampni]
2019 5656 2062 5700 ex
2078 5641 2173 5723 pacto
2189 5641 2323 5722 possunt
2338 5657 2413 5720 per-

1527 5745 1644 5830 cipere,
1662 5751 1697 5808 ut
1718 5765 1816 5829 snpra
1836 5743 1950 5807 eadem
1965 5744 1998 5806 in
2022 5743 2176 5829 princip,
2194 5743 2265 5828 quis
2289 5743 2349 5807 erit
2374 5743 2413 5806 fi-

1527 5852 1601 5916 nis?
1613 5851 1750 5915 Videtur
1767 5850 1852 5915 enirn
1869 5850 1954 5936 quod
1970 5849 1997 5914 si
2013 5849 2111 5914 etiarn
2127 5871 2227 5914 unum
2243 5847 2412 5915 nummum

1591 6069 1630 6133 (l)
1650 6067 1682 6119 In
1702 6066 1761 6119 cod.
1779 6063 1801 6119 ἓ.

1592 6159 1630 6224 (8)
1650 6157 1720 6209 Vide
1739 6157 1821 6209 infra.

1591 6249 1631 6312 (9)
1650 6247 1717 6297 Alta
1735 6247 1763 6297 in
1782 6246 1826 6298 Gl.

1574 6340 1632 6406 (10)
1655 6338 1687 6391 Ut
1704 6354 1790 6404 cupra
1809 6338 1837 6388 in
1857 6337 1901 6389 Gl.

1574 6429 1632 6495 (11)
1651 6428 1869 6481 autumantia
1889 6426 1932 6478 Gl.

1574 6521 1631 6586 (12)
1651 6519 1704 6572 Sic.
