5484 7746
626 631 701 700 252
1410 651 1650 702 nouuusurs

623 806 705 870 siam
729 805 857 890 [sancti]
880 806 1059 890 Laurentij,
1077 805 1246 871 ecclesiam
1262 807 1365 870 sancti
1381 806 1558 889 Michaelis,
1576 827 1638 892 quc
1654 813 1728 870 sunt
1745 807 1777 870 iu
1794 805 1954 870 Medicina
1971 828 2044 871 cum
2060 807 2207 871 omnibus
2223 807 2439 893 predictarum

623 913 833 977 ecclesiarum
862 913 1081 1000 pertinentiis3
1107 920 1226 977 terram
1250 914 1347 977 etiam
1376 935 1449 977 cum
1480 913 1627 977 domibus
1655 921 1687 978 et
1718 914 1786 978 sina
1817 913 1981 997 domibus,
2006 935 2067 1000 que
2091 921 2140 978 eat
2163 914 2248 978 circa
2272 916 2440 980 ecclesiam

623 1022 726 1084 sancti
749 1021 839 1084 Petri
862 1020 962 1084 vestri
985 1021 1200 1106 episcopatus,
1218 1021 1339 1085 scilicet
1363 1042 1382 1084 a
1405 1020 1550 1102 meridie,
1567 1043 1700 1106 vespere
1720 1028 1752 1084 et
1772 1021 1999 1107 septemtrione
2015 1022 2138 1108 positis,
2155 1028 2259 1087 terras
2281 1044 2342 1108 que
2367 1031 2440 1086 suut

619 1127 702 1212 juris
726 1127 870 1192 Ecclesia
894 1135 1000 1191 vestre
1024 1126 1057 1190 in
1081 1126 1331 1213 septemptricne
1355 1127 1476 1213 positas
1500 1127 1584 1190 infra
1605 1149 1730 1192 mumm
1747 1127 1885 1192 civitatis
1903 1127 1934 1191 iu
1952 1127 2021 1192 loco
2046 1129 2100 1213 qui
2121 1127 2280 1212 hospitale
2297 1136 2439 1211 vocatur,

622 1244 655 1298 et
678 1242 772 1299 extra
795 1256 923 1299 murum
939 1255 1040 1319 usque
1058 1233 1201 1298 adriam
1218 1235 1320 1298 sancti
1337 1233 1460 1298 Thome
1477 1234 1625 1320 apostoli,
1642 1241 1674 1298 et
1690 1256 1709 1298 a
1725 1235 1844 1321 platea,
1861 1256 1922 1320 que
1938 1235 2045 1321 pergit
2061 1235 2101 1298 ad
2118 1235 2254 1298 eandem
2272 1235 2439 1300 ecclesiam

622 1363 724 1427 usqua
749 1341 790 1405 ad
812 1342 928 1424 rivum,
946 1342 1001 1426 qui
1024 1341 1142 1405 dicitur
1164 1341 1277 1424 Arias,
1295 1363 1388 1405 omne
1412 1341 1628 1405 domnicatum
1650 1341 1733 1428 quod
1758 1342 1884 1406 habetis
1901 1349 1933 1406 et
1948 1343 2074 1422 tenetis,
2092 1349 2156 1406 tres
2181 1362 2308 1428 quoque
2332 1350 2438 1428 partes

622 1449 872 1514 decimationum
896 1449 993 1512 totius
1017 1455 1123 1512 vestra
1147 1448 1268 1535 plebis,
1293 1447 1415 1513 scilieet
1447 1449 1551 1513 sancti
1581 1449 1671 1513 Petri
1702 1449 1919 1536 episcopatus,
1945 1471 2017 1514 cum
2049 1449 2196 1514 omnibus
2227 1450 2378 1536 primitiis
2409 1459 2440 1514 et

623 1556 840 1620 oblationibus
863 1556 1011 1618 vivorum
1035 1563 1066 1618 et
1090 1561 1300 1638 mortuorum,
1317 1563 1349 1619 et
1373 1555 1523 1641 quicquid
1548 1555 1581 1620 iu
1605 1564 1716 1620 sancta
1742 1563 1849 1620 vestra
1872 1557 2048 1642 episcopali
2068 1556 2204 1620 ecclesia
2224 1555 2366 1638 offertur,
2384 1578 2440 1620 seu

621 1664 654 1728 in
679 1665 775 1728 altari
798 1669 854 1728 aut
878 1664 911 1727 in
934 1664 1119 1749 pavimento
1142 1664 1284 1749 ponitur,
1301 1663 1547 1728 decimationem
1570 1664 1667 1727 totius
1691 1664 1793 1750 plebis
1818 1663 1857 1728 de
1873 1664 1990 1748 Buida,
2007 1671 2155 1750 preterca
2172 1663 2440 1749 quemadmodum

621 1771 705 1836 hone
729 1773 882 1836 memorie
906 1771 945 1835 G.
971 1771 1176 1834 bononiensis
1200 1771 1370 1858 episcopus
1395 1772 1435 1835 ab
1459 1771 1580 1835 honere
1613 1793 1843 1858 expensarum,
1869 1793 1948 1857 quas
1973 1771 2125 1836 solebatis
2150 1771 2256 1836 facere
2280 1771 2439 1835 ineundo

621 1879 813 1944 Ravennam
833 1879 875 1943 ad
891 1879 1049 1964 synodum
1074 1886 1107 1942 et
1127 1878 1300 1962 redeundo,
1317 1901 1375 1942 vos
1392 1879 1540 1961 absolvit,
1559 1879 1641 1942 sicut
1664 1879 1695 1942 in
1721 1880 1882 1944 autentico
1906 1880 2025 1966 scripto
2049 1878 2166 1943 exinde
2190 1879 2275 1944 facto
2300 1879 2441 1943 noscitur

621 1987 788 2069 contineri,
806 2008 862 2050 vos
887 1987 1077 2050 auctoritato
1102 1986 1280 2072 apostolica
1304 1987 1512 2068 absolvimus,
1530 1994 1562 2050 at
1587 1986 1784 2072 inposterum
1803 1993 1870 2050 tam
1893 2008 1961 2069 vos,
1979 2007 2076 2072 quam
2100 2007 2301 2050 successores
2317 1993 2440 2050 vestros

620 2094 786 2159 absolutos
809 2115 940 2158 manere
969 2115 1147 2158 censemus.
1173 2093 1384 2159 Deceruimus
1409 2115 1497 2178 ergo,
1522 2100 1557 2157 ut
1581 2095 1660 2158 nulli
1685 2095 1813 2159 omuino
1837 2094 2001 2158 hominum
2026 2095 2123 2157 liceat
2146 2094 2305 2180 prefatam
2328 2093 2440 2156 Eccle-

621 2203 703 2266 siam
727 2209 847 2266 temerc
872 2201 1072 2287 perturbare,
1090 2209 1146 2264 aut
1169 2201 1239 2264 eius
1265 2202 1481 2287 possessiones
1505 2201 1643 2284 auferre,
1665 2203 1715 2265 vel
1740 2201 1866 2265 ablatas
1889 2203 2038 2284 retinere,
2056 2203 2211 2283 minuere,
2229 2221 2285 2264 seu
2310 2200 2440 2286 quibus·

620 2311 700 2374 libet
724 2309 949 2372 vexationibus
974 2308 1123 2393 fatigare,
1141 2309 1198 2372 sed
1214 2309 1321 2372 onmia
1338 2309 1465 2393 integra
1489 2317 1520 2372 et
1544 2309 1669 2372 illibata
1693 2317 1923 2374 conserventur
1946 2331 2058 2374 eorum
2081 2330 2139 2395 pro
2164 2329 2300 2394 quorum
2323 2309 2440 2393 guber·
2555 2325 2559 2335 ·

621 2418 751 2480 natione
784 2437 821 2480 uc
853 2416 1108 2480 substentatione
1140 2437 1292 2480 concessa
1324 2422 1416 2498 sunt,
1445 2415 1555 2479 usibus
1584 2416 1773 2480 omnimodis
1802 2402 1988 2502 profutura,
2013 2417 2105 2480 salva
2137 2415 2230 2480 Sedis
2253 2414 2441 2500 Apostolico

621 2524 813 2587 auctoritate
845 2531 877 2586 et
906 2523 1113 2586 bononiensis
1137 2522 1290 2608 Episcopi
1322 2523 1475 2586 canonica
1504 2522 1641 2606 justitia.
1675 2522 1708 2585 Si
1741 2543 1804 2608 qua
1836 2523 1935 2608 igitur
1966 2524 1998 2586 in
2030 2522 2173 2586 futurum
2205 2522 2440 2604 ecclesiastica,

620 2630 817 2695 secularisve
842 2651 979 2716 persona
1003 2630 1086 2692 hanc
1110 2637 1218 2693 nostro
1242 2630 1478 2693 constitutionis
1501 2631 1653 2715 paginam
1679 2630 1792 2712 sciens,
1810 2636 1921 2694 contra
1945 2652 2016 2693 earn
2040 2637 2160 2693 temere
2177 2630 2287 2693 venire
2304 2637 2441 2714 tcmpta-

620 2739 713 2820 verit,
732 2737 882 2819 secundo,
900 2738 1035 2800 tertiove
1053 2739 1257 2820 commonita,
1275 2738 1300 2800 si
1318 2759 1382 2800 uon
1400 2745 1524 2800 reatum
1541 2758 1632 2800 suum
1651 2758 1794 2821 congrua
1814 2736 2032 2801 satisfactione
2057 2736 2243 2818 correxerit,
2260 2737 2441 2822 potestatis,

620 2846 816 2930 honorisque
833 2845 882 2907 sui
898 2845 1055 2930 dignitate
1073 2851 1192 2926 careat,
1209 2865 1362 2929 reamque
1380 2867 1413 2906 se
1437 2843 1545 2908 divino
1567 2843 1689 2927 judicio
1713 2844 1852 2908 existere
1876 2845 1915 2908 de
1934 2852 2118 2930 perpetrata
2137 2844 2305 2929 iniquitate
2322 2865 2441 2928 cogno·

620 2961 708 3034 scat,
733 2958 765 3016 et
797 2973 816 3015 a
847 2952 1063 3015 sacratissimo
1095 2973 1228 3038 corpore
1261 2974 1298 3014 ac
1333 2952 1491 3036 sauguine
1523 2951 1584 3035 Dej
1617 2959 1649 3014 ct
1680 2951 1811 3014 Domini
1842 2951 2053 3037 redemptoris
2085 2950 2186 3015 nostri
2209 2950 2289 3015 Jesu
2321 2949 2442 3014 Christi

621 3060 727 3124 aliena
753 3060 818 3141 liat,
840 3067 936 3144 atque
960 3060 992 3122 in
1017 3067 1161 3122 extremo
1193 3060 1341 3122 examine
1366 3059 1508 3122 districte
1532 3059 1646 3122 ultioni
1671 3059 1847 3143 subjaceat.
1873 3059 2003 3122 Cunctis
2027 3067 2134 3122 autem
2150 3057 2262 3144 cidem
2287 3059 2357 3121 loco
2381 3075 2442 3121 sua

618 3169 694 3252 jura
718 3167 922 3230 servantibus
946 3167 987 3229 sit
1009 3167 1082 3229 Pax
1108 3165 1234 3230 Domini
1261 3167 1360 3230 nostri
1384 3166 1464 3230 Jcsu
1490 3165 1618 3249 Christi,
1636 3166 1786 3252 quatinus
1811 3172 1842 3230 et
1866 3166 1917 3230 hic
1940 3165 2080 3230 fructum
2103 3165 2186 3230 bono
2210 3165 2345 3229 actionis
2367 3173 2463 3251 per-'

621 3276 752 3361 cipiant,
777 3282 809 3338 et
833 3273 918 3360 apud
943 3274 1122 3337 districtum
1144 3274 1286 3358 judicem
1311 3275 1435 3360 premia
1458 3283 1567 3338 eterne
1591 3273 1679 3359 pacis
1703 3273 1878 3337 inveniant.
1952 3273 2067 3338 Amen.
2137 3272 2253 3336 Amen.
2323 3273 2442 3336 Amen.

2202 3523 2434 3648 lllonoyrammm)

2202 3609 2279 3646 anun
2299 3609 2418 3646 ustura

589 3599 598 3611 .
682 3544 816 3624 (Rotulo
839 3542 1057 3628 morbificis)
1075 3543 1145 3628 Ego
1162 3543 1360 3626 Alexander,
1379 3543 1543 3607 Catholica
1560 3542 1704 3606 Ecclesia
1721 3543 1900 3628 episcopus,
1918 3542 2102 3628 subscripsi.
2185 3534 2199 3652 (

590 3895 591 3900 η
616 3812 727 3898 †Ego
743 3812 927 3894 Hubaldus,
945 3812 1105 3897 presbiter
1121 3833 1191 3875 car·
1246 3811 1362 3896 †Ego
1393 3812 1579 3876 Beruardus
1606 3811 1812 3895 Portuensis,
1869 3810 1985 3896 †Ego
2013 3810 2161 3892 Ardicio,
2186 3809 2340 3874 diaconus
2371 3833 2444 3874 car·

680 3919 796 3982 dinalis
830 3919 915 3982 tituli
944 3924 1054 3982 sancte
1079 3918 1190 3982 Crucis
1307 3927 1339 3984 et
1363 3925 1472 3983 sauctc
1497 3919 1614 3984 Rufius
1635 3921 1814 4005 episcopus,
1932 3918 2049 3981 dinalis
2063 3918 2166 3981 saneti
2178 3917 2350 4000 Theodori,
2364 3919 2443 3981 sub-

679 4028 712 4088 iu
736 4026 924 4107 Ierusalem,
949 4025 1135 4110 subscripsi.
1303 4026 1489 4112 subscripsi.
1930 4026 2053 4111 scripsi.

616 4134 638 4214 †
654 4132 726 4218 Ego
743 4133 762 4198 J
767 4133 920 4214 ohannes,
938 4133 1098 4218 presbiter
1121 4153 1190 4196 car·
1869 4135 1891 4214 †
1907 4133 1978 4218 Ego
1994 4133 2105 4218 Hugo,
2122 4132 2276 4197 diaconus
2293 4133 2445 4197 cardina-

679 4240 795 4303 diualis
816 4240 902 4304 tituli
922 4247 1033 4303 sancte
1049 4240 1191 4304 Anasta·
1931 4241 1971 4304 lis
2010 4242 2114 4304 sancti
2143 4239 2312 4304 Eustachii
2344 4242 2446 4325 juxta

680 4348 737 4430 sie,
762 4347 947 4434 subscripsi.
1931 4348 2088 4434 templum
2118 4347 2279 4434 Agrippa,
2302 4347 2445 4412 subseri-

617 4454 639 4536 †
655 4454 726 4538 Ego
751 4455 917 4536 Albertus,
940 4454 1100 4541 presbiter
1123 4475 1190 4517 car·
1931 4455 1992 4541 psi.

680 4562 797 4624 dinalis
810 4562 896 4625 tituli
910 4563 1014 4646 sauctj
1023 4561 1192 4624 Laurentii

681 4669 713 4732 in
733 4669 868 4752 Lucina,
887 4669 1073 4754 subscripsi.

619 4777 641 4860 †
657 4777 728 4862 Ego
749 4776 846 4859 Boso,
864 4777 1023 4864 presbiter
1045 4775 1192 4840 cardina·

679 4884 718 4947 lis
742 4894 855 4949 sancte
879 4884 1083 4948 Pudentiane
1108 4882 1193 4946 tituli

677 4992 839 5075 Pastoris,
864 4992 1051 5076 subscripsi.

616 5098 726 5185 †Ego
751 5100 880 5182 Petrus,
905 5099 1064 5184 presbiter
1088 5097 1190 5162 cardi·

678 5208 761 5270 ualis
785 5207 869 5270 tituli
896 5206 1001 5269 sancti
1024 5206 1192 5269 Laurentii

678 5317 712 5380 in
736 5316 890 5399 Damaso,
915 5315 1101 5400 subscripsi.

615 5424 637 5507 †
654 5424 725 5509 Ego
749 5423 770 5488 J
773 5424 926 5505 ohannes,
944 5423 1104 5508 presbiter
1119 5444 1188 5486 car·

679 5531 795 5595 dinalis
820 5530 1036 5595 tituli‘saucti
1068 5528 1188 5613 Marci,

678 5639 864 5723 subscripsi.

606 5746 639 5829 ·,†
652 5746 724 5832 Ego
742 5745 938 5826 Thecdinus,
949 5744 1107 5830 presbiter
1121 5766 1190 5808 car·

677 5853 796 5916 dinalis
820 5854 922 5916 sancti
946 5852 1080 5934 Vitalis,
1105 5851 1191 5914 tituli

678 5960 823 6042 Vestino,
848 5959 1035 6045 subscripsi.

703 6283 825 6347 Datum
849 6281 1030 6346 Beneventi
1062 6301 1120 6366 per
1151 6300 1282 6342 manum
1307 6277 1473 6360 Gratiani,
1498 6283 1607 6340 sancte
1631 6297 1763 6340 romane
1787 6274 1931 6338 Ecclesia
1956 6273 2145 6338 subdiaconi
2168 6279 2200 6336 et
2223 6271 2361 6355 notarij,
2391 6292 2447 6336 111.

613 6391 772 6456 kalendas
793 6390 951 6475 januarii,
969 6388 1143 6453 indictione
1165 6388 1209 6471 j.‚
1231 6385 1460 6450 incarnationis
1486 6383 1643 6448 dominice
1668 6404 1753 6447 auno
1778 6377 1836 6446 M.⁰
1852 6376 1894 6446 c.⁰
1910 6378 1987 6446 Lx.⁰
2003 6375 2111 6464 v11J.⁰‚
2131 6379 2336 6466 pontificatus
2361 6398 2448 6444 vero

613 6498 723 6562 domni
746 6497 928 6582 Alexandrj
953 6517 1037 6582 pape
1062 6496 1108 6580 iij.
1133 6515 1217 6558 anuo
1241 6494 1375 6558 decimo.
