5492 7750
793 579 1022 632 annonarium
1050 579 1101 629 AD
1129 577 1356 628 Acamantem
1382 576 1647 627 Bonortmresnu
2076 556 2123 626 11

317 736 391 820 alijs
414 735 583 823 providere
607 743 743 822 paterna
766 734 979 800 sollicitudine
1003 735 1220 820 dignaremur.
1233 733 1319 808 Quia
1341 732 1441 820 igitur
1464 731 1593 797 Statuta
1616 732 1804 818 omniaque
1828 731 1861 798 in
1883 733 1984 798 literis
2008 734 2125 798 nostris

316 843 404 928 prius
428 843 469 908 ad
492 864 550 908 ros
572 843 634 908 hac
657 842 697 907 de
713 863 811 908 causa
826 842 956 908 directis
971 842 1098 929 plenius
1114 842 1327 924 continentur,
1343 841 1458 906 merito
1481 840 1735 926 reprobavimus,
1753 862 1852 926 quare
1868 863 1926 906 ros
1947 862 2011 906 uon
2034 840 2126 908 decet

317 951 380 1014 illis
397 952 558 1017 (19991999
575 952 732 1034 inherere,
749 951 952 1016 devotionem
967 958 1109 1014 vestram
1124 947 1318 1014 mouendam
1341 947 1492 1012 duximus
1510 955 1543 1012 et
1558 948 1751 1013 hortandam
1766 970 1825 1035 per
1841 949 2018 1035 apostolica
2034 950 2126 1016 vobis

317 1059 437 1144 scripta
460 1058 666 1145 precipiendo
686 1058 876 1123 mandantes
891 1063 1060 1144 quatenus,
1078 1056 1280 1120 attendentes
1296 1056 1382 1142 quod
1398 1055 1560 1121 scholares
1578 1055 1664 1142 ipsos
1686 1056 1886 1141 benignitate
1907 1057 2046 1122 retinere
2069 1080 2125 1144 po·

317 1167 407 1230 testis
431 1166 544 1230 melius
568 1188 665 1252 quam
687 1165 814 1249 duritie,
832 1187 893 1251 qne
910 1164 987 1230 facit
1003 1174 1038 1229 ut
1062 1163 1155 1228 multi
1177 1164 1275 1228 etiam
1298 1164 1480 1227 naturalem
1496 1162 1556 1227 soli
1574 1163 1776 1228 dulcedinem
1792 1164 2027 1251 derelinquant,
2053 1164 2126 1232 Sta·

316 1279 387 1337 1919
403 1273 473 1359 1999
489 1273 528 1338 19
542 1281 648 1339 restro
665 1273 855 1360 capitulario
870 1274 998 1359 penitus
1014 1271 1159 1355 deleatis,
1173 1293 1210 1335 ac
1224 1273 1444 1355 juramentum
1460 1291 1556 1357 super
1572 1271 1700 1335 illorum
1717 1272 1940 1338 observatione
1957 1274 2126 1360 prestitum

317 1379 401 1443 dicte
416 1379 585 1462 Potestati,
601 1401 674 1446 cum
689 1381 731 1444 ad
747 1380 1004 1446 observationem
1027 1381 1108 1464 ejus,
1125 1385 1291 1464 tamquam
1314 1378 1429 1461 illiciti,
1446 1378 1576 1444 minime
1593 1385 1752 1464 teneatur,
1769 1383 1968 1446 remittentes
1985 1383 2125 1449 omnimo

317 1507 375 1573 per
399 1486 527 1552 Statuta
554 1488 686 1570 eadem,
711 1489 764 1552 vel
786 1487 903 1552 similia
927 1486 1076 1552 Studium
1100 1508 1162 1572 quo
1188 1486 1373 1551 incivitate
1404 1494 1512 1551 restra
1539 1487 1673 1551 florente
1697 1487 1811 1552 civitas
1835 1489 1905 1575 ipsa
1928 1491 2038 1574 floret,
2062 1513 2128 1556 non

318 1595 453 1660 turbetis
476 1595 516 1660 de
539 1603 645 1660 cetero
669 1617 728 1660 nec
751 1596 875 1660 turbari
898 1595 1102 1680 aliquatenus
1124 1594 1261 1677 faciatis,
1278 1593 1335 1658 sed
1355 1593 1517 1658 scholares
1542 1594 1628 1680 ipsos
1647 1594 1901 1682 honorificentijs
1918 1600 2078 1664 consuetis
2095 1609 2128 1666 et

318 1701 411 1766 bonis
434 1702 679 1786 conditionibus,
703 1724 765 1789 que
787 1703 841 1767 ria
857 1703 918 1768 erit
933 1702 1039 1790 potior
1058 1708 1091 1766 et
1106 1702 1282 1788 potentior,
1299 1702 1416 1766 curetis
1433 1700 1474 1765 ad
1491 1709 1575 1766 terre
1592 1707 1699 1766 vestre
1715 1703 1852 1788 gloriam
1872 1711 1904 1769 et
1925 1707 2128 1773 commodum

319 1809 474 1892 retinere,
498 1811 634 1876 scientes
658 1810 726 1876 Nos
752 1810 930 1876 venerabili
952 1810 1045 1874 fratri
1068 1817 1177 1875 nostro
1200 1809 1361 1896 Episcopo
1385 1809 1565 1895 parmensi,
1586 1817 1619 1873 et
1642 1810 1767 1875 dilectis
1790 1811 1866 1896 filijs
1892 1813 2127 1881 Archidiacono

319 1923 352 1980 et
374 1917 653 2004 Archipresbitcro
676 1918 856 2004 reginensi,
880 1938 938 2004 per
962 1918 1081 2004 scripta
1104 1925 1214 1983 nostra
1236 1917 1417 1998 mandasse,
1442 1916 1524 1980 9191
1548 1917 1634 2002 qnod
1657 1918 1697 1982 de
1722 1918 1857 1983 Statutis
1881 1920 1958 2006 ipsis
1983 1921 2127 1987 delendis

319 2024 494 2112 adimplere
517 2025 701 2090 distulerint
722 2027 808 2090 ultra
831 2047 992 2108 mensem,
1017 2027 1069 2091 rel
1092 2026 1234 2111 ipsorum
1259 2023 1454 2088 scholarium
1486 2025 1525 2088 de
1557 2031 1663 2089 991999
1692 2025 1902 2110 1919193991119
1926 2028 2128 2114 libertatem,

319 2131 380 2218 ipsi
402 2155 460 2198 ros
483 2139 550 2197 tam
573 2133 614 2196 ad
638 2133 752 2197 eadem
776 2132 904 2198 Statuta
927 2132 1064 2197 delenda
1081 2154 1178 2218 quam
1193 2131 1235 2196 ad
1251 2132 1433 2196 libertatem
1449 2130 1634 2195 eorumdem
1651 2132 1845 2196 scholarium
1861 2137 2126 2221 conservandam,

319 2261 378 2325 per
401 2261 552 2304 censuras
576 2241 819 2324 ecclesiasticas,
844 2240 1060 2326 appellatione
1084 2246 1218 2322 remota,
1234 2239 1437 2326 compellant.
1463 2239 1556 2313 Quod
1580 2239 1608 2302 si
1630 2260 1694 2303 nou
1723 2261 1832 2304 omnes
1856 2240 1905 2305 his
1930 2244 2129 2329 exequendis

319 2347 487 2433 potueritis
510 2348 675 2430 iuteresse,
700 2348 762 2413 duo
787 2355 991 2412 vestrumea
1014 2347 1221 2411 nihilominus
1244 2354 1457 2432 exequantur.

408 2454 529 2520 Datum
549 2455 688 2540 Viterbij
712 2456 806 2520 tertio
830 2455 901 2519 idus
923 2455 1013 2539 maij,
1036 2455 1248 2519 Pontificatus
1272 2454 1371 2518 nostri
1396 2473 1480 2518 anno
1506 2460 1632 2538 quarto.

1186 2810 1262 2876 Vll.

1046 3028 1142 3111 1220,
1169 3029 1209 3090 11
1233 3027 1410 3092 9999991919.

996 3240 1147 3306 Exedit.
1175 3241 1265 3328 Corp.
1289 3242 1360 3308 Inr.
1388 3242 1451 3307 Ciu.

514 3455 721 3539 [Fridcrr'cas
743 3459 816 3540 imp.
843 3455 1091 3520 Constructionem
1115 3458 1157 3520 cd
1179 3458 1311 3522 doctores
1334 3465 1361 3522 et
1382 3459 1533 3523 scholares
1553 3459 1745 3525 borronicnsce
1767 3466 1941 3545 lrnsnrdtr't,

614 3571 649 3628 91
672 3567 704 3627 in
728 3563 851 3650 Corpus
875 3564 941 3628 Iur.
967 3563 1036 3628 Cir.
1060 3564 1214 3648 inferrent
1237 3573 1263 3630 et
1286 3568 1319 3629 r'n
1342 3566 1449 3631 9919113
1466 3567 1588 3652 publice
1611 3567 1832 3652 99911999·991].

409 3779 847 3863 1991991999119999999999
867 3785 927 3843 919.
944 3800 1071 3864 semper
1094 3778 1457 3864 193991991191999919
1481 3803 1644 3846 sacrarum
1660 3784 1769 3869 legum
1793 3785 1976 3850 doctoribus
2000 3794 2031 3850 et
2055 3809 2123 3851 sco-

320 3889 441 3954 laribus
465 3887 610 3952 Bononia
635 3886 906 3952 commorantibus
930 3885 1121 3950 salutemet
1145 3886 1284 3972 gratiam
1307 3887 1462 3952 9991911).

408 3996 461 4061 Ad
481 3996 637 4061 honorem
659 3994 885 4080 omnipotentis
902 3994 953 4058 dei
970 3995 1151 4059 9199919919
1175 4003 1285 4060 sancte
1309 4018 1366 4060 sue
1390 3997 1423 4060 in
1446 3997 1498 4062 die
1523 4019 1585 4083 quo
1609 3998 1648 4062 dc
1673 4021 1771 4063 mauu
1794 4001 2004 4066 sacratissimi
2027 4003 2128 4089 patris

320 4106 420 4170 nostri
442 4103 606 4188 H[onorii]
630 4103 747 4166 summi
776 4102 935 4188 pontificis
967 4102 1164 4187 suscepimus
1195 4102 1329 4188 Imperij
1360 4103 1527 4187 diadema,
1552 4105 1709 4169 edidimus
1741 4107 1898 4192 quasdam
1922 4108 2025 4194 loges,
2050 4132 2131 4196 quas

320 4213 461 4299 presenti
484 4211 602 4298 pagine
626 4210 759 4275 lecimus
784 4209 942 4292 annotari,
959 4231 1016 4295 per
1039 4208 1227 4294 Imperialia
1249 4210 1340 4274 vobis
1364 4211 1483 4297 scripta
1500 4211 1690 4277 mandantes
1707 4221 1865 4299 quatenus
1882 4236 1936 4279 eas
1954 4215 2080 4280 faciatis
2098 4217 2131 4280 in

320 4293 435 4384 rhetris
458 4318 555 4383 scribi
578 4317 740 4382 codicibus
763 4315 857 4380 etde
880 4322 987 4381 991999
1010 4316 1127 4401 1939119
1151 4316 1360 4402 solempniter
1382 4324 1547 4404 tamquam
1568 4321 1732 4406 perpetuis
1749 4322 1946 4408 temporibus
1963 4323 2130 4389 valituras.

321 4427 403 4491 Sunt
426 4433 534 4490 autern
556 4425 616 4489 hee
639 4425 746 4510 leges:
769 4450 784 4481 ‹
801 4423 854 4487 Ad
878 4424 974 4488 decus
998 4431 1031 4488 et
1054 4423 1203 4487 decorem
1226 4423 1370 4509 Imperij,
1388 4424 1428 4489 ad
1451 4426 1581 4490 laudem
1605 4425 1743 4492 Romani
1763 4429 1923 4513 pontificis
1938 4479 2033 4494 .....
2049 4429 2131 4495 »Cb

401 4998 440 5063 (1)
459 4995 612 5047 1911991999
632 4993 683 5059 11.,
697 5010 729 5044 eo
749 4994 807 5062 ipso
827 4994 879 5056 die,
893 5011 946 5063 quo
964 4995 1112 5064 imperator
1124 4994 1201 5047 inau·
1336 4995 1374 5060 (2)
1394 4994 1521 5064 Sequitur
1539 4995 1636 5048 deinde
1650 4995 1822 5062 Constitutio,
1836 5014 1905 5066 quac
1920 5001 1995 5050 extat
2009 4999 2066 5050 sine
2081 4999 2132 5052 boc

321 5090 432 5156 guratus
452 5089 492 5138 est
511 5085 546 5137 ab
566 5084 685 5135 Honorio
705 5082 772 5148 III.,
792 5083 1018 5136 Constitutionern
1038 5085 1130 5149 edidit,
1144 5101 1198 5153 qua
1255 5084 1366 5153 9991939
1385 5089 1447 5152 9991
1465 5084 1564 5136 Libros
1587 5085 1730 5150 feudorum
1756 5088 1955 5155 manuscriptos
1983 5088 2010 5138 in
2036 5089 2132 5142 eadem

322 5176 429 5228 Statuts
448 5175 560 5245 quaeris
580 5190 595 5225 9
615 5174 755 5224 civitatum
775 5173 986 5241 magistratibus,
1000 5178 1047 5224 991
1060 5191 1076 5224 9
1089 5175 1198 5243 quibus·
1254 5173 1424 5226 Bibliotheca
1443 5173 1557 5243 Collegii
1583 5175 1758 5243 hispanorum
1778 5177 1870 5228 codice
1891 5177 2000 5246 egregio
2019 5178 2047 5230 19
2067 5179 2132 5231 19119

322 5263 1200 5335 9999999119999199111991919999991991991199991919,99119-
1254 5279 1352 5332 magno
1372 5281 1398 5315 n.
1418 5267 1478 5328 282,
1497 5279 1559 5332 pag.
1578 5265 1628 5316 ult.
1647 5264 1772 5316 Arbitror
1790 5265 1862 5317 idern
1881 5269 2042 5335 proemium,
2061 5269 2132 5337 qnod

320 5361 365 5409 cta
383 5357 464 5424 plane
484 5355 584 5418 voluit3
599 5354 706 5422 aliaque
726 5354 813 5405 multa
832 5353 947 5405 sancivit
966 5354 1069 5422 optimo
1087 5355 1199 5406 919191·
1254 5352 1298 5404 hic
1317 5352 1449 5418 dedimus,
1463 5357 1557 5406 extare
1577 5355 1604 5405 in
1619 5353 1718 5407 Codice
1732 5354 1919 5409 Bibliothecae
1934 5355 2132 5410 Canonicorum

319 5447 407 5498 stiano
432 5445 555 5513 principe
580 5443 746 5512 dignissima.
766 5443 847 5494 Edita
875 5447 915 5495 est
941 5443 1009 5495 haec
1034 5442 1199 5496 Constitutio
1255 5441 1394 5494 Ecclesiae
1407 5442 1687 5512 Pistoriensis,quem
1698 5445 1801 5496 indicat
1814 5445 1854 5496 919
1868 5445 2034 5498 clarissimus
2047 5446 2133 5499 Frau-

318 5540 378 5604 post
397 5535 496 5586 Libros
514 5534 666 5598 feudorum,
680 5536 707 5584 et
726 5533 752 5583 in
767 5533 958 5601 compendium
970 5535 1091 5598 9919919,
1106 5534 1198 5588 Codici
1261 5531 1349 5583 ciscns
1368 5531 1503 5582 Antonius
1521 5532 1664 5586 Zacearias
1682 5532 1769 5599 (Beer.
1784 5533 1894 5598 Piston,
1907 5551 1965 5603 999.
1978 5535 2015 5601 1.,
2028 5552 2052 5588 9.
2065 5535 2133 5603 111,

319 5627 402 5679 etism
414 5625 515 5677 1999919
528 5624 580 5675 luit
593 5623 669 5688 (Cod.
683 5624 714 5673 de
733 5623 900 5674 Sacrosnnct.
914 5623 1029 5690 Ecetra,
1041 5626 1083 5677 tit.
1098 5626 1144 5692 11,
1159 5631 1200 5694 12,
1255 5639 1318 5692 pag·
1334 5623 1381 5682 151
1396 5639 1410 5673 θ
1425 5621 1560 5674 8001111818
1574 5623 1651 5676 18811-
1665 5623 1696 5675 ln
1711 5641 1742 5676 0⁰
1756 5625 1858 5689 codice,
1871 5630 1981 5693 praeter
1993 5626 2055 5692 alla,
2070 5643 2134 5679 con·

318 5721 336 5770 l.
351 5719 436 5770 Casan
449 5723 473 5768 ct
490 5718 590 5783 irrita)
610 5733 626 5767 a
645 5715 799 5767 doctoribus
816 5716 923 5782 nostris,
936 5719 1082 5771 999919919
1102 5719 1202 5773 Fride·
1259 5711 1479 5778 ll¹¹0¹¹l1¹fs¹⁶9⁶⁸
1505 5713 1645 5764 1111161101
1668 5713 1707 5764 ῙῘ-
1726 5713 1886 5766 9011011118
1913 5721 1936 5766 ‘l
1960 5715 2134 5770 &Mlffl'lblw

318 5810 383 5860 9199.
401 5808 428 5860 19
448 5808 520 5859 enim
540 5805 766 5858 Constitutioucm
787 5805 857 5858 hanc
877 5808 1096 5877 etlegas,quno
1116 5809 1142 5860 19
1168 5827 1201 5862 ea
1255 5801 2133 5868 3999919999999999911199,911999999999999919111001111.

319 5899 501 5962 continentur,
515 5897 549 5948 91
568 5896 691 5947 doctores
712 5899 739 5948 et
753 5895 895 5948 'scholares
909 5897 1075 5950 Academiae
1089 5901 1200 5952 9991999
1256 5893 1315 5946 1199
1333 5909 1404 5946 9999
1417 5897 1500 5960 99919,
1513 5893 1556 5946 die
1570 5894 1639 5946 festo
1652 5893 1739 5946 sancti
1752 5893 1872 5960 Martini,
1887 5895 2020 5964 imperiali
2034 5911 2135 5949 999999

320 5988 481 6052 transmisit,
501 6003 555 6038 non
579 5991 634 6036 taur
657 5985 801 6054 singularis
820 5985 929 6038 honoris
949 6003 1044 6052 99999,
1063 6005 1144 6056 quam
1167 5992 1202 6059 ,ut
1257 5983 1401 6052 insignitus
1420 5987 1461 6036 991
1479 5983 1633 6036 Fridericus
1652 5982 1689 6033 II.
1703 5983 1737 6034 ab
1757 5983 1878 6036 Honorio
1897 5983 2038 6050 Pontifice,
2051 5989 2134 6055 atque

321 6080 396 6131 illam
414 6079 442 6129 in
462 6076 565 6142 Cor-parre
577 6076 760 6141 ι1991991919
782 6074 916 6127 inferrent
935 6080 962 6128 et
981 6077 1009 6127 in
1028 6077 1128 6130 scholis
1148 6095 1199 6147 pu·
1253 6089 1286 6126 eo
1299 6074 1358 6142 ipso
1371 6072 1414 6124 die
1428 6071 1610 6141 promulgarit
1623 6072 1698 6140 leges
1712 6087 1745 6123 99
1759 6071 1957 6125 Constitutione
1976 6077 2134 6142 contentam

321 6169 391 6220 blice
411 6167 589 6236 explicarent.
603 6164 742 6216 Habemus
761 6164 787 6216 id
807 6181 840 6217 ex
861 6165 977 6234 epistola
990 6166 1078 6218 eidem
1092 6167 1201 6220 Consti·
1256 6179 1306 6216 nec
1326 6163 1473 6216 uerisimile
1492 6165 1533 6215 est
1552 6163 1620 6215 91199
1638 6163 1672 6215 ab
1690 6175 1721 6210 eo
1734 6161 1808 6231 leges
1821 6180 1871 6232 999
1884 6163 1950 6214 11191
1963 6163 2052 6231 ipsum
2067 6167 2135 6216 tcm-

321 6257 419 6310 tutioni
437 6255 567 6325 praefixa,
581 6271 663 6324 quam
675 6254 719 6305 hic
734 6255 760 6304 19
774 6254 864 6306 lucem
878 6255 1027 6308 emittimus
1046 6272 1081 6308 ex
1100 6255 1200 6310 Codice
1255 6269 1306 6321 pus
1325 6253 1457 6320 conditas,
1470 6271 1539 6322 quse
1559 6255 1658 6307 nostris
1677 6254 1831 6308 doctoribus
1846 6255 1873 6305 ct
1885 6251 2055 6306 scholaribus
2074 6251 2134 6306 fuo-

321 6349 401 6416 Regii
418 6347 594 6414 hispanorum
613 6344 728 6413 Collegii
745 6362 766 6397 s.
780 6344 929 6398 Clementis
948 6345 1025 6412 (Cod.
1044 6363 1117 6398 num.
1139 6349 1200 6414 215,
1256 6345 1310 6396 9191
1328 6344 1485 6412 inscriptae.

321 6454 383 6507 pag.
399 6438 476 6502 106).

402 6558 469 6596 rou.
489 6557 521 6595 11.
2040 6543 2055 6592 1
