5544 7750
1031 640 1113 690 aua.
1146 640 1219 690 011.
1249 641 1295 689 nr
1324 639 1409 690 0111.
1440 639 1546 689 paor.
2120 617 2195 688 359

377 797 519 894 publica
555 797 787 892 Burdigalam
817 797 861 868 ad
901 794 1120 868 Clementem
1144 795 1190 867 V.
1221 793 1408 890 legatione,
1439 803 1478 867 ut
1507 819 1627 867 coram
1655 795 1731 894 ipso
1760 795 1802 868 de
1831 794 2050 891 gravissimis
2087 819 2196 889 nego-

378 922 440 994 ciis
469 930 603 1016 ageret.
625 922 682 994 Ex
710 921 860 1019 publicis
888 919 1018 993 tabulis
1046 921 1091 992 ad
1119 918 1213 992 hunc
1242 944 1385 1014 annum,
1407 920 1598 1017 septembri
1618 944 1750 1015 mense,
1772 920 1999 1016 consignatis
2020 919 2056 991 id
2076 927 2195 1016 patet3

378 1054 414 1119 et
443 1047 605 1142 quamvis
633 1047 669 1118 in
698 1047 823 1119 iisdem
851 1045 993 1118 minime
1022 1044 1222 1117 declaretur
1251 1045 1332 1140 quid
1365 1069 1490 1118 revera
1513 1046 1651 1140 negocii
1671 1045 1854 1117 Bonilacio
1875 1045 2019 1140 eiusque
2040 1043 2196 1138 collegae

377 1170 557 1244 Ubaldino
595 1171 638 1244 de
676 1169 880 1244 Malavoltis
915 1170 1168 1242 demandatum
1206 1194 1269 1266 per
1304 1178 1443 1242 nostros
1471 1169 1599 1264 luerit,
1630 1169 1864 1242 dubitandum
1894 1179 2012 1242 tamen
2040 1193 2111 1241 non
2140 1176 2197 1244 cst

377 1296 462 1392 quin
490 1319 569 1368 cum
599 1297 640 1368 iis
670 1320 760 1393 quae
787 1296 952 1388 diximus,
974 1293 1184 1390 cognatione
1205 1302 1241 1366 et
1261 1293 1434 1367 affinitate
1458 1295 1711 1367 contineretur.
1734 1295 1840 1366 Certe
1864 1294 1962 1367 cordi
1982 1317 2196 1391 magnopere

351 1421 444 1512 ¹snit
472 1420 609 1494 civibus
638 1421 768 1494 nostris
796 1427 836 1492 ut
865 1419 1043 1491 duumviri
1071 1419 1130 1491 isti
1159 1419 1204 1492 ad
1232 1418 1441 1491 Pontificem
1470 1419 1622 1514 adirent,
1645 1428 1679 1492 et
1704 1444 1747 1491 ne
1777 1427 1839 1492 aut
1867 1443 1984 1492 moras
2013 1425 2198 1491 necterent

377 1553 440 1618 aut
468 1546 610 1618 omnino
638 1543 854 1638 legationem
883 1545 918 1615 in
947 1569 984 1616 se
1014 1543 1192 1641 suscipere
1221 1552 1443 1638 recusarent,
1464 1545 1606 1616 eosdem
1630 1568 1760 1639 magno
1789 1568 1961 1616 consensu
1990 1552 2025 1616 et
2055 1542 2197 1642 publice

376 1669 587 1768 interposita
616 1668 1058 1743 auctoritateliberandos
1087 1669 1128 1741 iis
1157 1669 1322 1741 oneribus
1360 1677 1571 1764 sanxerunt,
1602 1693 1704 1765 quae,
1735 1667 1893 1764 obligata
1921 1669 1956 1740 in
1991 1677 2126 1742 certum
2160 1676 2196 1742 et

376 1794 607 1866 constitutum
636 1803 776 1890 tempus
804 1792 889 1887 fide,
915 1793 950 1864 11
981 1817 1017 1864 11
1047 1799 1154 1865 11111
1181 1804 1423 1890 susceperant.
1452 1792 1552 1864 Inter
1580 1792 1650 1865 alia
1682 1791 1887 1866 Bonilacius
1915 1791 2043 1865 vadem
2071 1816 2108 1865 se
2137 1793 2196 1866 de·

374 1917 476 1990 derat
505 1942 568 2015 pro
597 1917 779 1991 Friderieo
808 1918 935 1991 comite
966 1918 1008 1990 de
1029 1917 1174 2011 Panico,
1195 1916 1305 1990 leviro
1325 1941 1401 2011 suo,
1427 1925 1463 1990 11
1482 1942 1562 1989 cum
1581 1917 1773 1990 vadimonii
1792 1916 1951 1990 solvendi
1969 1917 2044 1990 dies
2062 1918 2195 1990 adven·

376 2049 490 2139 taret,
528 2043 656 2116 iccirco
691 2067 735 2114 ne
772 2041 977 2115 Bonilacius
1015 2042 1144 2138 aliique
1179 2042 1239 2137 qui
1276 2065 1340 2139 pro
1377 2041 1558 2115 Friderico
1596 2042 1860 2140 spoponderant
1893 2041 2073 2137 muletam,
2104 2065 2195 2139 quae

374 2191 487 2265 penae
507 2167 583 2240 1000
606 2169 781 2264 imperata
800 2167 920 2263 luerit,
942 2166 1126 2240 exsolvere
1154 2175 1378 2264 cogerentur,
1399 2178 1561 2239 sanctum
1590 2176 1644 2239 111
1670 2192 1714 2239 ne
1743 2167 1827 2263 quid
1857 2165 2099 2240 molestiarum
2128 2167 2196 2263 ipsi

374 2291 523 2388 aliisque
553 2293 676 2365 inferri
705 2301 823 2390 posset
852 2292 979 2388 perid
1010 2291 1178 2388 temporis
1208 2289 1450 2386 intervallum,
1481 2317 1550 2388 quo
1578 2317 1642 2387 pro
1671 2291 1822 2386 negotiis
1852 2291 2002 2388 publicis
2029 2292 2195 2387 gerendis

374 2415 537 2488 Bononia
565 2417 743 2490 abessent.
774 2415 930 2489 Tabulas
958 2416 994 2487 in
1028 2415 1119 2488 hanc
1158 2439 1233 2487 rem
1272 2414 1555 2488 Gberardaccius
1593 2416 1700 2511 vidit,
1731 2417 1804 2511 sed,
1835 2416 1928 2512 quod
1958 2441 2063 2513 saepe
2092 2416 2193 2513 solet,

374 2539 538 2614 haustam
568 2567 613 2614 ex
651 2542 693 2614 iis
729 2542 970 2614 narrationem
1011 2541 1163 2637 turpiter
1198 2541 1387 2614 admodum
1425 2541 1649 2614 deformavit.
1680 2541 1810 2613 Scribit
1851 2542 1945 2614 enim
1982 2540 2196 2637 legationem

374 2666 573 2739 decrevisse
593 2667 836 2739 Bononienses
857 2667 900 2739 ob
921 2667 1110 2763 quamdam
1140 2668 1175 2737 in
1202 2666 1420 2738 Fridericum
1451 2677 1486 2738 11
1515 2666 1707 2761 Ugoliuum
1734 2667 1776 2738 de
1796 2666 1941 2762 Panico,
1963 2667 1998 2738 iu
2018 2668 2196 2741 {loannem

375 2790 467 2864 della
496 2791 653 2886 Calcina,
683 2792 721 2863 in
748 2791 952 2888 Philippum
982 2791 1025 2864 de
1054 2791 1162 2863 Pritis
1191 2790 1348 2888 aliosque
1383 2791 1495 2865 socios
1527 2791 1637 2863 latam
1667 2791 2008 2889 condemnationem,
2032 2817 2096 2890 pro
2124 2817 2195 2889 qua

375 2915 597 2989 fideiussorat
626 2916 751 2988 civitas
776 2916 853 3012 ipsa
873 2916 966 3012 apud
987 2915 1208 2989 Pontificem.
1239 2916 1381 2988 Somnia
1411 2916 1643 3013 putridaeque
1672 2915 1834 3012 fabulae,
1864 2941 1946 2988 nam
1975 2916 2115 2990 tabulas
2142 2917 2193 2990 le-

374 3041 472 3136 genti
500 3041 690 3114 innotescit
719 3041 839 3114 statim
868 3040 973 3113 aliam
1003 3042 1144 3114 omnino
1173 3041 1281 3113 luisse
1309 3039 1497 3134 legationis
1525 3041 1767 3113 decernendae
1797 3065 1952 3114 causam.

479 3166 722 3239 Bononienses
751 3166 860 3261 igitur
888 3165 1015 3260 Legati
1044 3165 1277 3260 Burdigalam
1305 3166 1350 3238 ad
1380 3166 1587 3238 Pontificem
1618 3166 1768 3263 01011011
1797 3174 1898 3262 sunt,
1928 3166 1988 3239 ubi
2026 3190 2104 3238 cum
2135 3166 2195 3238 diu

375 3291 461 3362 satis
494 3291 717 3363 substiterint
746 3291 959 3387 (septembri
988 3289 1080 3364 enim
1113 3291 1189 3388 ipso
1225 3315 1345 3362 mense
1374 3291 1491 3362 itineri
1519 3314 1556 3363 11
1585 3290 1856 3385 commiserunt,
1887 3291 1952 3363 sub
1980 3290 2081 3362 initia
2109 3315 2194 3363 1110

374 3414 545 3488 februarii
571 3415 790 3511 insequentis
818 3415 902 3488 anni
930 3415 1127 3488 Bononiam
1157 3415 1380 3508 remearunt)
1406 3415 1603 3512 putandum
1632 3423 1685 3488 est
1714 3415 1821 3512 ipsos,
1844 3415 1981 3510 magnis
2006 3415 2195 3512 implicitos

371 3541 536 3635 negotiis,
558 3549 769 3637 exoptatum
798 3540 952 3612 reditum
980 3548 1161 3613 maturare
1190 3541 1321 3612 minine
1350 3540 1518 3637 potuisse.
1547 3539 1614 3612 Sed
1645 3539 1813 3635 longioris
1831 3540 2001 3637 temporis
2020 3540 2195 3613 iacturam

372 3665 516 3736 minime
545 3689 605 3739 101
633 3665 759 3737 1101111
788 3665 946 3738 declaret
974 3665 1060 3737 satis
1090 3665 1244 3737 omnium
1266 3664 1421 3737 civitatis
1441 3663 1604 3737 ordinum
1624 3688 1826 3758 consensus,
1848 3689 1917 3761 quo
1936 3664 2021 3761 ipsis
2041 3665 2194 3738 reversis

372 3790 597 3887 postmodum
628 3791 663 3862 11
692 3789 857 3887 patriam,
879 3790 1043 3862 decretae
1068 3799 1150 3862 sunt
1178 3788 1444 3888 perhonorificis
1473 3789 1591 3862 verbis
1619 3789 1812 3886 impensae,
1834 3813 1921 3886 quas
1949 3790 2038 3863 bene
2064 3789 2193 3863 multas

373 3923 409 3987 et
437 3939 566 4010 graves
595 3914 703 3987 luisse
731 3939 767 3986 11
799 3916 1042 3988 ostenderunt.

479 4038 663 4113 Bonifaeio
693 4047 812 4112 autem
840 4039 944 4112 huius
974 4040 1037 4112 otii
1065 4064 1173 4114 usura
1201 4041 1301 4113 brevi
1334 4040 1404 4112 lrui
1438 4039 1549 4113 licuit.
1579 4038 1674 4112 Nam
1708 4063 1800 4112 anno
1839 4039 1900 4136 qui
1937 4040 2098 4137 proxime
2137 4064 2192 4114 se-

372 4172 503 4261 quutus
533 4174 587 4237 est
615 4173 650 4237 11
679 4165 821 4261 quidem
850 4165 915 4237 sub
944 4165 1018 4238 eius
1047 4165 1159 4259 initia,
1181 4166 1318 4261 patriae
1335 4190 1427 4238 suae
1455 4176 1495 4238 ut
1524 4172 1759 4260 succurreret,
1780 4189 1910 4236 novam
1929 4165 1965 4236 in
1984 4165 2195 4238 Hetruriam

373 4288 588 4384 legationem
613 4290 710 4362 obire
730 4299 873 4362 coactus
894 4299 958 4361 est.
981 4289 1072 4361 Tum
1092 4289 1174 4362 inde
1195 4291 1239 4362 ab
1260 4315 1352 4362 armo
1371 4289 1572 4363 MCCCVI.
1594 4314 1730 4362 summo
1751 4314 1831 4361 cum
1850 4290 1998 4387 imperio
2017 4289 2195 4385 Lugduno

373 4415 409 4486 in
437 4413 580 4487 Italiam
609 4440 630 4488 a
659 4414 841 4487 Clemente
872 4415 1043 4488 Pontifiee
1073 4425 1220 4488 venerat
1250 4413 2195 4512 1110011101Ι1111111Ο11111111111,1111011111111

373 4539 519 4612 10111110
539 4541 583 4612 ad
605 4547 658 4613 tot
676 4538 849 4612 bellorum
873 4539 970 4612 faces
995 4540 1285 4635 restinguendae,
1308 4540 1470 4614 civitates
1489 4541 1525 4612 in
1544 4540 1769 4613 concordiam
1789 4549 1984 4613 revocaret.
2005 4539 2194 4612 Neminem

373 4662 461 4737 latet
490 4664 715 4738 Ghibellinae
744 4665 890 4737 factioni
918 4666 1034 4763 ipsum
1050 4689 1264 4764 magnopere
1284 4664 1427 4762 1111111,
1453 4675 1560 4762 atque
1580 4666 1707 4738 iccirco
1728 4690 1784 4738 res
1803 4665 1899 4738 haud
1919 4666 2005 4739 satis
2024 4689 2194 4763 prospere

373 4789 418 4861 ab
447 4790 570 4862 eodem
598 4799 719 4885 gestas
747 4789 855 4862 fuisse
884 4788 1025 4862 illorum
1054 4799 1252 4888 temporum
1283 4790 1438 4863 historiis
1478 4815 1607 4886 magno
1643 4814 1816 4863 consensu
1854 4797 2090 4863 memoratum
2126 4797 2192 4863 est.

375 4913 465 4987 Cum
493 4915 708 4988 Florentinis
737 4917 810 5010 egit
839 4916 952 5012 primo
981 4916 1023 4987 de
1054 4941 1140 5012 pace
1170 4917 1372 4989 sancienda.
1400 4916 1470 4989 Sed
1489 4918 1533 4989 ab
1553 4917 1595 4988 iis
1616 4915 1672 4989 111
1692 4918 1737 4989 11
1757 4917 1834 5013 1011
1853 4915 2008 4989 civitatis
2027 4916 2144 4989 aditus
2155 4913 2194 4979 (¹)

375 5039 516 5111 omnino
544 5039 756 5136 prohibitus,
777 5039 974 5112 Bononiam
995 5040 1104 5133 venit,
1126 5039 1186 5112 ubi
1206 5041 1479 5113 Jeremiensium
1507 5041 1581 5114 1111
1611 5040 1820 5113 Guellorum
1841 5040 2102 5138 conspiratione
2121 5065 2193 5113 nou

374 5163 479 5235 modo
508 5188 587 5236 oum
618 5164 791 5258 dignitate
821 5164 952 5236 diutius
980 5188 1057 5236 esse
1086 5164 1133 5235 illi
1163 5164 1884 5264 1011110111,1111111111111001110111111
1905 5165 2078 5237 maiorum
2098 5164 2193 5238 cala-

375 5288 538 5361 mitatum
569 5298 677 5382 metu,
699 5289 843 5361 civitate
873 5290 1045 5361 excedere
1075 5289 1289 5386 compulsus,
1315 5290 1350 5361 11
1371 5289 1721 5363 Forocornelienscm
1750 5291 1886 5385 urbem,
1915 5289 2078 5362 velutin
2107 5289 2194 5362 (111-

373 5412 583 5486 bellinorum
608 5414 824 5486 tutissimum
849 5424 1003 5510 portum,
1025 5439 1061 5486 se
1086 5415 1232 5510 recepit,
1253 5414 1494 5487 Bononienses
1523 5415 1608 5487 diris
1637 5414 1781 5487 devovit
1805 5423 1912 5511 atque
1931 5413 2026 5488 illinc
2046 5439 2140 5512 aqua
2158 5422 2194 5488 et

374 5537 467 5633 igni,
498 5548 537 5611 ut
566 5540 685 5634 aiunt,
716 5538 998 5612 Bononiensibus
1034 5539 1261 5611 interdictum
1290 5539 1414 5635 voluit,
1444 5549 1479 5612 et
1508 5539 1706 5636 inprimis,
1737 5564 1805 5636 quo
1834 5539 2027 5612 maximum
2057 5540 2195 5613 civitati

374 5661 486 5758 infligi
515 5663 641 5736 vulnus
671 5665 801 5760 optime
830 5664 1062 5758 intelligebat,
1083 5664 1339 5737 Universitatis
1357 5665 1491 5737 honore
1519 5665 1678 5763 01111101
1703 5665 1844 5736 eosdem
1865 5662 2037 5738 voluitl2l.
2060 5665 2193 5754 Quam·

375 5813 482 5884 quam
510 5814 595 5862 vero
633 5799 695 5861 aut
731 5787 818 5861 nihil
856 5798 917 5861 aut
956 5814 1081 5886 parum
1110 5799 1205 5861 certe
1235 5789 1433 5886 proficeret,
1465 5797 1634 5886 attamen,
1665 5789 1872 5861 instauratis
1901 5789 2016 5862 denuo
2045 5789 2191 5887 viribus,

376 5914 537 6010 sequenti
566 5939 659 5986 anno
688 5915 873 5986 Arretium
906 5915 1104 6011 profectus,
1135 5939 1225 6010 quae
1263 5915 1368 6008 urbs,
1399 5939 1478 5988 cum
1512 5913 1795 5986 Ghibellinorum
1823 5914 1983 6011 potentia
2011 5915 2194 5988 dominatu

456 6267 480 6332 (1
503 6271 530 6318 11
550 6270 577 6332 2)
597 6265 684 6335 Saepe
705 6268 731 6319 in
752 6268 921 6337 autographo
941 6271 968 6320 et
987 6268 1037 6320 hoc
1057 6269 1166 6338 quidem
1187 6269 1255 6333 loco,
1310 6268 1462 6344 locutiones
1488 6267 1676 6334 inrebiuntur;
1696 6284 1749 6337 qua
1774 6284 1802 6319 re
1826 6269 1892 6320 satis
1912 6271 2019 6320 constat
2037 6283 2195 6336 supremam

375 6355 459 6406 rerba
479 6359 506 6408 et
524 6355 637 6423 phrases
657 6357 718 6408 eliis
737 6361 936 6425 supponuntur,
950 6357 1033 6409 rerba
1050 6362 1140 6408 temon
1161 6363 1256 6408 extan-
1310 6357 1429 6409 auctoris
1449 6357 1666 6408 emendationem
1686 6356 1815 6408 defuisse.

377 6445 429 6510 tis,
448 6461 518 6514 quea
542 6446 724 6515 expungenda
753 6449 839 6498 crant.
859 6447 936 6498 filias
961 6451 1053 6498 autam
1077 6447 1254 6515 imperfectae
2030 6449 2066 6512 (c.
2088 6452 2129 6512 11.)
