5490 7750
837 655 1069 706 srseraurra
1096 657 1147 705 111
1176 655 1429 706 11111111111
1458 657 1564 706 arara
1593 657 1726 707 orvrnrs
2112 641 2185 712 109

371 807 563 891 injuriarum
587 809 707 873 ultores
730 817 924 892 nostrarum,
941 811 997 875 sed
1021 811 1151 874 honoris
1176 832 1291 896 sponse
1317 809 1435 874 Christi
1459 818 1491 872 et
1514 810 1724 874 immunitatis
1749 812 1861 875 domus
1882 811 2013 876 Domini
2034 813 2190 878 zelatores

372 915 404 977 in
432 915 625 979 damnabilis
650 917 727 980 faeti
751 918 938 980 memoriam
963 927 996 982 et
1018 919 1174 1004 pudorem
1198 916 1452 1002 perpetrantium
1475 917 1692 1003 predictorum
1715 918 1760 981 sio
1783 919 1877 1003 plene
1899 919 2191 986 narrationis-serie

374 1023 561 1086 duxerimus
586 1023 823 1108 exprimendos,
849 1032 884 1087 ut
908 1024 1038 1088 cosdem
1062 1046 1213 1088 excessus
1237 1023 1358 1087 seriose
1382 1023 1682 1088 commemoratione
1707 1039 1852 1110 repetere
1876 1026 2003 1090 nonsit
2027 1047 2124 1113 opus,
2149 1051 2190 1092 ex

372 1129 434 1192 hiis
452 1136 558 1194 tamen
578 1153 616 1194 ca
632 1131 738 1194 solum
754 1132 914 1195 succincte
932 1131 1126 1196 narrationis
1143 1130 1331 1216 compendio
1356 1129 1553 1214 providimus
1573 1131 1779 1214 recensenda,
1797 1151 1858 1215 que
1876 1130 1915 1193 ad
1933 1132 2101 1195 ulteriores
2117 1154 2191 1218 pro-

372 1257 480 1301 cessus
504 1245 536 1301 et
560 1238 670 1323 culpas
697 1239 945 1324 exaggerandas
971 1240 1113 1324 ipsorum
1138 1259 1201 1302 non
1225 1243 1351 1300 tantum
1371 1236 1456 1299 viam
1481 1237 1638 1322 aperiant,
1655 1237 1712 1300 sed
1728 1258 1785 1301 nos
1803 1237 1894 1322 quasi
1915 1239 2054 1323 quadam
2067 1240 2191 1324 justitie

370 1345 563 1409 necessitate
597 1347 803 1432 compellant.
829 1346 910 1410 Cum
933 1347 1018 1410 enim
1049 1347 1134 1409 idem
1157 1344 1301 1429 Legatos
1326 1344 1358 1406 in
1382 1351 1449 1407 tota
1472 1345 1637 1429 prouincia
1660 1344 1854 1408 Lombardie
1878 1353 1910 1408 et
1934 1346 2096 1408 nonnullis
2116 1348 2189 1433 alijs

369 1450 465 1515 Italic
490 1453 636 1537 partibus
661 1454 836 1539 apostolice
861 1453 1032 1538 legationis
1060 1451 1163 1516 officio
1188 1451 1393 1536 fungeretur,
1418 1458 1450 1513 et
1473 1451 1506 1513 in
1530 1450 1643 1514 cadem
1670 1451 1798 1514 civitate
1823 1451 2010 1516 bononiensi
2035 1475 2108 1516 cum
2131 1476 2189 1519 sua

368 1559 459 1622 curia
483 1559 675 1624 fiducialiter
700 1561 865 1642 resideret,
888 1582 926 1625 ac
950 1560 1095 1644 ejusdem
1120 1559 1258 1624 ciuitatis
1286 1579 1345 1622 nee
1369 1579 1432 1622 non
1457 1558 1637 1640 comitatus,
1654 1558 1806 1642 territorij
1827 1566 1858 1622 et
1875 1558 2048 1644 districtus,
2065 1581 2103 1624 ac
2117 1583 2189 1647 per-

366 1665 575 1729 tinentiarum
601 1667 700 1753 ipsius
724 1668 901 1732 dominium
924 1675 956 1731 et
977 1667 1234 1751 jurisdictionem
1257 1665 1298 1728 ad
1315 1685 1481 1728 romanam
1504 1663 1683 1727 Ecclesiam
1703 1664 1897 1750 pertinentia
1913 1666 1953 1728 ab
1970 1668 2113 1752 antiquo,
2129 1690 2188 1755 pre

366 1772 453 1836 dicta
476 1773 623 1837 Ecclesia
647 1781 771 1839 teneret
795 1782 827 1838 et
851 1775 1039 1860 possideret,
1057 1782 1088 1838 et
1112 1773 1168 1837 diu
1190 1773 1333 1859 pacitiee,
1347 1771 1434 1855 juste
1459 1779 1490 1834 et
1510 1771 1652 1855 legitime
1669 1793 1727 1857 pro
1744 1770 1858 1835 eadem
1873 1771 2018 1836 Ecclesia
2034 1775 2189 1840 tenuisset

369 1987 534 2052 constituti
557 1990 821 2074 recognovissent
844 1991 1021 2053 dominium
1046 1999 1078 2053 et
1099 1987 1357 2072 jurisdictionem
1380 1985 1524 2071 predicta
1547 1986 1642 2070 pleno
1664 1986 1737 2070 jure
1762 1985 1803 2048 ad
1834 1986 1980 2048 eamdem
2008 1987 2189 2053 Ecclesiam

367 2094 408 2157 ab
434 2096 566 2180 antiquo
590 2097 783 2182 pertinuisse
807 2105 839 2160 et
863 2098 961 2161 etiam
985 2097 1163 2183 pertinere,
1189 2104 1221 2158 et
1251 2115 1293 2157 ex
1325 2092 1504 2156 abundanti
1532 2091 1646 2155 eadem
1676 2092 1852 2156 dominium
1879 2101 1911 2156 et
1931 2094 2188 2178 jurisdictionem

367 2200 471 2285 primo
490 2202 594 2266 eidem
610 2203 746 2287 Legata,
764 2211 796 2267 et
820 2203 1010 2268 secundario
1034 2203 1137 2268 felicis
1162 2199 1392 2264 recordationis
1416 2198 1558 2262 dchanui
1573 2198 1663 2284 Pape
1688 2199 1843 2284 vigesimo
1865 2201 2004 2264 secundo
2020 2203 2187 2286 predeces-

370 2309 435 2372 sori
456 2316 576 2391 nostro,
595 2316 670 2373 tunc
686 2311 817 2392 viventi,
835 2312 963 2374 nomine
987 2311 1132 2394 ejusdem
1156 2328 1287 2372 romane
1310 2305 1455 2370 Ecclesia
1478 2305 1717 2391 recipientibus,
1741 2327 1892 2392 expresse
1913 2307 2096 2391 donassent,
2112 2331 2187 2374 cen-

363 2415 455 2478 fcctis
482 2417 600 2480 exinde
625 2418 763 2503 publicis
788 2420 1018 2501 instrumentis,
1043 2417 1190 2481 nonnulli
1221 2415 1399 2500 iniquitatis
1423 2413 1554 2494 alumni,
1579 2412 1682 2476 incole
1706 2413 1844 2476 civitatis
1869 2415 2022 2500 predicte,
2047 2424 2186 2484 tractatu

364 2522 462 2586 etiam
487 2523 526 2586 de
550 2523 621 2607 hoc,
639 2532 673 2588 11
691 2526 817 2608 11111111,
835 2548 900 2590 1111
924 2527 1046 2610 absque
1069 2523 1260 2610 proditionis
1283 2529 1375 2586 reatu
1391 2520 1571 2607 prehabito,
1592 2520 1675 2583 iuter
1691 2542 1745 2583 ecs
1761 2521 1934 2584 tumultum
1950 2530 1982 2585 et
1997 2524 2187 2590 seditionem

361 2629 394 2692 in
422 2631 570 2714 ejusdem
595 2633 733 2696 civitatis
757 2635 877 2720 populo
901 2634 1101 2714 excitarunt3
1126 2631 1274 2715 idemque
1298 2629 1436 2715 populus
1465 2635 1680 2712 congregatus
1710 2627 1742 2690 in
1774 2649 1874 2690 unum
1903 2629 1944 2691 ad
1975 2632 2186 2715 premeditato

363 2737 483 2801 diutius
508 2739 654 2822 ejusdem
677 2740 866 2825 proditionis
892 2740 1017 2804 facinus
1041 2738 1308 2825 perpetrandum,
1332 2735 1541 2822 pluribusque
1566 2734 1759 2798 continuatis
1783 2734 1896 2798 diebus
1918 2737 2055 2821 pulsatis
2077 2738 2187 2804 hostili

363 2865 451 2907 more
477 2847 652 2931 canipanis,
674 2847 835 2930 flagitioso
860 2855 891 2911 et
915 2847 1074 2932 sacrilego
1100 2867 1179 2908 ausu
1204 2843 1351 2908 eumdem
1374 2841 1536 2926 Legatum
1560 2841 1592 2904 in
1617 2850 1721 2904 castro
1744 2862 1802 2926 per
1825 2862 1899 2904 eum
1922 2851 2104 2908 constructo
2127 2868 2185 2932 pro

361 2951 474 3014 eadem
499 2973 633 3016 romana
656 2953 813 3036 Ecclesia,
831 2955 892 3018 sito
917 2954 1001 3018 infra
1025 2955 1190 3017 civitatem
1214 2950 1370 3032 eamdem,
1392 2950 1498 3012 nullas
1522 2956 1598 3011 tunc
1623 2949 1703 3012 tales
1728 2949 1954 3014 formidantem
1976 2951 2119 3036 insidias,
2136 2975 2185 3018 re·

361 3058 519 3122 sidentem
543 3060 780 3145 aggredientes
798 3061 958 3126 hostiliter
985 3051 1190 3142 obsederunt,
1208 3079 1343 3142 eumque
1367 3056 1558 3142 perdecem
1582 3055 1650 3118 dies
1674 3057 1842 3120 continuos
1865 3067 1896 3120 11
1921 3059 2058 3144 amplius
2075 3069 2185 3126 tenue·

364 3172 439 3229 runt
463 3165 639 3250 obsessum,
665 3189 703 3232 ac
727 3169 897 3233 conflando
922 3191 1033 3232 eorum
1057 3167 1222 3232 molimina
1246 3186 1319 3229 eum
1343 3164 1467 3226 balistis
1491 3173 1523 3226 11
1547 3165 1620 3248 alijs
1641 3164 1764 3227 bellicis
1788 3165 2007 3228 instrumentis
2031 3167 2186 3233 adversus

360 3273 481 3337 dietum
504 3274 678 3359 Legatum,
696 3277 890 3340 honorabile
916 3276 1094 3340 membrum
1119 3295 1250 3339 romane
1273 3272 1418 3336 Ecclesia
1443 3281 1631 3357 partemque
1655 3272 1796 3357 corporis
1819 3273 1945 3336 romani
1967 3275 2136 3359 pontificis,
2154 3287 2186 3341 11

360 3379 400 3444 de
424 3381 525 3445 latere
552 3384 623 3466 ejus
649 3383 782 3446 missurn
807 3405 872 3447 nou
897 3384 1019 3469 absque
1044 3383 1176 3446 erimine
1211 3382 1275 3444 lese
1306 3380 1397 3444 Sedis
1428 3379 1603 3464 apostolice
1634 3379 1823 3463 majestatis,
1846 3379 2033 3466 proijccndo
2061 3382 2185 3469 lapides

360 3494 392 3551 et
416 3489 610 3572 quadrellos,
635 3491 783 3575 nequiter
808 3499 839 3555 et
864 3491 1024 3555 hostiliter
1048 3495 1278 3577 expugnarunt
1296 3488 1418 3550 fossata
1441 3487 1537 3549 ctiam
1562 3485 1640 3549 dicti
1666 3487 1781 3568 castri,
1805 3493 1837 3550 ct
1860 3489 2076 3572 aqueductum
2099 3492 2184 3577 ipso·

359 3617 430 3658 rum
453 3605 485 3660 11
510 3619 638 3660 murum
662 3599 750 3662 cluse
775 3598 936 3662 dictorum
961 3599 1156 3662 fossatorum
1180 3602 1352 3682 ruperunt,
1378 3595 1549 3678 ignemque
1576 3602 1752 3682 posuerunt
1776 3595 1808 3657 in
1832 3595 1994 3680 aliquibus
2021 3597 2185 3684 fortalitijs

360 3702 437 3767 dicti
453 3705 567 3786 castri;
585 3712 616 3768 et
635 3711 670 3768 11
691 3706 776 3769 idem
800 3706 944 3790 Legatus
968 3706 1197 3769 destitueretur
1221 3704 1307 3768 ouini
1330 3701 1451 3766 auxilio
1476 3711 1508 3764 ct
1531 3723 1694 3781 succursu,
1711 3709 1744 3764 et
1763 3723 1803 3764 ne
1820 3702 1980 3788 aliquibus
1997 3705 2038 3768 ad
2055 3727 2183 3770 succur-

358 3809 493 3874 rendum
520 3812 627 3875 eidem
650 3813 756 3876 aditus
779 3821 991 3900 prestaretur,
1009 3819 1164 3898 ceperunt
1188 3812 1219 3874 in
1244 3809 1377 3874 circuitu
1402 3810 1480 3874 dicti
1502 3808 1598 3872 castri
1622 3809 1688 3872 fodi
1712 3809 1818 3873 facere
1839 3810 1949 3874 foreas
1973 3833 2031 3875 seu
2050 3814 2182 3899 fossata,

270 3911 272 3916 ’
359 3925 393 3980 11
417 3918 502 3981 idem
528 3919 672 4004 Legatus
697 3929 728 3984 et
753 3931 867 4005 gentes
891 3942 947 3984 sue
972 3920 1080 3984 inedia
1106 3920 1255 4004 fameque
1279 3917 1469 4003 consumpti,
1488 3937 1599 3980 corum
1622 3916 1749 3980 tradere
1766 3939 1800 3980 se
1816 3918 1964 3982 manibus
1980 3930 2183 4007 cogerentur,

356 4025 389 4087 in
409 4026 555 4109 ejusdem
572 4027 669 4091 castri
686 4028 852 4093 obsidione
869 4029 1057 4112 hujusmodi
1077 4027 1208 4091 terroris
1225 4047 1336 4089 rocem
1357 4024 1582 4088 universaliter
1604 4026 1856 4110 proclamantes:
1880 4050 1895 4084 ‹
1912 4025 2070 4091 1111111111
2085 4028 2182 4115 Lepa-

356 4135 589 4216 tramaricam
612 4133 746 4219 Legatus
769 4143 796 4199 11
819 4137 867 4199 1111
889 4137 927 4199 dc
951 4137 1064 4221 11119111
1087 4155 1197 4198 occurro
1214 4155 1252 4215 >3
1278 4131 1336 4195 sub
1358 4133 1485 4217 magnis
1501 4131 1592 4216 penis
1609 4131 1816 4195 nibilominus
1831 4133 2051 4218 prohibentes,
2068 4155 2109 4199 no
2125 4158 2184 4222 per

359 4239 484 4325 aliquos
508 4240 787 4305 introducerentur
804 4243 836 4305 in
855 4251 998 4307 castrum
1013 4241 1195 4329 predictum
1213 4241 1322 4326 aliqua
1338 4239 1492 4302 victualia
1513 4238 1564 4301 111
1589 4259 1639 4302 111
1656 4239 1849 4302 humanibus
1865 4241 2110 4307 necessitatibus
2126 4265 2182 4331 op·

357 4353 504 4432 portune,
522 4349 582 4411 sub
603 4369 687 4434 pena
712 4350 812 4412 etiam
836 4351 962 4435 capitis,
988 4372 1068 4415 1111
1093 4349 1245 4436 preconia
1266 4357 1297 4411 et
1322 4369 1394 4410 cum
1417 4346 1502 4410 tubis
1523 4347 1669 4409 fecerunt
1687 4347 1814 4433 publice
1831 4349 2034 4433 proclamari,
2051 4371 2090 4414 ne
2112 4354 2182 4438 quis

358 4461 499 4517 castrum
523 4455 747 4540 ingrederetur
769 4457 952 4543 prefatum,
978 4465 1034 4521 aut
1058 4459 1243 4543 loqueretur
1266 4454 1479 4518 cxirtcntibus
1503 4455 1536 4517 in
1560 4453 1681 4518 eodem.
1706 4455 1745 4518 ln
1770 4455 1935 4520 obsidione
1959 4479 2085 4543 quoque
2109 4483 2181 4546 pre·

357 4560 442 4623 dieta
459 4561 582 4625 diurnis
599 4569 631 4626 et
649 4565 812 4628 nocturnis
829 4566 1032 4650 temporibus
1050 4565 1173 4628 tamdiu
1189 4563 1307 4626 urinaci
1323 4571 1355 4625 et
1371 4570 1496 4625 armata
1512 4562 1657 4647 potentia
1672 4564 1891 4648 perstiterunt,
1905 4565 2006 4629 donec
2020 4567 2182 4653 Legatum

356 4689 429 4731 eum
453 4669 578 4733 familia
601 4677 632 4733 et
657 4671 728 4734 aliis
752 4673 903 4756 gentibus
928 4673 1005 4754 suis,
1027 4693 1088 4758 que
1113 4680 1189 4735 tune
1214 4670 1342 4734 fuerant
1359 4669 1400 4733 ad
1422 4670 1542 4733 dictum
1567 4677 1708 4733 castrum
1731 4670 1871 4753 reducta,
1897 4673 1936 4736 de
1959 4673 2052 4738 dictis
2076 4683 2180 4742 castro

355 4782 386 4838 et
411 4777 540 4840 civitate
565 4777 765 4860 bononiensi,
783 4801 846 4843 non
870 4781 942 4843 sine
969 4781 1078 4844 multis
1102 4799 1313 4866 personarum
1338 4787 1369 4841 ct
1393 4799 1499 4842 rerum
1522 4778 1684 4864 periculis,
1701 4779 1790 4842 exire
1813 4781 1954 4865 oportuit
1976 4791 2008 4844 et
2027 4783 2180 4848 festinare

353 4904 525 4947 recessum.
550 4884 674 4948 Eadem
698 4907 774 4950 1111
799 4887 964 4952 obsidione
989 4888 1136 4970 durante,
1162 4887 1260 4971 ijdem
1284 4887 1497 4950 bononienses
1521 4885 1563 4948 ad
1587 4907 1679 4950 omne
1703 4886 1826 4971 nephas
1850 4888 2004 4953 relaxatis
2027 4891 2173 4974 habenis,

353 4989 507 5053 dilectum
531 4992 632 5055 filiurn
658 4992 1154 5078 0111111111Β11111111,11111111111
1178 4994 1475 5058 vicemarescallum
1496 4993 1602 5078 gentis
1627 4993 1770 5076 ejusdem
1793 4995 1948 5077 Ecclesia,
1966 4997 1999 5059 in
2022 4997 2107 5061 dicta
2131 5001 2174 5063 ci·

355 5097 455 5160 ritate
479 5105 669 5181 morantem,
688 5101 822 5186 ejusque
847 5103 998 5166 officiales
1023 5103 1055 5166 in
1076 5103 1207 5188 palatio,
1225 5102 1257 5164 in
1275 5123 1337 5187 quo
1354 5101 1457 5164 dictus
1474 5100 1753 5164 vicemareseallus
1769 5109 1845 5166 tunc
1861 5103 2057 5188 morabatur,
2075 5106 2174 5170 hosti·

352 5204 426 5267 liter
450 5205 648 5288 invaserunt,
674 5216 892 5293 supponentes
917 5211 1025 5294 ignem
1042 5210 1167 5295 prefato
1183 5209 1315 5296 palatio,
1333 5217 1368 5272 ut
1388 5217 1475 5272 metu
1492 5208 1631 5293 inccndij
1648 5209 1774 5272 facilius
1791 5211 1863 5295 capi
1878 5219 2023 5297 possent,
2041 5215 2173 5278 11111111-

354 5311 429 5374 liter
452 5313 583 5378 eosdcm
608 5314 904 5380 ricemereseallum
930 5326 962 5381 et
986 5319 1162 5380 familiares
1187 5317 1287 5402 ipsius
1312 5325 1474 5401 ceperunt,
1492 5323 1523 5378 ct
1542 5316 1710 5401 depredati
1731 5316 1871 5399 fuerunt,
1895 5339 2013 5403 eoaque
2038 5321 2173 5384 vinealis

352 5426 384 5481 et
401 5420 610 5505 compedibus
627 5421 740 5485 ferreis
758 5425 1007 5507 eostrinxerunt,
1021 5425 1108 5510 ipsos
1126 5424 1332 5488 nihilominus
1349 5430 1381 5486 et
1397 5423 1537 5486 maxime
1554 5423 1675 5487 dictum
1687 5424 1983 5488 ricemarcscallum
1996 5429 2173 5512 tormentis,

351 5528 655 5611 conquestionibus
680 5529 787 5614 sepius
812 5532 1002 5616 affligentes,
1020 5553 1193 5616 onnresquc
1218 5530 1298 5594 alios
1323 5531 1474 5594 officiales
1498 5552 1556 5616 per
1580 5531 1699 5594 dictum
1721 5532 1882 5617 Legatum
1906 5535 1938 5596 iu
1955 5535 2085 5599 civitate
2100 5559 2173 5624 pre·

352 5633 438 5696 dicta
462 5655 520 5720 pro
544 5657 678 5699 romana
701 5636 849 5701 Ecclesia
874 5641 1062 5703 coristitutos
1095 5639 1253 5702 hostiliter
1283 5639 1417 5702 insecuti
1449 5646 1481 5701 et
1511 5639 1638 5723 predati
1668 5640 1815 5723 fuerunt,
1839 5663 1957 5728 eosque
1981 5644 2020 5708 de
2043 5645 2128 5710 facto
2153 5669 2172 5710 a

353 5741 419 5803 suis
444 5742 555 5806 officiis
581 5751 776 5828 arnorentes,
794 5747 826 5808 in
848 5747 954 5810 locum
975 5769 1085 5810 eorum
1102 5746 1182 5810 alios
1198 5753 1383 5832 posuerunt.
1402 5746 1559 5810 Custodes
1576 5747 1673 5811 etiam
1690 5755 1856 5833 portarum
1872 5751 2011 5815 civitatis
2027 5754 2173 5838 ejusdcm

350 5847 552 5930 invaserunt,
570 5859 787 5935 supponentes
809 5853 916 5937 ignem
941 5855 971 5917 in
997 5854 1157 5940 aliquibus
1180 5853 1375 5934 carumdem,
1393 5853 1495 5937 captis
1512 5862 1544 5917 et
1560 5855 1736 5918 interfectis
1753 5857 1914 5942 aliquibus
1931 5858 1969 5922 de
1987 5862 2171 5926 custodibus

332 5954 537 6039 prelibatis,
562 5977 599 6020 ac
624 5958 785 6022 maleficos
818 5982 928 6024 ornnes
960 5969 992 6025 11
1015 5968 1196 6026 carceratos
1226 5961 1258 6024 in
1291 5961 1473 6024 carceribus
1506 5962 1699 6026 venerabilis
1727 5963 1836 6026 fratris
1870 5967 1972 6029 nostri
1999 5967 2172 6033 Bertrandi

353 6083 437 6125 nune
462 6063 680 6148 nivernensis,
705 6073 780 6129 tunc
813 6067 1019 6132 bononiensis
1047 6070 1206 6155 episcopi,
1232 6076 1263 6132 et
1291 6069 1399 6132 dilecti
1427 6069 1485 6152 filij
1509 6069 1657 6133 Rectoris
1686 6071 1770 6134 diete
1794 6073 1933 6136 civitatis
1957 6096 2013 6159 pro
2038 6093 2176 6140 romana

351 6169 499 6234 Ecclesia
522 6192 580 6256 pro
604 6173 713 6236 multis
737 6175 892 6258 grauibus
915 6177 1089 6240 sceleribus
1114 6177 1307 6262 perpetratis
1330 6198 1388 6262 per
1412 6197 1467 6240 eos
1488 6177 1606 6241 ibidem
1623 6179 1779 6260 detentos,
1797 6179 1937 6244 effractis
1954 6181 2047 6246 dictis
2064 6205 2170 6252 carce·

353 6277 452 6360 ribus,
470 6278 502 6341 in
524 6279 671 6363 ejusdem
694 6280 840 6346 Ecclesia
864 6284 1091 6348 contumeliam
1111 6286 1309 6366 relaxarunt,
1328 6305 1501 6368 omnesque
1518 6285 1667 6348 bannitos
1684 6286 1723 6349 de
1740 6287 1825 6350 dicta
1842 6288 1972 6352 civitate
1988 6311 2045 6374 pro
2061 6290 2170 6355 multis

351 6385 536 6449 enormibus
560 6388 746 6451 excessibus
770 6391 905 6474 patratis
928 6413 987 6476 per
1015 6413 1079 6474 cos,
1105 6392 1146 6455 ad
1170 6391 1289 6455 dictam
1313 6392 1476 6454 civitatem
1500 6399 1619 6456 temere
1643 6393 1856 6476 reduxerunt,
1880 6396 2019 6460 hostium
2043 6419 2169 6484 quoque

349 6499 381 6554 et
405 6491 574 6556 rebellium
597 6494 743 6578 ejusdem
759 6495 902 6562 Ecclesia
920 6500 1167 6564 contradictum
1184 6501 1344 6585 Legatum
1361 6501 1518 6565 auxilium
1535 6503 1721 6567 invocantes
1738 6504 1776 6567 de
1795 6505 1935 6591 ipsorum
1952 6507 2170 6594 stipendiarijs
