5492 7750
1230 655 1279 704 DE
1309 652 1441 704 ΤΗΟΜΑ
1469 653 1768 704 Dluuovaracmo

743 831 846 897 neque
871 809 959 874 uliud
983 810 1123 896 probant
1144 808 1288 872 Neandri
1312 808 1428 891 verba,
1453 807 1569 893 quihus
1600 809 1712 872 nititur
1742 808 1917 873 Fabritius.
1943 808 2007 872 Sed
2031 829 2083 872 res
2107 808 2225 872 elarius
2258 817 2404 874 constare

741 925 846 1004 potest
870 938 912 981 ex
935 915 1124 982 Alexandro
1149 915 1333 998 Gahoardo,
1350 915 1405 1001 qui
1429 914 1462 978 in
1486 913 1623 1000 epistola
1646 915 1687 979 ad
1712 915 1870 980 Thomam
1894 915 1998 1001 ipsum
2014 914 2305 1001 Diplovataecium,
2321 937 2405 1002 quae

740 1034 789 1090 661
813 1025 854 1089 61
878 1025 999 1089 calcem
1022 1023 1173 1088 editionis
1196 1023 1352 1088 Arrianni
1374 1021 1504 1086 Pisauri
1527 1043 1612 1086 anno
1637 1021 1820 1106 thVIII.,
1844 1023 1891 1086 ita
1922 1023 2049 1087 scribit:
2080 1049 2095 1080 «
2118 1023 2271 1088 Judicent
2297 1031 2405 1088 tamen

739 1133 916 1214 doctiores,
941 1139 973 1196 et
996 1138 1048 1214 tu,
1072 1131 1122 1195 vir
1149 1129 1379 1214 jurisconsulto
1409 1128 1610 1210 doctissime,
1635 1130 1690 1215 qui
1717 1130 1818 1194 vitam
1841 1129 1997 1194 Arrianni
2023 1137 2056 1194 61
2079 1129 2216 1194 allorum
2244 1130 2403 1214 juriscon-

739 1239 896 1304 sultorum
928 1238 1076 1324 legaliter
1100 1244 1132 1302 61
1160 1237 1310 1301 1616166166
1334 1235 1521 1322 complexus
1544 1257 1579 1299 es
1602 1236 1635 1299 in
1660 1257 1756 1323 opere
1779 1244 1835 1300 tuo
1858 1236 1908 1300 De
1924 1239 2117 1321 praestantia
2139 1237 2308 1302 Doctorum
2313 1262 2324 1322 ,·
2347 1238 2402 1323 661

741 1368 760 1410 6
783 1346 954 1411 Phoroneo
977 1345 1102 1427 Inachi,
1119 1344 1315 1429 Argivorum
1339 1364 1426 1428 rege,
1444 1343 1485 1406 ad
1510 1343 1589 1406 haec
1612 1364 1714 1429 usque
1738 1351 1848 1408 nostra
1872 1351 2018 1429 tempora
2041 1343 2245 1427 deflexerim,
2261 1344 2294 1408 in
2318 1365 2402 1410 nono

738 1455 889 1519 videlieet
911 1455 1004 1536 libro,
1020 1453 1078 1517 ubi
1100 1451 1140 1516 16
1164 1452 1260 1516 elaris
1280 1451 1530 1535 jurisconsultis,
1547 1450 1633 1537 quod
1657 1452 1771 1516 merito
1787 1451 1907 1517 Joanui
1932 1451 2072 1516 Stortiae
2096 1451 2321 1535 illustrissimo,
2338 1453 2401 1517 cle-

740 1561 938 1627 mentissimo
961 1560 1091 1626 Pisauri
1113 1558 1253 1641 domino,
1277 1557 1435 1623 dedicasti
1458 1583 1489 1623 ».

586 1671 652 1734 Sed
675 1691 829 1756 magnum
852 1670 914 1734 hoc
939 1689 1029 1755 opus,
1054 1665 1139 1754 quod
1172 1667 1331 1730 interiisse
1361 1666 1414 1730 vel
1437 1666 1545 1730 invitis
1568 1665 1670 1730 Musis
1699 1665 1826 1730 latitare
1850 1665 2004 1730 dolebant
2026 1666 2143 1730 eruditi
2167 1687 2295 1750 omnes,
2319 1666 2402 1731 redi-

739 1777 859 1860 vivum,
876 1776 992 1840 saltem
1015 1773 1122 1861 quoad
1146 1773 1336 1838 nobiliorem
1359 1773 1409 1836 sui
1433 1779 1572 1858 partem,
1587 1771 1712 1857 jamdiu
1736 1773 1899 1837 laetantur
1922 1771 2029 1837 iidem.
2052 1772 2158 1858 igitur
2181 1773 2264 1838 liber
2286 1795 2399 1856 nonus,

738 1885 794 1970 qui
816 1892 865 1949 est
887 1884 937 1948 De
962 1883 1068 1948 Claris
1091 1881 1336 1964 Jariscmesaltis,
1352 1887 1444 1944 extat
1466 1901 1548 1968 pene
1572 1881 1697 1965 integer
1721 1878 1806 1966 apud
1831 1880 1953 1944 clarum
1970 1880 2158 1963 Oliverium,
2175 1881 2279 1967 quiin
2296 1881 2400 1946 166616

738 1990 856 2056 6611616
883 1991 965 2054 haec
995 2011 1054 2054 sua
1086 2010 1184 2053 manu
1216 1987 1403 2074 adscripsit:
1433 2013 1447 2044 ‹
1472 1987 1616 2052 Thomas
1647 1987 1878 2073 Diplovatatii,
1903 1988 1958 2073 qui
1989 1986 2118 2052 Pisauri
2145 1988 2399 2074 Diplovatatiam

737 2105 867 2184 gentem
891 2119 909 2162 6
934 2097 1072 2162 Graecia
1095 2096 1267 2183 profugam
1291 2095 1471 2176 collocavit,
1489 2115 1569 2181 opus
1592 2095 1641 2159 De
1657 2098 1852 2180 praestantia
1873 2095 2041 2159 Doctorum
2047 2119 2059 2179 ,·
2082 2116 2162 2182 opus
2185 2095 2399 2160 luculentissi-

737 2227 824 2270 mum
848 2206 938 2270 initio
961 2204 1083 2268 6666611
1098 2203 1191 2267 XVI.
1209 2203 1261 2267 vel
1278 2203 1337 2266 sub
1361 2203 1458 2266 tinem
1481 2201 1555 2265 XV.
1570 2203 1639 2286 jam
1659 2203 1823 2287 scriptum,
1840 2209 1937 2287 atque
1954 2202 2095 2266 dicatum
2111 2202 2132 2268 J
2134 2203 2232 2267 oanni
2248 2202 2398 2288 Sfortiae,

734 2313 864 2378 Pisauri
887 2313 1035 2395 domino,
1059 2310 1205 2375 ducentis
1229 2310 1368 2375 abhinc
1399 2310 1492 2374 annis
1524 2310 1621 2396 plane
1648 2309 1867 2395 deperditum,
1891 2309 2054 2395 insperato
2078 2309 2342 2396 diligentissimus
2366 2319 2398 2376 et

736 2420 1008 2486 fortunatissimus
1031 2419 1201 2483 Passerius
1225 2425 1343 2500 noster,
1367 2415 1514 2482 16616166
1537 2417 1730 2502 ingenioque
1754 2416 1899 2480 Thomas
1922 2417 1985 2502 ipsi
2015 2415 2110 2481 facile
2141 2417 2399 2503 anteponendus,

735 2526 838 2614 pridie
862 2525 1019 2590 kalendas
1043 2525 1193 2590 Octobris
1217 2524 1258 2588 A.
1275 2524 1316 2589 D.
1334 2522 1684 2588 MDOOXXXXVIII.
1702 2523 1824 2587 invenit
1847 2547 1878 2588 ».
1899 2522 2049 2588 Codiccm
2073 2523 2157 2587 hunc
2182 2523 2266 2588 idem
2290 2523 2399 2589 01166

736 2637 802 2699 6166
825 2633 1002 2698 transmisit
1022 2633 1217 2718 jampridem
1239 2632 1347 2697 canuti
1371 2631 1493 2697 Joanni
1514 2631 1759 2716 Elephantutio,
1785 2631 1881 2715 hujus
1904 2651 1995 2694 meae
2018 2631 2142 2716 patriae
2167 2632 2308 2696 senatori
2330 2653 2398 2696 am·

735 2742 880 2828 piissimo
904 2747 936 2804 ct
960 2741 1153 2826 optimarum
1177 2740 1295 2802 artium
1315 2738 1429 2802 cultori
1446 2737 1574 2820 eximio,
1593 2738 1647 2823 qui
1663 2738 1811 2802 eumdem
1827 2759 1952 2802 summa
1967 2737 2135 2823 diligentia
2151 2738 2398 2803 exscribendum

734 2849 877 2930 curavit,
901 2847 993 2910 utin
1017 2847 1188 2912 secretiore
1214 2845 1428 2910 Scicntiarum
1459 2844 1603 2908 Instituti
1630 2844 1825 2910 bibliotheca
1856 2845 2090 2910 immortalitati
2113 2852 2269 2910 servetur.
2294 2845 2398 2920 Quale

734 2963 843 3020 arrian
866 2955 963 3019 fuerit
986 2953 1173 3038 hujusmodi
1196 2975 1276 3040 opus
1300 2952 1544 3038 Diplovataccii,
1570 2973 1634 3016 non
1657 2952 1781 3034 melius,
1804 2973 1900 3038 quam
1924 2974 1965 3016 ex
1990 2951 2070 3038 ipso,
2087 2952 2258 3036 dijudicari
2281 2961 2397 3039 potest,

734 3065 790 3149 qui
814 3064 846 3127 in
869 3063 1034 3149 prooemio
1058 3060 1203 3146 ejusdem
1230 3061 1276 3124 ita
1300 3059 1461 3125 Joannam
1490 3058 1661 3143 Sfortiam,
1685 3060 1737 3124 eui
1769 3081 1849 3146 opus
1880 3081 1974 3124 sunm
2005 3059 2246 3146 infrascriptum
2277 3060 2397 3144 voluit,

734 3170 926 3257 alloquitur:
949 3168 1167 3232 «Laudemus
1189 3168 1276 3232 viros
1299 3167 1457 3252 gloriosos
1481 3174 1514 3231 et
1535 3173 1686 3253 parentes
1702 3174 1762 3230 ete.
1779 3166 1902 3231 Eccles.
1920 3166 2113 3230 XXXXIV.
2130 3165 2308 3253 Propterea
2325 3189 2397 3232 cum

732 3280 817 3343 hanc
839 3279 944 3364 ipsam
967 3284 1078 3341 166166
1103 3276 1307 3341 authoritatis
1331 3276 1524 3340 sententiam
1548 3275 1702 3358 imitatus,
1725 3276 1880 3362 Princeps
1904 3275 2120 3361 magnanime,
2143 3275 2327 3341 doctoratus
2350 3278 2397 3341 di·

733 3387 890 3472 gnitatem
914 3386 1085 3470 insignem,
1109 3383 1308 3469 amplissima
1331 3381 1498 3447 doctorum
1521 3382 1707 3468 privilegia,
1724 3404 1898 3469 eorumque
1920 3383 2040 3468 gradus
2064 3383 2311 3468 praecedentiae
2334 3406 2396 3450 non

734 3493 954 3580 aspernandos
981 3491 1137 3579 proximis
1167 3492 1264 3575 hujus
1297 3491 1402 3576 operis
1433 3491 1534 3554 nostri
1565 3489 1783 3554 voluminibus
1814 3490 2031 3572 exaraverim,
2056 3491 2160 3555 visum
2193 3499 2242 3555 est
2270 3513 2397 3579 quoque

732 3601 973 3666 florentissimos
997 3620 1141 3686 quosque
1164 3598 1265 3679 61666,
1290 3598 1345 3684 661
1369 3619 1389 3662 6
1411 3597 1581 3662 Phoroneo
1606 3597 1730 3682 Inachi,
1753 3597 1951 3683 Argivorum
1982 3599 2080 3682 regis,
2102 3604 2247 3685 tempore
2272 3598 2397 3664 adhoc

732 3730 835 3794 usque
852 3708 968 3773 aetatis
983 3714 1114 3772 nostrae
1130 3704 1324 3770 curriculum
1341 3705 1487 3770 nonnihil
1502 3705 1675 3770 memoriae
1692 3704 1825 3790 dignum
1841 3705 2051 3791 prodiderunt
2065 3725 2124 3790 per
2140 3727 2241 3770 annos
2258 3707 2396 3770 termille

732 3822 905 3897 trecentos,
922 3822 1088 3900 tamquam
1112 3833 1260 3898 gemmae
1284 3812 1505 3894 electissimae,
1523 3811 1651 3876 diversa
1674 3812 1705 3875 16
1730 3811 1806 3878 orbe
1830 3813 2000 3898 gymnasia
2023 3821 2055 3875 et
2078 3814 2226 3899 proprias
2250 3815 2397 3878 civitates

733 3922 936 4004 illustrando,
960 3929 1057 4008 prout
1083 3920 1328 4006 diligentissime
1350 3926 1472 4006 potero,
1497 3919 1638 3984 breviter
1661 3941 1823 4005 exponere
1847 3945 1877 3984 ».

583 4032 702 4118 Incipit
725 4031 824 4116 igitur
847 4052 867 4094 a
889 4029 1061 4094 Phoroneo
1086 4027 1212 4110 Inachi,
1237 4027 1436 4112 Argiuorum
1461 4027 1564 4112 regis,
1588 4032 1657 4090 tum
1681 4026 1720 4091 de
1750 4027 1911 4094 Mercurio
1940 4028 2075 4115 aliisque
2099 4028 2234 4093 subinde
2259 4029 2399 4094 omnium

734 4139 879 4224 gentium
903 4159 940 4201 ac
964 4136 1155 4222 praesertim
1178 4134 1378 4199 Graecorum
1400 4141 1432 4198 61
1455 4133 1676 4199 Romanorum
1698 4134 1938 4220 legislatoribus
1970 4137 2142 4223 legumque
2174 4137 2286 4222 peritis
2315 4136 2396 4201 celc-

732 4245 894 4309 brioribus
919 4244 960 4307 ad
984 4265 1043 4307 sua
1066 4263 1168 4328 66666
1191 4249 1347 4327 tempora.
1371 4241 1473 4306 Poma
1497 4242 1530 4306 iu
1558 4241 1618 4306 hoe
1651 4263 1747 4328 opere
1781 4243 2002 4308 concinnando
2035 4265 2136 4308 annos
2167 4244 2249 4308 hene
2280 4244 2397 4308 multos

733 4352 926 4438 impendisse
951 4351 1072 4415 debuit.
1096 4349 1228 4414 Infinita
1250 4349 1336 4413 enim
1358 4349 1523 4413 volumina
1545 4349 1664 4414 vidisse
1688 4357 1720 4414 et
1744 4350 1905 4436 expilasse
1931 4351 2088 4437 oportuit;
2113 4373 2188 4415 nam
2212 4351 2295 4416 hanc
2319 4353 2396 4416 scri-

732 4460 830 4525 bendi
853 4460 1010 4524 rationem
1033 4465 1189 4544 perpetuo
1213 4463 1341 4520 secutus
1365 4463 1423 4539 est,
1447 4464 1484 4520 61
1507 4457 1585 4520 nihil
1611 4457 1769 4544 proferat,
1794 4457 1880 4544 quod
1904 4459 2094 4523 auctoritate
2119 4459 2310 4546 scriptorum
2334 4481 2397 4523 non

733 4569 873 4649 nitatur,
898 4566 1002 4629 itaut
1026 4565 1106 4628 nihil
1129 4564 1220 4628 aliud
1244 4564 1308 4628 sint
1332 4564 1505 4651 pleraeque
1534 4565 1621 4629 Vitae
1644 4565 1952 4649 Jarisconsnltormn,
1977 4587 2073 4652 quam
2097 4575 2250 4631 centones
2273 4567 2397 4631 consuti

732 4699 775 4740 ex
796 4681 944 4738 veterum
967 4672 1105 4758 scriptis,
1122 4693 1164 4735 ex
1187 4671 1305 4757 quihus
1328 4671 1481 4735 historiae
1504 4673 1625 4736 veritas
1640 4673 1771 4736 mirifice
1789 4673 2026 4759 comprobatur.
2043 4673 2081 4736 In
2100 4674 2304 4738 recensendis
2320 4696 2396 4739 6666

729 4781 865 4869 singulis
889 4781 1051 4845 clarorum
1071 4778 1377 4862 jurisconsultorum
1392 4778 1482 4842 libris
1499 4779 1694 4844 incredibilis
1710 4779 1807 4863 hujus
1823 4780 1961 4844 hominis
1979 4780 2148 4866 diligentia
2164 4781 2304 4846 emicuit.
2321 4781 2397 4845 Fuit

730 4891 764 4954 16
788 4890 848 4954 hoe
872 4909 990 4975 genere
1014 4885 1212 4973 perdiligens
1237 4884 1342 4950 Guido
1366 4884 1575 4967 Pancirolus;
1592 4886 1648 4950 sed
1671 4886 1751 4950 nihil
1775 4886 1815 4950 ad
1839 4887 2131 4974 Diplovataeeium,
2149 4889 2204 4973 qui
2227 4889 2396 4953 innumera

731 4998 899 5062 doctorum
923 4993 1088 5058 volumina
1111 4999 1266 5074 recenset,
1291 4991 1418 5075 additis,
1436 4999 1590 5078 quantum
1614 4993 1765 5079 colligere
1789 4995 1902 5081 potuit,
1920 5002 2101 5082 temporum
2123 4996 2395 5078 annotationibus,

732 5127 796 5191 quo
820 5086 954 5189 quisque
978 5100 1061 5165 liber
1085 5122 1104 5164 a
1127 5099 1194 5164 suis
1216 5100 1401 5164 auctoribus
1425 5101 1562 5187 scriptus
1586 5101 1656 5182 1611,
1673 5101 1807 5187 66616116
1828 5103 1925 5167 etiam
1942 5103 2053 5190 primis
2069 5112 2102 5168 et
2118 5104 2272 5168 extremis
2288 5104 2394 5169 verbis

731 5211 918 5276 corumdem
943 5209 1119 5292 librorum,
1143 5230 1278 5294 quorum
1300 5209 1369 5292 jam
1393 5215 1498 5272 661616
1531 5216 1640 5272 666166
1671 5209 1779 5295 plures
1810 5209 2000 5274 interierunt
2031 5212 2084 5275 vel
2115 5211 2200 5296 quod
2231 5233 2394 5297 nunquam

731 5319 817 5406 typis
841 5317 919 5382 editi
942 5316 1072 5398 fuerint,
1090 5316 1143 5379 661
1163 5315 1268 5402 66661
1292 5315 1411 5402 6666116
1436 5315 1576 5401 neglecti
1599 5317 1663 5381 sint
1685 5323 1718 5380 61
1740 5338 1759 5380 6
1782 5317 1875 5382 66616
1898 5317 1987 5381 libris
2011 5320 2135 5382 extrusi
2159 5318 2199 5381 ad
2219 5319 2394 5383 salsamen-

731 5427 887 5490 tariorum
911 5424 1066 5489 officinas.

577 5535 691 5600 Plures
715 5555 757 5598 ex
781 5533 855 5596 vitis
879 5530 1052 5595 illustrium
1074 5529 1395 5613 jurisconsultorum,
1419 5551 1499 5615 6666
1530 5529 1564 5594 16
1593 5552 1676 5596 6666
1710 5530 1793 5596 libro
1817 5533 1922 5619 666616
1946 5533 1994 5597 De
2011 5536 2204 5618 praestantia
2228 5533 2392 5598 Doctorum

731 5638 901 5704 adornavit
918 5636 1192 5723 Diplovataceius,
1210 5636 1313 5700 lucem
1331 5637 1548 5722 adspexerunt
1565 5639 1597 5701 in
1614 5638 1706 5702 editis
1724 5639 1874 5725 operibus
1891 5641 2103 5705 celebriorum
2116 5641 2392 5726 jurisperitorum

730 5745 1001 5835 quemadmodum
1025 5743 1093 5807 vita
1116 5743 1238 5807 Baitoli
1261 5745 1294 5808 in
1319 5744 1469 5829 operibus
1493 5744 1638 5828 ejusdem
1662 5745 1834 5830 (Venetiis,
1856 5769 1941 5811 anno
1967 5747 2280 5830 mmmm),
2297 5769 2392 5833 quam

730 5863 843 5942 postca
874 5854 991 5916 iterum
1016 5850 1116 5916 edidit
1139 5851 1322 5934 Fabritius3
1346 5851 1414 5914 vita
1437 5851 1535 5915 etiam
1560 5851 1654 5916 Pauli
1675 5853 1713 5916 de
1738 5853 1854 5937 Castro,
1879 5855 1966 5919 edita
1990 5854 2142 5921 Coloniae
2167 5855 2280 5920 eodem
2308 5877 2392 5920 anno

664 5953 667 5960 ’
728 5959 1037 6040 111116ΧΧΧΧ111.,
1056 5961 1146 6044 cujus
1169 5961 1364 6025 mentionem
1388 5957 1466 6022 facit
1488 5958 1680 6024 Pontauella
1703 5961 1735 6023 in
1760 5982 1819 6024 666
1842 5962 2025 6026 Bibliotheca
2049 5963 2176 6048 Lepali;
2192 5964 2260 6026 6116
2282 5965 2393 6049 Anpeli

728 6070 885 6150 Arretini,
910 6087 993 6152 6666
1024 6065 1160 6152 6661111,
1186 6088 1250 6131 666
1281 6089 1353 6131 eum
1385 6066 1531 6151 ejusdem
1561 6067 1680 6153 Angeli
1708 6067 2276 6152 Τ6661616166661616116,16661116
2308 6091 2391 6134 anno

727 6175 881 6257 MDLV„
899 6194 1047 6261 quaeque
1065 6172 1207 6258 praefert
1229 6173 1314 6239 hunc
1338 6174 1484 6238 titulum:
1503 6176 1616 6260 Anpeli
1637 6177 1780 6240 Arretini
1807 6176 1877 6240 Vita
1894 6198 1955 6260 per
1977 6176 2136 6240 dominnm
2163 6176 2312 6242 Thomam
2334 6175 2392 6241 Di-

723 6285 949 6369 ptorataeeiarn
972 6283 1340 6366 consantinqrolitanam,
1349 6283 1436 6366 juris
1451 6284 1612 6366 utriusque
1634 6282 1793 6366 doctorem,
1809 6285 1851 6347 ad
1867 6283 2051 6348 Lodorieum
2068 6292 2095 6348 et
2112 6284 2249 6348 Puellam
2267 6285 2392 6350 Padnae

729 6394 829 6476 tapam
847 6390 1037 6475 professores
1060 6395 1087 6452 et
1109 6391 1248 6470 sororios,
1262 6389 1342 6471 filios
1364 6390 1603 6452 6666116111εεὶ61
1625 6393 1741 6452 artirnn
1764 6398 1790 6453 et
1813 6391 1980 6455 medicinae
2002 6393 2130 6456 (tenoris
2153 6393 2270 6455 dorrrini
2284 6393 2391 6478 drepa-

729 6501 803 6562 stini
825 6499 862 6562 de
886 6498 1022 6582 Arepelis,
1036 6498 1237 6580 pisaurensis.
1257 6495 1321 6559 Sed
1344 6495 1481 6561 fortasse
1505 6497 1679 6560 nonnullae
1704 6496 1842 6562 6116616
1866 6498 1938 6562 61116
1962 6499 2052 6563 libris
2076 6500 2210 6585 reperiri
2231 6506 2390 6585 poterunt.
