5544 7750
642 635 717 706 290

638 810 736 873 bliam
762 811 993 896 magnitudinis
1009 811 1104 875 unius
1120 812 1220 898 palmi
1245 859 1520 876 .........

638 917 905 982 MOOOOXLIX.

699 1025 778 1088 XlI.
800 1025 889 1090 Obiit
913 1027 1068 1110 magister
1091 1025 1252 1090 Robertus
1277 1025 1377 1089 frater
1401 1033 1521 1090 noster.

699 1132 759 1196 XI.
789 1133 878 1196 Obiit
909 1133 1064 1217 magister
1095 1133 1194 1215 Tura,
1225 1133 1397 1196 canonicus
1421 1133 1521 1197 frater

637 1247 765 1320 noster,
789 1239 992 1304 decretorum
1023 1240 1136 1304 doctor
1166 1247 1198 1304 et
1229 1240 1368 1303 vicarius
1400 1240 1521 1304 domini

636 1349 779 1435 episcopi
803 1347 977 1412 imolensis.

698 1455 740 1519 X.
759 1455 848 1520 Obiit
864 1455 1090 1518 Marchisellus
1107 1455 1147 1518 da
1162 1455 1379 1541 Principibus,
1398 1455 1519 1520 amicus

637 1571 755 1644 noster,
780 1584 837 1648 pro
862 1563 954 1646 cujus
979 1562 1088 1625 anima
1110 1563 1276 1648 planetam
1299 1563 1457 1628 habemus
1480 1562 1520 1626 da

634 1671 761 1751 samito,
783 1678 815 1733 et
839 1670 963 1755 lampas
988 1669 1080 1733 ardet
1111 1677 1185 1734 anta
1210 1671 1312 1734 altore
1336 1671 1440 1734 sancti
1462 1669 1519 1734 Vi·

634 1779 741 1860 ctoris,
759 1786 791 1841 et
814 1799 872 1864 pro
896 1797 959 1862 quo
983 1775 1043 1840 IX.
1060 1776 1201 1840 lecturas
1218 1777 1363 1842 facimus.
1382 1776 1519 1842 Oramus

634 1907 692 1971 pro
717 1907 765 1948 eo.

696 1993 756 2056 IX.
782 1991 872 2077 Objit
900 1991 1094 2055 venerabilis
1127 1998 1219 2078 pater
1243 1998 1276 2056 et
1298 1993 1386 2078 prior
1410 1999 1519 2056 noster

636 2100 797 2164 Rodullus
822 2100 861 2164 de
885 2099 1106 2182 Lamandinis,
1124 2100 1326 2164 decretorum
1350 2099 1462 2164 doctor
1486 2121 1518 2164 a·

634 2209 776 2294 gregius,
794 2209 885 2291 cujus
902 2208 1056 2271 memoria
1081 2207 1114 2270 in
1138 2207 1361 2271 benedictione
1393 2208 1443 2289 sit,
1462 2229 1518 2271 an·

634 2338 674 2380 no
699 2316 831 2380 Domini
854 2315 1076 2396 MCDXVII.;
1094 2323 1125 2378 et
1142 2317 1174 2378 in
1198 2315 1345 2379 Priorem
1369 2315 1429 2378 luit
1453 2315 1517 2380 ele·

634 2431 703 2488 etus
735 2423 883 2486 dominus
918 2422 1168 2486 Bartlrolomeus
1203 2429 1352 2508 presente
1388 2422 1517 2487 domino

634 2531 770 2595 Nicolao
795 2531 945 2616 episcopo
969 2531 1169 2595 bononiensi.

977 2637 1173 2702 Aucusrns.

695 2748 734 2810 (1)
751 2745 814 2810 ΙΙΙ.
848 2767 948 2809 nonas
988 2745 1118 2830 augusti
1156 2745 1389 2809 MODXLVII.
1428 2745 1517 2810 Obiit

633 2854 829 2918 uenerabilis
868 2851 1018 2916 sacerdos
1057 2859 1089 2916 et
1128 2852 1263 2916 devotus
1302 2875 1414 2917 servus
1453 2852 1516 2918 Dei

633 2961 781 3025 dominus
805 2959 934 3023 Tadeus
957 2960 1130 3023 eanonicus
1155 2967 1272 3041 noster,
1298 2981 1398 3024 senex
1423 2961 1515 3024 cunis

631 3067 804 3132 LXXVII.
831 3067 984 3153 Sepultus
1008 3073 1082 3130 ante
1107 3065 1209 3130 altare
1233 3069 1348 3152 majus.

693 3175 769 3240 Vll.
795 3175 876 3238 idus.
901 3174 990 3237 Obiit
1013 3174 1130 3237 Petrus
1153 3173 1331 3257 Iohannes,
1356 3176 1515 3239 archidia-

633 3305 732 3348 conns
749 3281 968 3346 ambnlnensis
985 3288 1017 3344 et
1033 3281 1205 3345 eanonicus
1222 3283 1427 3366 legionensis,
1442 3305 1515 3369 pro-

637 3391 741 3455 fessus
758 3389 859 3454 frater
879 3395 1004 3472 noster,
1022 3389 1111 3452 vivat
1134 3389 1168 3451 in
1192 3389 1337 3453 Christo:
1363 3391 1418 3475 qui
1442 3391 1515 3455 reli·

630 3499 699 3584 quit
735 3499 827 3562 nobis
856 3497 891 3560 O.
916 3496 1150 3577 marabotinos,
1175 3503 1207 3559 et
1230 3497 1359 3560 decreta
1390 3520 1449 3561 sua
1484 3504 1516 3562 et

631 3627 791 3670 summam
814 3604 961 3670 Joannis.

693 3712 782 3777 Obiit
811 3733 863 3775 ser
893 3711 1045 3776 Julianus
1062 3711 1101 3776 (2)
1118 3711 1313 3776 venerabilis
1344 3733 1444 3776 senex
1483 3721 1516 3778 et

629 3820 842 3885 cancellarius
867 3819 1019 3883 Comunis
1042 3819 1189 3883 Bononia
1214 3819 1269 3904 qui
1292 3819 1360 3882 dies
1384 3842 1459 3885 suos
1484 3827 1516 3884 et

629 3930 728 3993 vitam
745 3927 849 3990 linivit
866 3927 917 3990 hic
932 3927 1107 4008 nobiseum,
1122 3933 1153 3990 et
1166 3927 1268 3989 multa
1284 3927 1369 3990 bona
1386 3928 1516 4014 reliquit

629 4037 824 4100 monasterio
849 4042 974 4118 nostro;
1000 4041 1031 4098 ct
1054 4035 1199 4120 sepultus
1231 4041 1279 4098 est
1315 4034 1347 4098 in
1380 4056 1515 4100 comune

628 4144 796 4230 sepultura
819 4141 956 4205 fratrum
988 4149 1170 4206 nostrorum
1194 4141 1226 4205 in
1252 4141 1355 4206 medio
1379 4143 1514 4206 ecclesia

629 4249 852 4314 MODXXIX.

689 4358 748 4422 Vl.
773 4359 870 4422 Anno
895 4356 1027 4421 Domini
1050 4356 1215 4421 MOXLV.
1241 4357 1399 4421 Girardus
1427 4358 1512 4422 bone

626 4465 779 4530 memorie
804 4465 1010 4529 bononiensis
1035 4465 1204 4550 episcopus
1225 4473 1256 4528 et
1273 4465 1373 4528 irater
1392 4474 1512 4548 noster,

626 4573 779 4659 migravit
802 4572 844 4636 ad
874 4571 1060 4636 Dominum.
1086 4571 1222 4636 Gemma
1246 4572 1449 4636 sacerdotnm
1480 4580 1513 4639 et

625 4681 723 4746 decus
744 4679 890 4744 Ecclesia
913 4679 1012 4760 vivat,
1030 4686 1062 4741 et
1083 4700 1101 4742 o
1118 4679 1208 4744 vivat
1225 4680 1255 4743 in
1274 4680 1402 4744 Ohristo
1420 4703 1512 4745 nurn-

625 4811 722 4876 quam
747 4788 932 4852 moriturns.
954 4785 1007 4849 Ad
1031 4794 1150 4850 sortem
1174 4789 1291 4850 summi
1315 4787 1428 4874 eapitis
1453 4791 1511 4853 flos

625 4897 693 4983 ipse
718 4896 855 4960 futurus.

689 5003 748 5068 IV.
765 5003 971 5067 Venerabilis
987 5009 1080 5089 pater
1096 5009 1128 5067 et
1144 5003 1378 5068 concanonicus
1403 5011 1512 5070 noster

625 5111 774 5174 dominns
798 5110 935 5174 Blaxius
958 5111 1147 5174 vicentinus.
1176 5109 1240 5174 Hie
1257 5111 1352 5174 homo
1369 5110 1430 5174 fuit
1445 5133 1512 5176 rna-

624 5241 687 5303 gne
712 5217 903 5298 sanctitatis,
920 5239 1017 5302 preco
1035 5217 1195 5280 maximus
1220 5223 1252 5280 et
1276 5218 1429 5281 memoria
1454 5219 1512 5283 mi·

625 5325 747 5388 rabilis.
774 5324 864 5391 Obiit
880 5323 1023 5388 Novaria
1040 5345 1124 5388 anno
1141 5324 1272 5388 Domini
1288 5323 1462 5408 MODIX,
1480 5333 1512 5390 et

626 5432 658 5496 in
682 5441 785 5498 morte
810 5433 926 5496 claruit
950 5433 1124 5496 miraculis.

688 5541 811 5604 Idibus.
829 5539 1076 5605 MOOOXVIII.
1101 5540 1191 5605 Obiit
1206 5540 1403 5604 reverendus
1420 5546 1511 5626 pater

627 5647 774 5712 dominus
790 5649 892 5712 frater
908 5649 1076 5712 Iohannes
1092 5647 1132 5712 de
1149 5647 1332 5712 Becadellis
1349 5648 1512 5733 quondam

624 5755 726 5818 frater
744 5761 863 5837 noster,
881 5755 969 5840 prior
986 5754 1181 5820 venerabilis
1197 5755 1301 5820 saneti
1321 5754 1454 5840 Georgii
1471 5755 1511 5819 do

624 5863 800 5945 Ferarola,
825 5863 920 5926 homo
951 5884 1069 5948 magne
1102 5862 1289 5948 probitatis,
1313 5862 1509 5945 honestatis,

625 5971 758 6036 scientia
783 5977 815 6034 et
838 5971 977 6052 virtutis,
995 5978 1027 6034 et
1046 5970 1165 6034 multas
1187 5969 1301 6033 laudas
1317 5977 1426 6034 nostro
1442 5991 1509 6032 mo·

623 6079 765 6144 nasterio
783 6127 920 6143 ......
946 6099 1003 6142 suo
1021 6084 1165 6164 tempora
1190 6077 1360 6162 aquisivit3
1381 6098 1508 6140 oramus

622 6208 681 6272 pro
706 6208 755 6252 eo.

684 6453 723 6519 (1)
743 6451 900 6504 Recentiori
921 6467 1013 6502 mann.

684 6544 724 6609 (2)
744 6541 872 6593 Julianus
892 6541 925 6593 ds
944 6539 1097 6592 Zunarinis.

1395 656 1720 708 MONUMDNTORUM

1921 809 2140 876 Snrrnneaa.

1648 916 1815 981 Kalendis.
1841 917 1930 981 Obiit
1954 918 2101 982 dominns
2122 918 2269 984 Ventura
2292 920 2332 984 de
2355 920 2464 1006 Imola‚

1586 1025 1770 1106 canonicus,
1799 1024 1900 1087 frater
1924 1033 2033 1089 noster
2055 1025 2286 1108 neonem,
2302 1027 2396 1092 XXI.
2418 1029 2465 1094 dio

1586 1132 1704 1195 mensis
1728 1133 1867 1216 augusti.
1891 1131 1935 1196 Et
1958 1132 2071 1196 eodem
2094 1153 2178 1198 anno
2200 1141 2232 1198 st
2249 1141 2392 1221 tempore
2409 1137 2465 1202 luit

1586 1239 1731 1304 Societas
1755 1241 1902 1304 alborum
1927 1241 1959 1304 in
1983 1248 2052 1304 tota
2075 1241 2197 1306 Ytalia.

1647 1348 1903 1414 MOCOLXVII.
1929 1348 2018 1414 Obiit
2041 1351 2093 1436 pie
2121 1372 2159 1414 ac
2183 1359 2293 1416 sancta
2317 1353 2462 1421 recorda·

1585 1455 1680 1520 tionis
1704 1456 1860 1538 Antiates,
1886 1462 1979 1542 pater
2002 1457 2034 1521 in
2060 1457 2188 1522 Christo
2218 1466 2250 1522 et
2273 1458 2403 1525 domino
2426 1461 2463 1526 D.

1583 1561 1719 1648 Egidius
1744 1563 1843 1648 digna
1867 1563 1929 1627 Dei
1955 1565 2060 1649 gratia
2084 1565 2271 1629 Sabinensis
2299 1567 2464 1654 episcopus

1584 1669 1765 1734 Cardinalis
1789 1691 1826 1734 ac
1842 1671 1990 1735 dominus
2006 1679 2038 1734 et
2054 1672 2142 1757 prior
2163 1675 2348 1738 monasterii
2365 1677 2464 1741 sancti

1583 1776 1720 1842 Ioannis
1744 1785 1776 1841 et
1800 1779 1902 1842 saneti
1931 1778 2085 1861 Victoris,
2102 1800 2160 1864 pro
2182 1802 2244 1865 quo
2268 1781 2384 1866 viginti
2407 1781 2464 1846 lX.

1582 1883 1736 1948 lectiones
1754 1907 1825 1948 curn
1842 1886 1940 1949 missa
1957 1885 2164 1972 solempniter
2181 1887 2392 1952 celebramus.
2409 1889 2463 1953 Vi·

1582 1994 1694 2056 vatin
1720 1993 1848 2057 Christo
1872 2015 2000 2078 gemma
2023 1994 2284 2060 sacerdotumlssl.

1645 2100 1689 2164 ll.
1715 2101 1804 2164 Obiit
1820 2100 1936 2164 Pasius
1953 2101 2115 2186 quondam
2131 2101 2331 2168 Bartolomei
2347 2103 2387 2168 de
2404 2104 2464 2168 Ar·

1583 2207 1652 2290 mis,
1669 2208 1723 2293 qui
1737 2208 1798 2271 luit
1810 2215 1902 2294 pater
1918 2209 2088 2294 presbiteri
2104 2209 2303 2274 Bartolomei
2321 2213 2465 2277 canonici

1582 2316 1699 2397 nostri,
1724 2337 1782 2401 pro
1815 2317 1905 2380 cuius
1934 2317 2042 2380 anima
2066 2316 2222 2402 ampliata
2245 2317 2306 2381 fuit
2329 2318 2464 2384 ecclesie

1581 2423 1714 2509 antiqua
1739 2425 1841 2486 sancti
1857 2423 2011 2506 Ioannis3
2028 2445 2106 2509 ergo
2131 2446 2189 2510 pro
2212 2425 2282 2510 ipso
2310 2425 2464 2492 orandam

1580 2538 1638 2594 est.
1657 2531 1753 2594 Anno
1777 2529 1910 2594 Domini
1932 2529 2238 2596 MOOOLXXXIX.
2256 2532 2345 2616 obiit,
2362 2540 2396 2596 et
2415 2556 2463 2598 ec·

1580 2637 1678 2702 elesia
1702 2639 1763 2702 luit
1788 2637 1943 2724 ampliata
1966 2659 2051 2702 anno
2074 2637 2206 2702 Domini
2229 2639 2403 2704 MODVII.

1643 2746 1688 2810 Il.
1714 2767 1814 2810 nonas
1839 2745 2041 2830 septembris.
2060 2745 2150 2810 Obiit
2166 2745 2381 2812 Ildebrandus
2399 2770 2466 2812 ma-

1580 2855 1672 2940 gistri
1696 2853 1866 2917 Onalfredi
1889 2852 1984 2935 filius,
2001 2852 2102 2916 frater
2125 2860 2244 2936 noster,
2262 2855 2317 2941 qui
2335 2855 2464 2941 reliquit

1579 2962 1672 3026 nobis
1696 2961 1799 3024 multa
1822 2961 1917 3024 bona.

1641 3070 1681 3135 V.
1707 3070 1778 3133 idus
1808 3069 1974 3134 MODXL.
2001 3069 2090 3134 Obiit
2118 3068 2266 3134 dominus
2291 3070 2463 3156 Georgius,

1579 3179 1778 3242 novariensis
1808 3176 1953 3240 Ecclesia
1987 3177 2170 3263 prepositus
2209 3198 2247 3241 ac
2287 3179 2465 3263 apostolice

1580 3286 1673 3350 Sedis
1697 3285 1946 3371 protonotarius,
1963 3285 2017 3370 qui
2041 3284 2173 3348 donavit
2197 3285 2332 3349 ecclesie
2348 3293 2383 3350 et
2400 3309 2464 3351 rno-

1580 3395 1721 3458 nasterio
1745 3394 1883 3457 florenos
1908 3392 1943 3458 O.

1642 3501 1764 3565 Idibus.
1779 3501 1869 3564 Obiit
1884 3500 2031 3564 dominus
2045 3500 2261 3564 Guizardinus
2277 3499 2392 3585 legum
2409 3501 2464 3566 do·

1580 3615 1659 3689 otor,
1675 3608 1776 3672 frater
1796 3615 1914 3689 noster,
1931 3609 2023 3692 cujus
2040 3607 2148 3670 anima
2165 3609 2254 3671 vivat
2269 3608 2301 3670 in
2321 3607 2462 3674 Ohristo.

1580 3715 1781 3780 MOOXXll.

1641 3822 1770 3886 XVIII.
1806 3822 1963 3886 kalendas
1998 3822 2148 3887 octobris.
2185 3821 2273 3886 Obiit
2313 3822 2465 3887 dominus

1580 3931 1779 3996 Octavianus
1796 3931 1835 3994 de
1852 3931 2035 4014 Ubaldinis,
2053 3933 2258 3996 bononiensis
2280 3933 2465 4019 episcopus.

1641 4039 1715 4103 XV.
1740 4039 1830 4104 Obiit
1850 4039 2005 4122 magister
2021 4039 2218 4104 Gnalfredus
2235 4039 2336 4103 frater
2352 4047 2466 4104 noster

1579 4146 1729 4229 exterior,
1755 4168 1812 4232 pro
1844 4167 1907 4232 quo
1938 4145 1997 4210 IX.
2029 4146 2184 4210 lectiones
2217 4147 2362 4232 agimus,
2389 4149 2466 4234 quia

1578 4253 1715 4317 multum
1739 4275 1796 4317 nos
1821 4253 1934 4317 dilexit
1959 4261 1991 4318 ct
2016 4253 2213 4318 adiutorium
2236 4254 2407 4340 impendit.

1639 4361 1699 4424 XI.
1725 4360 1815 4425 Obiit
1838 4361 1987 4424 dominns
2010 4360 2132 4424 Paulus
2157 4361 2319 4446 quondam
2339 4362 2467 4426 domini

1575 4465 1738 4550 Lazarini,
1763 4468 1873 4532 doctor
1897 4467 2109 4550 decretorum,
2135 4468 2257 4532 amicus
2282 4475 2406 4533 noster.

1639 4575 1697 4638 Vl.
1722 4575 1812 4640 Obiit
1843 4574 1998 4661 magister
2028 4574 2178 4639 Matheus
2203 4575 2242 4639 de
2266 4575 2466 4661 Rotomago,

1576 4683 1631 4769 qui
1653 4683 1783 4768 reliquit
1806 4683 1898 4748 nobis
1922 4683 1993 4746 XL.
2019 4682 2126 4746 soldos
2150 4682 2410 4748 bononenorum.

1638 4790 1678 4855 V.
1692 4790 1781 4855 Obiit
1796 4791 1920 4873 Victor,
1937 4791 2106 4876 episcopus
2129 4791 2275 4856 Bononia
2300 4791 2357 4875 qni
2382 4789 2468 4854 mul-

1576 4903 1643 4960 tum
1667 4897 1782 4961 dilexit
1805 4918 1873 4979 nos,
1890 4918 1948 4983 pro
1973 4918 2035 4982 quo
2058 4897 2119 4962 IX.
2136 4897 2290 4962 lectiones
2312 4898 2468 4963 facimus.

1637 5005 1701 5069 ΙΙΙ.
1727 5004 1816 5071 Obiit
1839 5004 1997 5091 dompnus
2021 5003 2164 5068 Iacobus
2187 5005 2332 5070 Medicus
2368 5027 2469 5070 cano-

1576 5113 1676 5195 nieus,
1701 5112 1802 5176 frater
1826 5118 1935 5176 noster
1957 5109 1996 5174 de
2019 5110 2211 5176 Bretenorio
2234 5110 2431 5177 MOOXIII.

1929 5216 2100 5282 Ocnosna.

1638 5325 1807 5389 Kalendis.
1823 5324 1912 5389 Obiit
1928 5325 2083 5410 magister
2098 5325 2295 5390 Rambertns
2312 5326 2355 5390 de
2374 5325 2469 5412 Agu-

1575 5432 1690 5519 glaria,
1715 5433 1817 5496 frater
1839 5438 1958 5496 noster.

1637 5541 1677 5604 V.
1702 5540 1791 5605 Obiit
1814 5547 1918 5603 mater
1937 5546 2047 5605 nostra
2063 5540 2194 5604 domina
2211 5539 2388 5624 Gregoria,
2408 5561 2468 5605 ne·

1574 5649 1638 5735 ptis
1662 5647 1856 5712 venerabilis
1872 5648 1934 5711 viri
1962 5647 2083 5712 domini
2106 5648 2222 5734 prioris
2245 5647 2412 5712 Altichini
2437 5655 2471 5712 et

1574 5762 1679 5820 mater
1702 5754 1811 5819 fratris
1827 5753 1923 5818 Pauli
1943 5755 2044 5818 nostri
2067 5761 2100 5818 et
2120 5775 2202 5818 uxor
2216 5754 2339 5819 domini
2358 5754 2470 5819 Fran·

1574 5864 1650 5928 cisci
1674 5863 1713 5927 dc
1739 5862 1861 5948 Cuspis,
1886 5883 1903 5925 a
1928 5883 1992 5947 qua
2015 5862 2117 5926 multa
2140 5861 2226 5927 bona
2249 5862 2391 5926 servitia
2416 5885 2468 5926 re·

1574 5971 1727 6058 cepimus.
1754 5970 1890 6034 Oramus
1914 5991 1972 6056 pro
1997 5991 2046 6034 ec.
2070 5969 2315 6034 dcccxxix.

1634 6078 1693 6143 VI.
1711 6078 1801 6142 Obiit
1823 6077 2002 6141 Bonatolus
2021 6078 2060 6141 de
2078 6077 2196 6160 Flesio,
2213 6085 2306 6163 pater
2321 6078 2469 6143 Franci-

1572 6185 1618 6250 soi
1647 6185 1704 6270 qui
1731 6185 1859 6270 scripsit
1881 6184 1967 6248 hunc
1995 6184 2150 6248 libellum.
2173 6184 2414 6250 MOCOXVII.
2428 6187 2470 6250 (4)

1652 6451 1691 6515 (Β)
1711 6449 1755 6502 Sic
1773 6451 1801 6501 in
1814 6449 1992 6518 Necrologio;
2005 6450 2053 6502 sed
2066 6449 2176 6518 Aagidii
2187 6449 2278 6502 obitus
2291 6451 2470 6522 consignan-

1571 6540 1620 6592 dus
1640 6545 1681 6591 cst
1701 6541 1735 6591 ad
1755 6538 1804 6590 IX.
1823 6539 1956 6590 kalendas
1975 6539 2146 6608 septembris.

1650 6630 1689 6694 (4)
1709 6629 1773 6679 Alia
1793 6645 1876 6680 manu
1895 6628 2002 6680 additus
2022 6633 2178 6694 catenans,
2197 6629 2312 6698 antiqua
2343 6633 2459 6684 tamen.
