5544 7750
646 639 721 710 300

690 817 712 883 J
715 835 847 882 oannes
859 817 1006 882 Annene
1019 816 1131 881 doctor
1147 816 1285 881 eximius
1302 817 1524 900 Decretorum,

641 925 702 990 luit
725 924 900 1012 dampnato
924 925 1076 1009 conjugio
1101 931 1206 987 natus.
1224 923 1298 1010 Ipse
1315 923 1416 988 ferme
1432 929 1525 1010 patre

641 1033 775 1098 Andrea
798 1031 983 1114 sacerdote,
1008 1037 1111 1096 matre
1135 1052 1212 1096 vero
1244 1031 1383 1116 alpicols
1414 1031 1524 1116 ignote

640 1141 758 1227 stirpis,
776 1140 864 1204 venit
886 1139 926 1203 ad
949 1140 1064 1203 lucem.
1089 1137 1131 1202 Et
1156 1138 1188 1204 bi
1213 1138 1307 1202 ambo
1324 1145 1474 1224 parentes
1491 1137 1523 1202 in

640 1249 712 1312 sinu
734 1248 867 1334 Alpium
891 1247 1037 1332 Mugelli,
1054 1247 1156 1311 altero
1180 1254 1213 1312 et
1237 1246 1392 1331 vigesimo
1417 1244 1524 1331 lapide

640 1356 780 1420 distante
804 1356 846 1419 ob
870 1356 949 1419 urbe
972 1355 1151 1437 Florentia,
1168 1354 1236 1418 nati
1260 1361 1344 1417 suut.
1369 1352 1433 1417 Hic
1456 1352 1523 1416 An·

639 1463 727 1545 drea,
745 1471 836 1548 patre
853 1463 1020 1526 literarum
1037 1462 1197 1525 elementa
1214 1460 1359 1542 docente,
1376 1459 1524 1524 celeriter

639 1570 752 1634 didicit
775 1569 949 1656 primitiae.
966 1569 1046 1633 Inde
1064 1591 1098 1632 so
1115 1568 1296 1632 Bononiam
1317 1567 1452 1631 contulit
1467 1589 1522 1653 pe-

640 1679 798 1764 dagogus,
823 1679 878 1742 ubi
901 1678 1053 1742 liberales
1077 1685 1162 1741 artes
1188 1677 1327 1740 mirabili
1357 1676 1522 1740 celeritate

637 1787 759 1852 didicit.
786 1787 931 1872 Cumque
955 1787 987 1850 in
1019 1793 1110 1849 tauta
1143 1791 1301 1848 cresceret
1335 1785 1521 1866 honestate,

639 1903 761 1981 quanta
785 1895 946 1958 sufficeret
969 1893 1090 1958 homiui
1112 1893 1274 1978 religIoso,
1291 1893 1426 1955 venitin
1448 1913 1522 1976 gra·

637 2004 716 2067 tiam
741 2003 802 2066 viri
827 2001 943 2066 nobilis
975 1999 1139 2086 Bayualdi
1163 2000 1202 2064 de
1226 1999 1416 2080 Ubeldiois,
1440 1999 1522 2062 adeo

638 2111 724 2197 quod
748 2113 819 2194 ejus
843 2111 944 2174 lilium
969 2109 1139 2194 Scarpetta
1162 2107 1289 2172 nomine
1313 2107 1373 2170 sub
1394 2106 1521 2171 Joanne

637 2219 796 2284 directore
821 2219 859 2282 ad
891 2220 940 2283 ins
964 2219 1154 2283 canonicum
1177 2215 1358 2280 Bononiam
1382 2214 1522 2277 destina·

636 2329 692 2392 vit.
718 2328 792 2414 Ipse
825 2335 932 2392 autem
957 2327 1101 2392 Joounes
1129 2325 1174 2387 ita
1205 2322 1343 2408 profecit
1372 2320 1457 2407 qnod
1489 2321 1521 2384 in

635 2456 737 2522 parvo
755 2443 899 2520 tempore
917 2433 1177 2520 quammaximus
1194 2431 1306 2494 doctor
1321 2429 1462 2511 habitus,
1480 2427 1520 2490 ad

638 2545 859 2628 lectoremque
882 2549 1064 2628 provectus,
1082 2538 1212 2624 ingenia
1229 2545 1416 2602 cunctorum
1432 2543 1520 2600 vete·

635 2673 707 2715 rum
731 2650 916 2737 superabat.
940 2648 1066 2712 Dilexit
1096 2647 1176 2710 adeo
1211 2645 1297 2709 dicta
1327 2642 1521 2727 Hieronymi

636 2759 722 2844 quod
745 2781 870 2823 summa
894 2757 1063 2841 diligentia
1087 2775 1144 2841 per
1165 2752 1339 2838 discipulos
1356 2752 1520 2814 variarum

635 2869 815 2952 regionum,
833 2887 912 2952 quos
937 2867 1004 2950 ipse
1029 2863 1192 2942 docuerat,
1210 2861 1302 2946 quasi
1327 2860 1397 2943 ejus
1421 2878 1521 2946 opera

636 2975 858 3060 congregavit.
883 2974 925 3038 Et
949 2974 1017 3058 ipse
1042 2971 1183 3056 eleganti
1200 2969 1274 3032 stilo
1290 2968 1436 3032 libellum
1453 2967 1519 3031 edi-

637 3083 683 3146 dit
715 3083 754 3147 de
783 3083 850 3146 vita
881 3080 1083 3165 Hieronymi.
1109 3077 1175 3142 Sub
1209 3077 1355 3162 ejusdem
1390 3075 1518 3138 nomiae

635 3190 712 3254 lecit
735 3189 977 3254 devotissimum
990 3187 1029 3250 (ll
1042 3185 1184 3250 construi
1204 3184 1292 3248 baud
1313 3184 1409 3268 longe
1434 3204 1452 3246 a
1476 3183 1518 3246 ci·

634 3299 734 3362 vitate
767 3297 923 3361 Bononie.
949 3295 991 3359 Et
1026 3295 1101 3358 dum
1130 3293 1260 3377 juvenis
1293 3299 1398 3372 esset,
1423 3312 1520 3376 super

633 3405 693 3469 VI.
710 3405 871 3469 Bonilacii
896 3404 1075 3468 ordinarias
1092 3403 1216 3486 glossas
1237 3399 1323 3464 feeit.
1342 3399 1406 3463 Sed
1422 3420 1519 3484 super

634 3513 808 3576 Clementis
843 3514 887 3576 ita
911 3511 1108 3598 perpingues
1140 3509 1266 3594 glossas
1290 3507 1407 3588 edidit,
1432 3505 1517 3591 quod

633 3619 803 3684 universus
827 3620 913 3684 orbis
938 3617 1031 3705 quasi
1054 3616 1216 3702 quoddam
1238 3613 1382 3680 veritatis
1404 3633 1517 3676 oracu-

631 3729 700 3792 lum
723 3749 848 3792 summa
871 3749 944 3791 cum
967 3725 1177 3789 veneratione
1201 3723 1370 3809 suscipiat;
1388 3729 1419 3784 et
1442 3741 1516 3784 cum

629 3840 699 3924 jam
721 3838 842 3900 lecture
867 3835 1035 3900 Canonum
1058 3853 1117 3918 per
1139 3831 1180 3896 V.
1198 3853 1299 3894 arrnos
1324 3831 1393 3894 sine
1418 3831 1515 3894 inter·

632 3945 783 4010 missione
807 3949 966 4025 vacasset,
984 3940 1162 4028 publicavit
1182 3938 1261 4004 illud
1285 3939 1410 4023 insigne
1435 3959 1515 4023 opus

631 4075 728 4140 super
752 4050 978 4116 Decretalibus
996 4048 1214 4133 compilatum,
1232 4048 1323 4131 cujus
1340 4046 1451 4109 titulus
1468 4052 1517 4108 cst

630 4159 773 4242 Novello,
790 4159 824 4222 in
848 4179 911 4244 quo
935 4156 1064 4242 quidem
1088 4175 1289 4240 quacumque
1313 4153 1407 4217 litera
1427 4159 1515 4216 vete-

632 4291 683 4333 res
704 4269 910 4353 scripserant,
928 4273 1049 4346 oruotc,
1066 4263 1228 4327 subtiliter
1249 4270 1345 4347 atque
1369 4261 1515 4326 ordinate

632 4376 776 4461 digessit.
801 4374 843 4437 Et
867 4374 899 4436 iu
924 4373 1182 4458 supplementum
1207 4371 1402 4454 glossarum,
1423 4391 1513 4454 quas,

631 4490 667 4547 ut
683 4483 761 4564 dixi,
772 4480 901 4566 juvenis
919 4480 1063 4543 ediderat
1076 4499 1173 4563 super
1188 4477 1264 4559 VL,
1281 4478 1435 4562 scriptum
1452 4478 1514 4540 uti·

632 4591 791 4654 lissimum
808 4589 893 4652 lecit.
911 4587 1074 4671 Adjunxit
1090 4586 1187 4649 etiam
1205 4585 1332 4669 Speculo
1349 4584 1515 4648 Guilielmi

632 4698 789 4763 Durani-is
824 4717 863 4760 ca
898 4716 960 4781 que
993 4715 1073 4780 opus
1108 4693 1330 4779 imperfectum
1360 4692 1514 4778 perlicere

632 4807 829 4872 viderentur.
855 4802 937 4867 Cum
960 4802 1091 4866 taudem
1115 4807 1296 4864 verteretur
1325 4801 1359 4863 in
1389 4799 1514 4862 senium

632 4935 697 4978 non
721 4918 845 4976 mutato
861 4910 985 4992 habitu,
1003 4930 1043 4973 ne
1061 4909 1206 4994 ypocrita
1223 4907 1396 4989 videretur,
1413 4928 1514 4993 quan-

631 5029 700 5086 tum
724 5020 786 5084 eibi
809 5019 954 5082 restabat
981 5016 1136 5102 temporis
1160 5015 1356 5102 rigidissima
1379 5016 1514 5079 austeri-

630 5137 697 5194 tate
721 5127 888 5211 transegit.
913 5125 944 5190 A
968 5125 1150 5188 domesticis
1180 5125 1309 5212 quidem
1340 5131 1413 5211 post
1445 5125 1515 5210 ejus

631 5237 754 5301 obitum
778 5233 993 5299 referentibus
1017 5239 1216 5320 compertum
1240 5241 1289 5296 est
1308 5233 1394 5296 bunc
1410 5234 1516 5297 virum

630 5345 716 5409 cirea
739 5343 815 5407 XX.
842 5341 935 5406 annis
959 5361 1023 5404 nou
1044 5341 1186 5425 jacuisse
1210 5341 1242 5404 in
1266 5340 1368 5422 lectis,
1385 5341 1441 5404 sed
1460 5363 1515 5404 ve·

630 5454 741 5516 stitom
764 5452 874 5514 ursina
897 5449 982 5535 pelle
1007 5448 1195 5512 brevissime
1219 5448 1423 5530 dormivisse,
1440 5449 1514 5513 reli·

629 5583 728 5645 quum
744 5567 871 5645 tempus
888 5557 1088 5622 orationibus
1102 5557 1303 5642 expendisse,
1318 5565 1350 5620 et
1362 5579 1419 5643 per
1429 5557 1513 5641 jeju·

628 5669 683 5732 nia
708 5673 740 5731 et
764 5665 1051 5751 contemplationes
1075 5664 1209 5728 celestes
1229 5665 1389 5750 sprevisse
1405 5665 1513 5729 omnia

627 5797 714 5839 vana
745 5775 866 5838 mnudi.
896 5773 1021 5837 Claruit
1051 5772 1195 5837 Joanues
1222 5780 1330 5836 noster
1361 5773 1512 5858 tempori·

627 5881 688 5948 bus
709 5882 911 5946 diversorum
933 5879 1125 5966 principum.
1149 5879 1233 5942 Nam
1256 5881 1360 5965 primo
1384 5880 1511 5944 celebre

627 6011 744 6054 nomen
769 5990 839 6073 ejus
862 5989 1042 6073 imperante
1070 5985 1213 6050 Henrico
1241 6009 1299 6072 per
1330 5987 1511 6051 Bononiam

627 6096 778 6162 diffusum
804 6103 862 6161 est.
892 6095 955 6169 Qui
987 6094 1160 6178 Henricus,
1186 6117 1258 6159 cum
1290 6116 1374 6158 anuo
1406 6096 1510 6182 gratie

708 6367 747 6430 (ι)
767 6365 819 6416 sa.

1398 661 1723 714 Monuuunuoltuue

1588 814 1802 880 MCCCXIII.
1816 816 1957 902 iusignia
1972 817 2075 882 Rome
2092 819 2273 906 imperialia
2289 821 2470 907 recepisset,

1589 931 1662 1008 post
1686 944 1824 1008 paucum
1848 924 1934 1009 apud
1950 925 2173 990 Beneventum
2190 927 2223 991 in
2239 947 2318 1012 agro
2339 927 2471 994 Senensi

1590 1029 1751 1094 extinctus
1776 1037 1835 1094 est.
1861 1031 1925 1096 Sed
1948 1039 2025 1096 tunc
2041 1041 2111 1097 eret
2127 1034 2340 1100 clarissimum
2356 1058 2470 1102 nomen

1589 1138 1659 1222 ejus
1677 1159 1749 1202 oum
1764 1137 1957 1221 Lodovieus,
1975 1139 2043 1203 dux
2058 1140 2209 1224 Bavarle,
2226 1143 2356 1208 invasor
2372 1145 2469 1232 impe·

1587 1245 1637 1328 rii,
1658 1267 1708 1309 res
1734 1247 1862 1310 ltalicas
1886 1247 2049 1312 turbabat.
2073 1247 2219 1314 Bononia
2243 1252 2379 1338 spiravit
2401 1261 2470 1318 tan-

1588 1351 1661 1416 dem
1685 1373 1770 1416 anno
1790 1354 1894 1438 gratie
1911 1353 2187 1439 MCCCXLVII.,
2204 1358 2269 1422 vite
2291 1367 2399 1423 sutem
2414 1381 2469 1426 sue

1587 1479 1672 1524 auno
1699 1509 1940 1526 ........
1958 1470 1991 1526 et
2007 1463 2091 1549 apud
2109 1465 2279 1528 ecclesiam
2294 1466 2381 1530 beati
2404 1466 2469 1534 Do·

1586 1567 1695 1631 minici
1719 1567 1752 1631 in
1775 1575 1963 1654 sumptuoso
1987 1571 2135 1656 sepulcro
2159 1572 2292 1658 positus.

1637 1675 1775 1740 Perseus
1791 1695 1836 1739 ns
1852 1675 1987 1760 Vmbro,
2001 1679 2108 1764 patria
2128 1699 2305 1766 capuanus,
2320 1681 2469 1766 abjectis·

1587 1781 1667 1846 simo
1687 1789 1720 1846 et
1735 1783 1846 1868 ignoto
1861 1792 1964 1870 patre,
1982 1792 2148 1872 matreque
2165 1788 2255 1850 tenui
2270 1789 2469 1873 muliercula,

1586 1911 1659 1954 cum
1682 1898 1754 1976 post
1785 1891 1904 1955 multas
1936 1894 2103 1977 angustias
2142 1895 2298 1960 evasisset
2332 1895 2470 1962 dictator

1586 2018 1734 2082 magnus,
1760 2019 1961 2085 magnusque
1985 1999 2083 2063 etiam
2107 1999 2139 2064 in
2162 2001 2232 2066 inre
2256 2004 2410 2070 canonico
2438 2013 2470 2069 et

1586 2104 1690 2186 civili,
1715 2104 1786 2168 Deo
1809 2105 1949 2188 volente,
1973 2107 2104 2171 taudem
2125 2109 2214 2174 veuit
2237 2109 2278 2174 ad
2303 2111 2470 2197 imperiale

1584 2211 1743 2297 palatium
1762 2211 1910 2276 Federioi
1927 2212 1972 2276 Il.
1990 2213 2117 2279 Cesaris
2133 2215 2264 2300 iugenio
2281 2220 2421 2282 naturali
2438 2227 2471 2284 et

1585 2317 1715 2383 fortuna
1735 2319 1825 2384 dives
1851 2321 2045 2406 augustique
2062 2323 2294 2408 Cancellsrius,
2311 2325 2470 2390 Consilia·

1584 2425 1661 2508 rius,
1678 2435 1710 2490 et
1726 2449 1785 2513 pro
1801 2428 1924 2492 cunctis
1941 2429 2083 2493 omniurn
2099 2451 2290 2495 arcanorum
2312 2435 2470 2500 conscius.

1583 2531 1724 2619 Reperio
1741 2535 1837 2616 enim,
1855 2535 1941 2621 quod
1956 2535 1988 2599 ln
2007 2536 2213 2622 neapolitano
2229 2539 2350 2624 palatio
2372 2541 2472 2606 luerit

1584 2639 1759 2726 imperator
1782 2641 1943 2726 effigiatus
1967 2641 2000 2706 iu
2023 2643 2104 2708 solio
2128 2653 2161 2708 et
2183 2644 2300 2710 Petrus
2324 2647 2357 2712 in
2381 2649 2469 2714 sede.

1583 2746 1728 2834 Populus
1753 2755 1861 2812 autem
1877 2749 2010 2836 petebat
2022 2751 2183 2835 justitiam
2199 2754 2259 2816 sub
2275 2754 2325 2818 his
2341 2756 2469 2822 verbis:

1663 2871 1748 2924 Cesar
1766 2889 1842 2924 amor
1861 2890 1955 2941 regum
1975 2873 2105 2926 Federice
2125 2875 2246 2944 piissime
2265 2895 2359 2946 regum

1663 2961 1815 3014 Causarum
1834 2963 1903 3014 telas
1923 2969 2030 3016 nostras
2048 2965 2154 3017 resolve
2174 2967 2310 3033 querelas.

1585 3071 1767 3158 Imperator
1789 3070 1961 3136 videbatur
1983 3074 2093 3138 taliter
2115 3075 2329 3160 respondere:

1664 3195 1716 3247 Pro
1736 3199 1827 3247 vestra
1846 3197 1894 3247 tlte
1914 3195 2062 3249 Censorem
2080 3197 2136 3250 litis
2156 3199 2229 3251 adite

1662 3285 1715 3336 Hic
1732 3287 1796 3352 jura
1815 3285 1890 3338 dabit
1909 3287 1952 3338 vel
1971 3303 2021 3354 per
2040 3303 2083 3339 mo
2103 3287 2194 3339 danda
2213 3289 2325 3357 negabit

1664 3374 1753 3427 Vinea
1771 3391 1923 3444 cognomen
1942 3375 2040 3428 Petrus
2057 3377 2145 3444 judex
2165 3381 2207 3430 est
2225 3379 2277 3430 sibi
2296 3396 2406 3434 nomen.

1645 3484 1709 3548 Sed
1733 3483 1826 3548 vafra
1849 3485 1994 3570 operatio
2017 3486 2197 3570 curialium,
2215 3509 2272 3552 sue
2292 3490 2397 3575 glorie
2422 3499 2472 3556 at·

1581 3614 1642 3678 que
1666 3592 1809 3678 potentie
1834 3592 2056 3676 invidentium,
2074 3595 2119 3658 ita
2138 3615 2211 3659 eum
2240 3617 2377 3662 exosum
2400 3600 2473 3664 Au·

1579 3711 1675 3790 gusto
1699 3703 1775 3768 lecit
1799 3704 1858 3768 sub
1881 3704 1975 3768 titulo
1998 3704 2190 3790 proditionis
2213 3706 2390 3774 dissidente
2406 3711 2471 3774 Fe·

1580 3812 1688 3877 derico
1712 3833 1784 3876 oum
1808 3810 1911 3898 Papa,
1929 3819 1964 3876 ut
1980 3814 2022 3878 ab
2046 3835 2084 3878 eo
2107 3814 2264 3880 Cremona
2290 3865 2471 3884 ......

1579 3920 1750 3984 tenebroso
1783 3921 1947 4004 ergastulo
1979 3922 2194 4006 clauderetur,
2218 3930 2472 4012 portareturque

1580 4029 1695 4092 deinde
1719 4029 1823 4112 Pisas,
1848 4049 1911 4112 quo
1936 4029 2118 4115 Imperator
2141 4032 2362 4116 gradiebatur,
2384 4035 2472 4118 jam·

1580 4157 1642 4221 que
1666 4138 1807 4200 venisset
1830 4136 1871 4200 ad
1899 4137 2003 4200 sancti
2035 4137 2179 4203 Ministis
2210 4147 2352 4204 castrum
2385 4143 2472 4208 adeo

1579 4243 1751 4330 impatiens
1774 4244 1879 4308 lactus
1902 4250 1952 4308 est
1976 4244 2071 4329 quod,
2089 4244 2192 4311 fracto
2212 4247 2253 4310 ad
2269 4269 2400 4312 murum
2418 4271 2473 4314 ca·

1578 4352 1655 4438 pite,
1673 4351 1823 4415 miseram
1842 4351 1944 4414 vitam
1960 4350 2100 4436 liquerit.
2117 4352 2190 4434 Vel,
2207 4359 2242 4416 ut
2258 4354 2330 4418 aliis
2347 4356 2471 4442 placet,

1579 4480 1652 4522 cum
1675 4465 1759 4522 esset
1783 4457 1894 4544 Capne
1918 4465 2105 4524 transeunte
2127 4461 2275 4546 Augusto
2292 4485 2386 4528 secus
2403 4465 2473 4528 Pa-

1577 4566 1692 4630 latium
1709 4614 1847 4631 ......
1873 4567 2079 4652 precipitavit
2101 4569 2133 4632 in
2158 4569 2261 4652 viam,
2286 4575 2472 4657 composito

1578 4674 1667 4760 prius
1680 4673 1790 4738 libello
1807 4674 2033 4757 consolatorio,
2047 4675 2139 4758 eujus
2156 4683 2231 4741 sunt
2247 4677 2353 4742 initia:
2367 4682 2473 4764 Aperi

1578 4781 1659 4846 lobio
1686 4802 1754 4846 mea
1777 4780 1969 4864 Detracta,
1993 4782 2158 4868 voluitque
2187 4805 2284 4870 super
2314 4787 2472 4874 sepulcro

1578 4889 1700 4975 sculpi:

1695 5013 1747 5066 Hic
1766 5013 1837 5066 redit
1855 5013 1884 5064 ln
1904 5013 2029 5080 nihilum,
2048 5016 2095 5083 qui
2114 5015 2167 5068 run
2186 5021 2249 5070 ante
2269 5018 2346 5070 nihil.

1973 5263 2071 5329 XIII.

1644 5458 1690 5524 CI.
1706 5459 1861 5524 Futtorini
1876 5481 1937 5523 non
1951 5482 2053 5546 pauco
2069 5483 2106 5526 ee
2120 5463 2264 5528 chronica
2276 5465 2393 5548 fratris
2412 5466 2474 5530 So·

1576 5567 1707 5632 linrbene
1729 5589 1766 5632 esc
1791 5567 1864 5632 Cod.
1888 5567 1958 5632 bibl.
1986 5568 2151 5654 Comitum,
2177 5571 2308 5657 Borrine,
2332 5573 2391 5637 sab
2416 5576 2475 5642 boc

1576 5696 1705 5739 aremare
1721 5678 1753 5738 in
1771 5675 1867 5740 lucem
1877 5677 2005 5760 prodiit,
2019 5699 2097 5762 qaae
2112 5679 2146 5741 in
2160 5677 2319 5744 Chronica
2334 5680 2392 5746 Fr.
2409 5683 2473 5746 Sa·

1575 5781 1715 5846 limbene
1738 5783 1934 5866 Parmensis,
1953 5782 2096 5866 Parmoe,
2113 5806 2150 5849 ec
2164 5785 2217 5868 off.
2235 5785 2321 5852 Petri
2335 5787 2472 5854 Flacca-

1573 5891 1660 5974 dori,
1684 5911 1767 5954 anno
1791 5889 2058 5954 MDCCCLVII.
2081 5895 2164 5956 inter
2196 5893 2281 5958 Mon.
2306 5893 2397 5961 Hist.
2426 5897 2471 5962 ad

1573 5996 1762 6062 Provincias
1778 5997 1988 6062 Parmensem
2004 6005 2036 6062 et
2051 5998 2276 6064 Placentinam
2296 6003 2471 6087 pertinen·

1574 6105 1620 6169 tia
1644 6127 1728 6169 nunc
1751 6105 1831 6170 edita
1855 6106 1985 6170 secreta).

707 6457 745 6522 (2)
766 6454 822 6507 cn.
849 6455 913 6506 ιιιι.
936 6471 1000 6524 pag.
1031 6457 1073 6520 25,
1100 6457 1142 6520 25,
1170 6455 1212 6520 ιι,
1234 6458 1275 6519 ιι,
1297 6457 1339 6519 ιι,
1359 6457 1401 6520 ιι,
1422 6457 1465 6521 ιι,
1485 6458 1528 6521 ιι,
1548 6461 1590 6524 ιι,
1611 6461 1654 6525 ιι,
1674 6461 1716 6524 ιι,
1737 6461 1779 6524 ιι,
1799 6463 1842 6525 ιο,
1863 6461 1923 6526 ιιι,
1943 6462 2004 6525 ιιι,
2023 6462 2066 6524 5ο,
2085 6461 2129 6527 ιι,
2148 6462 2192 6526 ιι,
2216 6463 2259 6527 ιι,
2285 6464 2329 6528 ιι,
2348 6465 2396 6530 59,
2423 6467 2470 6530 ιι,

626 6547 670 6612 ιι,
691 6549 751 6612 ιιι,
772 6548 832 6610 ιιι,
848 6549 908 6612 ιιι,
924 6547 984 6610 ιιι,
999 6549 1058 6610 ιιι,
1073 6548 1132 6611 ιιι,
1149 6547 1208 6610 ιιι,
1224 6547 1283 6611 ιιι,
1298 6548 1358 6610 ιιι,
1373 6547 1432 6609 ιιι,
1451 6548 1510 6596 ιιι.
