5484 7746
612 572 687 644 208
1401 591 1641 642 uoruusnrn

610 746 806 828 Homoboni,
828 747 910 830 juris
934 747 1066 833 peritus,
1091 753 1123 810 et
1146 746 1295 810 dominus
1317 746 1484 812 Johannes
1508 747 1547 812 de
1572 747 1689 834 (lapte,
1711 747 1794 831 juris
1817 748 1949 834 peritus,
1974 746 2059 832 quod
2082 753 2231 832 poteraut
2253 747 2323 812 fieri
2347 748 2425 833 legi·

610 854 709 939 ptime
741 853 848 917 omnia
872 861 904 918 et
927 854 1057 938 singula
1080 875 1141 940 que
1166 852 1198 918 in
1222 854 1388 939 questione
1411 854 1546 940 predicti
1571 853 1691 918 domini
1720 853 1895 919 Rolandini
1926 854 2091 941 proposita
2121 853 2268 936 fuerunt,
2293 862 2326 918 et
2353 877 2425 920 eum

610 960 896 1043 concordaverunt,
912 961 981 1024 sine
998 961 1107 1046 aliqua
1123 961 1385 1044 contradictione,
1402 961 1557 1048 predicta,
1574 962 1660 1026 facta
1675 983 1733 1048 per
1749 961 1912 1027 dominum
1929 962 2077 1026 comitem
2093 969 2125 1025 et
2141 961 2246 1047 ipsum
2262 962 2424 1027 dominum

609 1067 838 1151 Rolandinum,
855 1068 944 1150 fiant,
962 1069 1115 1132 valebunt
1134 1075 1166 1132 et
1190 1069 1345 1132 tenebunt
1368 1069 1463 1154 pleno
1484 1069 1568 1153 jure.
1585 1068 1654 1132 Alii
1676 1091 1786 1133 omncs
1811 1069 1895 1133 idem
1918 1069 2070 1133 dixerunt
2093 1075 2125 1132 et
2141 1070 2379 1152 consuluerunt,
2397 1071 2423 1134 si

610 1181 736 1238 constat
758 1175 929 1261 privilegia
953 1177 999 1240 ita
1022 1197 1103 1240 csse.

698 1282 856 1347 Dominus
879 1283 952 1347 Pax
974 1283 1013 1347 dc
1030 1283 1180 1365 Paoibus,
1197 1284 1306 1369 legum
1322 1283 1444 1365 doctor,
1461 1283 1608 1348 dominus
1624 1284 1830 1350 Guillielmus
1846 1285 1885 1350 de
1902 1284 2159 1366 Rumbodeuino,
2176 1285 2284 1370 legum
2301 1284 2420 1368 doctor,

608 1397 640 1454 et
664 1389 811 1454 dominus
834 1389 988 1455 Nicolaus
1012 1390 1051 1454 de
1077 1390 1284 1472 Soldaderiis,
1309 1400 1414 1456 rector
1438 1391 1521 1456 dicte
1547 1392 1724 1456 Sotictatis.

696 1497 768 1582 Ego
792 1497 928 1584 Egidius
951 1498 1183 1583 Bartholomey
1208 1497 1298 1562 Gillii
1318 1497 1357 1563 de
1374 1499 1554 1584 Argellata,
1572 1499 1731 1585 imperiali
1748 1499 1938 1564 auctoritate
1960 1500 2115 1582 notarius,
2131 1507 2164 1563 et
2180 1521 2264 1563 nune
2281 1499 2423 1562 notarius

608 1603 692 1668 dieta
717 1605 882 1671 Sotietatis
906 1605 1107 1671 dominorum
1130 1606 1317 1688 Doctorum,
1335 1605 1575 1671 Advocatorum
1600 1614 1631 1670 et
1650 1607 1802 1671 Judioum
1823 1607 1962 1671 civitatis
1982 1607 2137 1688 Bononie,
2154 1605 2306 1693 predictis
2323 1607 2422 1671 omui·

609 1711 668 1774 bus
693 1713 824 1778 interfui
847 1721 879 1778 et
902 1713 1025 1799 scripsi,
1051 1713 1235 1798 subscripsi.

1497 2032 1538 2098 V.

1333 2286 1429 2368 1297,
1453 2285 1496 2348 26
1518 2285 1700 2370 sepiterndria.

1127 2539 1179 2602 Ex
1202 2539 1315 2602 eodem
1339 2537 1479 2623 Replrtro
1505 2537 1628 2619 Groaao,
1652 2537 1706 2600 lib.
1732 2536 1796 2620 11.‚
1821 2559 1847 2602 c.
1875 2539 1903 2600 l.

696 2787 769 2851 Hoc
792 2795 841 2852 est
869 2789 1053 2875 exemplum
1084 2790 1251 2874 eujusdam
1283 2789 1467 2852 testamenti
1499 2810 1570 2851 oum
1601 2789 1652 2852 die
1685 2795 1717 2852 ct
1746 2788 1875 2852 consulo
1908 2788 1954 2852 sic
1984 2788 2184 2874 incipientis,
2210 2789 2303 2872 cujus
2331 2795 2421 2852 tenor

607 2893 682 2958 talis
706 2901 772 2958 est:

695 3002 734 3065 In
759 3003 886 3066 nomine
917 3003 1066 3086 Domini,
1091 3025 1195 3068 amen.
1220 3005 1315 3068 Anno
1348 3025 1367 3067 a
1397 3003 1565 3066 nativitate
1597 3004 1728 3067 Domini
1758 3003 1927 3067 millesimo
1960 3003 2178 3067 ducentesimo
2211 3004 2419 3088 nonagesimo

606 3109 752 3195 septimo,
770 3109 943 3174 indictione
967 3111 1145 3194 undecima,
1168 3111 1344 3177 secundum
1364 3132 1493 3175 cursum
1509 3111 1648 3174 civitatis
1665 3109 1882 3193 Cummarum,
1899 3110 1950 3174 die
1968 3110 2217 3196 vigesimosexto
2235 3111 2352 3174 mensis
2372 3132 2420 3174 se·

605 3217 770 3302 ptembris.
795 3217 956 3292 Quoniam
979 3240 1098 3283 umana
1122 3219 1317 3304 fragilitatis,
1336 3219 1446 3282 mortis
1465 3219 1616 3304 precipue
1641 3219 1835 3302 cogitatione
1859 3218 1999 3298 turbata,
2016 3217 2135 3302 nequid
2156 3239 2206 3280 res
2223 3217 2351 3297 arduas,
2369 3239 2419 3280 res

607 3323 762 3409 plurimas
780 3333 865 3390 recte
882 3326 1063 3390 discerncre
1081 3349 1138 3390 uec
1159 3328 1338 3413 disponere,
1356 3327 1518 3412 sapienter
1534 3325 1695 3412 provideri
1708 3327 1757 3408 (¹),
1775 3325 1891 3388 accidit
1907 3325 1983 3388 dum
2000 3325 2157 3410 quispiam
2175 3347 2293 3410 genere
2316 3324 2419 3388 clarus

539 3487 543 3496 .
600 3439 632 3495 et
656 3433 797 3496 moribus
822 3433 861 3497 de
885 3435 946 3499 hae
969 3434 1036 3498 vita
1060 3435 1179 3498 labitur
1203 3435 1391 3516 intestatus,
1417 3434 1552 3518 ideoque
1577 3455 1634 3496 nos
1658 3433 1866 3496 Bartholotus
1891 3431 1930 3495 de
1954 3431 2128 3496 Venerosis
2152 3433 2192 3496 de
2216 3432 2303 3518 Ripa
2326 3432 2417 3517 ysule

602 3538 733 3604 Suzarie
757 3549 789 3605 et
812 3541 953 3606 Bardine
982 3550 1014 3606 ct
1037 3551 1150 3628 quarte
1174 3543 1275 3628 partis
1299 3541 1438 3606 civitatis
1461 3541 1600 3623 Verona,
1619 3562 1724 3604 comes
1748 3541 1912 3626 palatinus
1936 3540 1968 3603 in
1990 3539 2199 3622 Lumbardie,
2216 3539 2301 3602 filius
2319 3559 2420 3624 quon·

600 3646 676 3710 darn
706 3648 826 3712 domini
856 3649 947 3714 Petri
976 3649 1151 3732 Venerosi,
1176 3650 1300 3715 comitis
1331 3649 1466 3736 palatini
1497 3648 1537 3712 de
1568 3649 1653 3734 Ripa
1684 3648 1787 3712 insule
1820 3647 1975 3728 Suzaria,
2008 3668 2144 3733 quorum
2176 3647 2418 3732 predecessores

600 3753 666 3816 diri
690 3776 895 3819 romanorum
920 3757 1097 3842 principes,
1123 3765 1154 3820 et
1178 3779 1235 3820 nos
1259 3757 1362 3820 felicis
1386 3755 1617 3820 recordationis
1641 3755 1789 3818 dominus
1812 3754 2005 3818 Fredericus
2028 3753 2188 3817 secundus
2213 3775 2416 3817 romanorum

600 3860 775 3946 imperator
799 3872 931 3926 actenus
955 3863 1190 3928 decoraverunt
1213 3865 1398 3946 honoribus,
1424 3863 1601 3949 privilegiis
1625 3870 1657 3926 et
1680 3862 1803 3946 gratiis,
1826 3883 1984 3924 memores
2009 3861 2200 3924 conditionis
2223 3860 2361 3924 humane
2385 3869 2417 3924 ct

600 3969 685 4054 quod
710 3991 836 4055 semper
860 3972 971 4034 innata
995 3973 1216 4036 comunioatur
1239 3972 1399 4056 fragilitas
1423 3973 1498 4034 (lum
1522 3972 1587 4035 rite
1611 3971 1703 4035 nobis
1727 3971 1861 4033 instaret
1885 3969 2040 4033 terminus
2062 3968 2201 4054 loquella
2218 3976 2250 4032 et
2267 3969 2417 4032 memorie

600 4077 692 4140 nobis
716 4077 902 4162 integritate
926 4079 1124 4163 vigentibus,
1149 4080 1224 4143 licet
1247 4080 1316 4164 egri
1340 4101 1483 4165 corpore,
1505 4079 1576 4163 aanj
1601 4085 1708 4142 tamen
1733 4084 1849 4158 mente,
1875 4077 1920 4141 sio
1946 4077 2051 4140 anime
2078 4083 2184 4140 nostre
2212 4076 2417 4162 providemus

601 4185 796 4248 consulendo
821 4193 886 4249 tam
910 4186 949 4249 de
974 4187 1162 4272 privilegiis,
1180 4187 1294 4271 gratiis
1315 4195 1347 4250 ct
1369 4187 1544 4252 honoribus
1569 4186 1661 4250 nobis
1685 4199 1717 4248 et
1740 4184 1998 4248 antecessoribus
2022 4184 2139 4247 nostris
2163 4205 2182 4246 a
2206 4183 2289 4246 diris
2311 4204 2417 4246 roma-

601 4311 714 4354 norum
739 4292 937 4378 principibus
961 4301 1093 4357 actenus
1117 4295 1234 4357 illectis
1258 4300 1289 4358 ct
1313 4294 1482 4376 concessis,
1500 4315 1596 4379 quam
1621 4293 1660 4356 de
1685 4292 1801 4356 nostris
1827 4291 1922 4354 rebus
1946 4291 2084 4376 propriis
2108 4290 2280 4354 mobilibus
2305 4297 2337 4354 et
2360 4290 2418 4352 im-

600 4398 783 4481 mobilibus,
801 4421 859 4463 nco
883 4421 947 4464 uon
972 4422 1172 4486 quocumque
1196 4401 1290 4464 titulo
1315 4401 1356 4464 ad
1380 4423 1437 4465 nos
1462 4402 1529 4464 siva
1550 4400 1658 4464 domui
1675 4407 1782 4464 nostre
1799 4399 2030 4485 spectantibus,
2049 4398 2206 4483 solempni
2222 4398 2416 4482 cogitatione

600 4505 781 4590 prehabito,
799 4507 844 4570 sio
868 4529 925 4593 pro
950 4507 1054 4572 salute
1079 4509 1184 4572 anime
1208 4516 1316 4572 nostre
1340 4508 1490 4571 duximus
1514 4507 1758 4593 disponendum,
1785 4513 1822 4570 ut
1846 4527 1903 4570 nos
1928 4527 1948 4569 a
1970 4506 2066 4569 rebus
2090 4505 2239 4568 humanis
2262 4505 2417 4589 assumpti

600 4622 755 4699 perpetuo
779 4615 889 4679 virere
912 4616 1089 4680 videamur.
1114 4617 1153 4680 In
1176 4617 1287 4702 primis
1310 4617 1497 4702 profitemur
1521 4623 1553 4679 et
1576 4616 1711 4680 dicimus
1735 4637 1793 4678 nos
1817 4615 1888 4698 lege
1913 4615 2022 4678 rivere
2049 4635 2264 4695 romanorum,
2288 4635 2329 4677 cx
2354 4634 2416 4697 quo

600 4719 702 4783 filium
727 4728 871 4786 nostrum
894 4723 1141 4786 Braudalisium
1165 4725 1305 4805 unicum,
1330 4745 1424 4808 quem
1448 4724 1508 4809 piis
1533 4724 1634 4809 patris
1658 4723 1828 4786 clementia
1852 4743 1956 4785 mores
1980 4720 2098 4784 redunt
2121 4720 2279 4804 insignem
2306 4727 2338 4784 et
2361 4741 2416 4806 ge-

601 4829 686 4892 neris
712 4829 843 4893 decorat
864 4831 1027 4917 prosapia,
1043 4832 1185 4916 presenti
1209 4831 1418 4917 dispositione
1435 4839 1555 4913 nostra,
1573 4839 1607 4894 ut
1623 4829 1768 4894 scandali
1785 4829 1921 4892 materia
1938 4828 2082 4914 quelibet
2100 4835 2293 4913 amputetur,
2311 4828 2414 4913 ipsum

601 4936 693 4999 nobis
716 4936 869 5000 heredem
893 4938 1095 5024 legiptimum
1120 4938 1314 5002 instituimus
1339 4939 1370 5002 in
1396 4938 1487 5002 uobis
1511 4939 1628 5002 nostris
1654 4938 1747 5001 bonis
1775 4936 1946 5000 mobilibus
1975 4944 2007 4999 ct
2034 4936 2250 4999 immobilibus
2275 4935 2416 5000 ubicum-

602 5064 663 5128 que
688 5044 752 5108 sint
775 5051 807 5107 et
831 5045 966 5130 reperiri
988 5046 1121 5131 possint,
1146 5054 1213 5110 tam
1237 5047 1269 5109 in
1294 5046 1423 5110 civitate
1448 5047 1590 5127 ltlentue,
1607 5044 1746 5127 Verona,
1770 5043 1918 5107 Ferraria
1946 5051 1978 5106 et
2001 5043 2158 5124 Bononie,
2181 5049 2213 5106 ct
2236 5064 2346 5106 earum
2370 5043 2415 5105 di·

601 5151 774 5234 strietibus,
793 5173 889 5237 quarn
913 5152 991 5216 alibi
1015 5154 1047 5216 in
1072 5154 1325 5238 quibuscumque
1349 5153 1495 5240 partibus
1519 5153 1713 5217 Lombardie
1737 5159 1769 5215 et
1792 5151 1901 5215 Ytelic
1925 5173 1983 5236 per
2008 5157 2110 5214 totum
2133 5165 2302 5213 romanum
2318 5151 2415 5235 impe·

601 5258 702 5340 rium,
727 5266 794 5322 tam
818 5260 967 5325 inbonis
998 5262 1136 5347 propriis
1166 5267 1198 5324 et
1230 5261 1343 5324 alodiis
1376 5282 1473 5345 quam
1503 5261 1535 5323 in
1571 5260 1675 5323 feudis
1707 5266 1739 5322 et
1770 5260 1802 5322 in
1832 5259 1979 5322 onrnibus
2003 5258 2075 5321 aliis
2099 5258 2191 5320 bonis
2215 5279 2414 5342 quocumque

601 5365 696 5429 modo
720 5365 761 5429 ad
785 5389 842 5432 nos
866 5369 1086 5454 spectantibus
1107 5389 1308 5453 quocumque
1333 5368 1426 5432 titulo
1450 5369 1518 5431 sive
1542 5389 1649 5450 causa,
1675 5366 1853 5452 dequibus
1878 5386 2047 5451 possumus
2072 5385 2215 5450 corpore,
2232 5364 2284 5428 vel
2308 5365 2414 5427 animo

600 5473 804 5538 rectincmus.

691 5581 774 5644 ltam
798 5582 901 5668 ipsum
925 5582 1175 5664 Braudalisium,
1193 5583 1322 5645 unicum
1338 5583 1438 5646 filium
1455 5589 1609 5664 nostrum,
1628 5581 1718 5645 nobis
1742 5581 1894 5644 heredem
1918 5587 1950 5644 et
1974 5600 2190 5642 successorem
2214 5577 2415 5664 legiptimum

601 5687 797 5753 instituimus
828 5690 860 5753 in
893 5690 1040 5754 omnibus
1072 5690 1188 5752 nostris
1218 5689 1396 5774 privilegiis
1426 5689 1647 5774 imperialibus
1679 5709 1741 5772 que
1773 5687 1949 5769 babemus,
1975 5694 2006 5750 et
2038 5687 2139 5750 nostri
2173 5684 2414 5770 predecessores

601 5795 783 5859 habuerant
807 5818 826 5860 a
848 5803 992 5882 tempore
1017 5796 1126 5880 magni
1150 5797 1235 5880 regis
1258 5795 1375 5860 Karuli
1399 5797 1488 5878 citra,
1514 5803 1545 5860 et
1570 5796 1610 5859 ab
1636 5796 1705 5881 ipso
1729 5795 1857 5859 domino
1882 5817 1958 5878 rege
1983 5794 2107 5857 Karulo
2136 5799 2168 5856 et
2199 5793 2239 5855 ab
2269 5793 2415 5856 omnibus

601 5903 673 5966 aliis
696 5903 895 5990 principibus
919 5911 950 5967 et
976 5925 1180 5967 romanorum
1205 5904 1451 5988 imperatoribus
1476 5925 1576 5988 usque
1598 5925 1692 5985 nunc,
1710 5904 1818 5965 taliter
1842 5903 1925 5988 quod
1951 5902 2054 5964 dictus
2077 5901 2162 5964 lilius
2186 5906 2294 5963 noster
2312 5898 2415 5962 Bran-

601 6012 734 6076 dalisius
759 6014 884 6097 atejus
908 6012 965 6074 filii
989 6012 1148 6096 legiptimi
1171 6011 1378 6096 primogeniti
1401 6011 1502 6096 possit
1526 6018 1557 6074 et
1580 6011 1703 6096 possint
1725 6017 1892 6096 perpetuo,
1909 6009 2086 6072 secundum
2106 6007 2242 6071 formam
2258 6013 2290 6070 et
2307 6012 2416 6069 aucto-

600 6121 730 6184 ritatem
753 6120 911 6184 dictorum
935 6119 1194 6206 privilegiorum,
1219 6118 1440 6203 legiptimare,
1465 6125 1497 6181 et
1522 6119 1662 6182 notarios
1693 6125 1725 6181 et
1753 6117 1878 6202 judices
1902 6116 2081 6180 ordinarios
2105 6115 2230 6197 facere,
2254 6120 2286 6177 et
2309 6114 2416 6177 omnia

681 6460 719 6524 (1)
740 6458 771 6509 ln
792 6457 957 6527 aplrogroio:
973 6457 1083 6524 prator-i.
