5484 7746
647 619 721 688 228
1439 639 1680 690 uouuunura

643 795 738 858 nibus
762 802 794 858 et
818 794 936 876 omnia,
962 800 994 857 et
1017 793 1258 879 particulariter
1282 793 1324 856 ad
1348 815 1459 858 eorum
1484 794 1701 859 omnimodam
1725 795 1943 878 voluntatem,
1968 803 2000 859 et
2024 818 2065 860 err
2090 817 2174 861 nunc
2198 805 2293 883 prout
2317 820 2358 862 ex
2382 807 2466 884 tunc,

643 901 836 965 adveniente
861 921 938 964 casu
962 909 994 964 et
1018 909 1162 985 tempore
1187 920 1250 985 quo
1274 900 1415 964 debeant
1439 902 1691 966 commissariam
1716 902 1894 988 predictam
1918 925 2089 986 exercere,
2113 905 2279 968 constituit
2307 927 2363 969 eos
2393 929 2465 972 suos

641 1015 867 1094 procuratores
892 1009 924 1072 in
947 1029 1016 1071 rem
1040 1029 1143 1089 suam,
1168 1015 1203 1072 ut
1227 1009 1354 1092 possint
1376 1029 1415 1072 ea
1440 1009 1525 1073 bona
1550 1018 1582 1073 et
1603 1011 1678 1092 jura
1703 1009 1853 1091 vendere,
1871 1011 2013 1074 alienare
2037 1020 2070 1075 et
2093 1011 2272 1098 obbligare,
2289 1019 2322 1077 et
2341 1022 2464 1078 coutra-

643 1123 712 1178 otus
737 1115 843 1178 lacere
868 1136 910 1178 ex
934 1115 991 1196 eis,
1015 1121 1112 1200 prout
1135 1114 1181 1177 eis
1205 1115 1382 1200 placuerit,
1407 1114 1446 1178 de
1471 1115 1629 1180 evictione
1654 1137 1769 1180 cavere
1793 1125 1825 1180 et
1849 1116 1984 1180 heredes
2007 1117 2108 1202 ipsius
2131 1126 2163 1183 et
2186 1117 2271 1182 bona
2299 1119 2465 1204 obbligare

641 1231 674 1285 et
697 1223 849 1308 pecunias
874 1222 1018 1306 exigere,
1043 1221 1220 1286 solutiones
1245 1223 1399 1307 recipere,
1425 1223 1588 1288 solventes
1612 1223 1750 1287 liberare
1773 1230 1806 1288 et
1829 1223 2008 1304 absolvere,
2026 1231 2058 1288 et
2082 1225 2189 1290 omnia
2213 1233 2246 1290 et
2269 1227 2397 1312 singula
2420 1225 2466 1290 fa-

640 1350 713 1392 cere
736 1337 768 1392 et
792 1350 945 1393 exercere
969 1329 1001 1392 in
1023 1328 1145 1412 judicio
1171 1339 1203 1393 et
1226 1337 1329 1410 extra,
1348 1352 1410 1415 que
1432 1331 1499 1416 ipse
1518 1329 1602 1394 idem
1619 1337 1754 1394 testator
1770 1351 1854 1395 nuno
1871 1330 1978 1395 facere
1995 1341 2113 1417 posset,
2131 1353 2232 1418 usque
2250 1331 2289 1396 ad
2308 1334 2466 1419 integram

643 1435 900 1500 satisfactionem
923 1437 1066 1500 omnium
1090 1435 1308 1522 predictorum
1332 1437 1532 1522 singulorum
1557 1437 1836 1522 infrascriptorum
1861 1445 1892 1502 et
1921 1460 1963 1502 ex
1994 1460 2079 1503 nunc
2103 1439 2260 1504 dictorum
2285 1441 2466 1504 commissa·

643 1544 763 1607 riorum
789 1544 917 1608 nomine
941 1565 976 1607 ss
1000 1565 1202 1629 possessores
1228 1545 1388 1626 costituit3
1413 1545 1524 1608 volens
1549 1545 1646 1608 ctiam
1672 1553 1704 1608 et
1728 1544 1886 1609 mandans
1903 1545 1988 1630 quod
2004 1545 2044 1610 ds
2061 1545 2154 1610 bonis
2171 1547 2236 1611 suis
2254 1547 2420 1612 solvantur
2435 1555 2467 1612 et

642 1651 852 1714 restituantur
876 1651 984 1714 omnia
1008 1658 1040 1718 et
1064 1652 1193 1736 singula
1210 1652 1293 1716 male
1312 1651 1421 1716 ablata
1440 1659 1472 1716 et
1488 1651 1598 1716 illicite
1615 1652 1774 1738 acquisita
1790 1675 1847 1738 per
1864 1652 1968 1739 ipsum
1987 1661 2172 1718 testatorem
2190 1655 2338 1720 omnibus
2354 1662 2386 1719 et
2402 1656 2465 1719 sin·

641 1759 726 1843 gulis
750 1779 769 1820 a
793 1759 909 1843 quibus
935 1759 1045 1822 illicite
1070 1759 1295 1843 acquisivisset
1318 1759 1370 1822 vel
1398 1759 1583 1840 habuisset,
1612 1765 1644 1822 et
1667 1759 1765 1822 etiam
1789 1759 1831 1822 ad
1859 1759 2005 1844 predicta
2035 1761 2119 1824 male
2151 1761 2260 1824 ablata
2293 1768 2326 1825 ct
2356 1762 2465 1826 illicite

524 1887 527 1892 ·
641 1865 800 1950 acquisita
831 1866 1068 1930 commissarios
1097 1887 1171 1930 suos
1195 1887 1266 1930 esse
1297 1865 1401 1930 voluit
1431 1866 1592 1952 predictos
1623 1865 1922 1952 supranominatos,
1946 1875 1982 1932 ut
2007 1868 2148 1954 possint,
2172 1869 2199 1930 si
2223 1869 2269 1932 eis
2292 1869 2464 1954 placuerit,

640 1973 785 2058 predicta
810 1973 939 2036 effectui
963 1972 1178 2054 demandare,
1203 1962 1310 2037 facere
1342 1980 1384 2036 et·
1405 1973 1566 2060 complere
1591 1972 1767 2038 secundum
1790 1973 1909 2038 bonam
1933 1975 2163 2039 conscientiam
2187 1975 2344 2061 ipsorum,
2370 1977 2464 2042 etde

638 2065 715 2163 boo,
741 2080 826 2165 quod
850 2080 997 2145 iecerunt
1020 2081 1052 2144 in
1077 2081 1230 2166 predictis
1254 2087 1286 2144 et
1311 2081 1455 2166 quolibet
1479 2081 1715 2168 predictorum,
1741 2102 1803 2144 non
1827 2082 1952 2168 possint
1982 2083 2034 2146 vel
2058 2082 2198 2146 debeant
2221 2083 2329 2168 aliquo
2353 2083 2463 2166 modo,

640 2188 692 2250 vel
716 2189 845 2252 racione
870 2187 980 2273 aliqua
1003 2188 1044 2251 ab
1069 2188 1133 2252 alio
1158 2187 1209 2252 vel
1233 2188 1397 2273 aliquibus
1422 2188 1550 2274 inquiri,
1574 2189 1626 2252 vel
1651 2187 1787 2273 requiri,
1812 2195 1868 2252 aut
1891 2189 2073 2272 molestari,
2099 2210 2157 2253 uec
2181 2189 2279 2254 alicui
2307 2191 2465 2255 rationem

641 2293 775 2358 reddere
799 2301 980 2376 teneantur,
1006 2315 1064 2359 nec
1088 2296 1212 2380 possint
1236 2295 1396 2380 compelli.

728 2401 831 2465 Porro
855 2402 958 2466 voluit
981 2409 1013 2466 et
1037 2402 1221 2484 mandavit,
1246 2402 1331 2488 quod
1363 2403 1390 2465 si
1423 2402 1539 2487 aliquis
1568 2423 1658 2466 error
1682 2403 1743 2468 fuit
1767 2405 1799 2466 in
1823 2404 1947 2467 ratione
1980 2423 2076 2488 quam
2108 2403 2185 2466 olim
2212 2403 2327 2468 habuit
2358 2403 2465 2468 facere

641 2509 709 2594 ipse
734 2516 871 2573 testator
893 2517 1037 2594 tempore
1062 2530 1225 2573 rumorum
1251 2509 1441 2574 vastationis
1464 2508 1611 2574 Bononia
1636 2531 1708 2574 cum
1733 2511 1795 2574 illis
1820 2511 1859 2574 de
1883 2511 2019 2576 Marano
2037 2517 2069 2574 et
2085 2510 2150 2574 illis
2167 2509 2207 2574 de
2227 2511 2465 2596 Plantavignis,

640 2617 777 2682 satisfiat
800 2619 846 2682 eis
871 2618 1049 2682 secundum
1073 2618 1158 2704 quod
1182 2618 1322 2683 dixerint
1346 2619 1447 2682 frater
1471 2618 1658 2684 Ostexanus
1682 2628 1715 2683 et
1738 2619 1887 2684 dominus
1916 2619 2138 2684 Thomaxinus
2166 2619 2206 2683 de
2238 2619 2465 2705 Plantavignis

640 2745 741 2810 usque
773 2725 814 2788 ad
846 2726 1059 2810 quantitatem
1092 2726 1208 2811 viginti
1239 2727 1381 2812 quinque
1412 2726 1568 2790 librarum
1598 2726 1860 2809 bononenorum,
1886 2735 1918 2791 et
1941 2727 2025 2812 quod
2049 2726 2197 2792 Ventura
2221 2734 2253 2790 et
2276 2726 2402 2791 Fuscus
2426 2727 2466 2791 de

639 2833 856 2916 Columbaria,
881 2833 1052 2896 comitatus
1082 2833 1281 2916 Florentini,
1306 2835 1361 2919 qni
1393 2834 1524 2898 fuerunt
1550 2835 1601 2897 sui
1624 2835 1843 2918 laboratores,
1868 2835 2079 2898 absolvantur
2102 2833 2144 2898 ab
2167 2835 2255 2899 omni
2278 2855 2317 2899 eo
2341 2842 2373 2898 et
2397 2841 2464 2898 toto

640 2940 726 3025 quod
750 2940 812 3003 sibi
836 2947 1024 3003 tenerentur
1047 2962 1249 3026 quacumque
1274 2941 1313 3004 de
1338 2962 1446 3023 causa,
1472 2942 1524 3004 vel
1548 2941 1643 3006 modo
1668 2963 1880 3027 quocumque.

729 3047 766 3110 In
792 3047 939 3110 omnibus
963 3047 1035 3110 aliis
1060 3048 1126 3112 suis
1149 3048 1242 3112 bonis
1265 3049 1437 3113 mobilibus
1462 3055 1493 3112 et
1514 3048 1741 3131 immobilibus,
1757 3049 1884 3132 juribus
1902 3055 1934 3112 et
1951 3048 2130 3113 actionibus
2147 3056 2179 3112 et
2195 3048 2384 3130 rationibus,
2403 3048 2465 3113 sibi

640 3154 896 3239 competentibus
921 3161 953 3218 st
977 3155 1206 3240 competitoris,
1232 3155 1294 3218 sibi
1318 3155 1453 3219 heredes
1478 3155 1616 3219 instituit
1639 3163 1671 3220 ct
1694 3177 1764 3218 esse
1788 3155 1891 3218 voluit
1915 3154 2078 3220 dominam
2102 3155 2225 3219 blinam
2249 3176 2341 3218 suam
2365 3155 2467 3218 liliam

640 3283 698 3346 pro
722 3261 822 3324 tercia
846 3269 955 3347 parte,
981 3262 1196 3346 computando
1220 3261 1252 3325 in
1277 3263 1334 3326 illa
1358 3263 1458 3326 tercia
1481 3269 1574 3348 parte
1599 3263 1689 3326 dotes
1713 3283 1789 3325 snas
1814 3261 1968 3346 integras,
1994 3283 2074 3347 quas
2107 3262 2226 3326 dixerit
2254 3262 2353 3324 fuisse
2377 3263 2466 3326 mille

639 3369 825 3432 florinorum
850 3369 931 3451 auri,
949 3375 981 3432 et
1004 3368 1171 3432 Taddeum
1197 3391 1289 3432 suum
1314 3370 1414 3433 lilium
1439 3392 1498 3456 pro
1522 3369 1587 3432 alia
1611 3370 1712 3434 tercia
1735 3377 1838 3455 parte,
1857 3377 1889 3432 et
1913 3369 2050 3454 Opizum
2074 3391 2167 3432 suum
2185 3377 2345 3456 nepotem,
2362 3369 2466 3432 filium

637 3475 801 3561 quondam
825 3476 1017 3560 Bonaguide
1041 3477 1091 3540 sui
1114 3476 1234 3558 fratris,
1252 3498 1310 3563 pro
1328 3478 1393 3540 alia
1417 3477 1518 3540 tercia
1542 3485 1645 3562 parte,
1663 3499 1734 3540 cunr
1760 3476 2001 3540 condicionibus
2025 3483 2057 3540 et
2081 3476 2184 3540 modis
2210 3476 2344 3540 inferius
2368 3476 2467 3540 deno·

638 3584 714 3646 tatis
745 3591 778 3646 et
805 3583 951 3668 scriptis,
975 3583 1127 3648 videlicet
1158 3583 1243 3670 quod
1276 3584 1398 3670 Opizus
1428 3585 1592 3670 predictus
1616 3584 1655 3648 ds
1680 3592 1772 3671 parte
1796 3584 1858 3648 sibi
1889 3585 2096 3670 contingente
2128 3583 2205 3648 dare
2236 3591 2402 3666 teneatur,
2433 3590 2466 3648 et

638 3689 755 3754 debeat
779 3691 946 3754 Bestrixie
970 3713 1027 3755 sue
1051 3692 1154 3755 sorori
1185 3699 1217 3755 et
1247 3692 1312 3755 lilia
1344 3692 1506 3777 quondam
1535 3691 1612 3755 dicti
1643 3692 1853 3776 Bonaguide,
1879 3698 2017 3776 quatuor
2047 3699 2176 3754 centum
2205 3691 2464 3776 vigintiquinque

638 3797 738 3861 libras
772 3797 1016 3862 bononenornm
1049 3798 1091 3862 ad
1123 3799 1340 3862 maritandum
1373 3820 1463 3881 eam,
1487 3799 1541 3862 vel
1573 3798 1778 3883 Religionem
1809 3797 2005 3863 intrandum.
2030 3797 2072 3862 Et
2104 3798 2191 3884 quod
2214 3798 2318 3862 dictus
2343 3798 2465 3884 Opizus

639 3905 792 3991 quamdiu
816 3905 936 3968 dictam
959 3905 1130 3992 pecuniam
1155 3926 1218 3970 non
1243 3906 1384 3986 solverit,
1402 3913 1550 3970 teneatur
1574 3913 1606 3969 et
1629 3906 1746 3970 debeat
1770 3913 1802 3969 et
1825 3905 1991 3969 allimenta
2008 3927 2152 3990 congrua
2169 3905 2246 3969 dare
2267 3912 2300 3968 et
2317 3913 2462 3992 prostare

637 4012 722 4076 dicte
747 4012 913 4076 Beatrixie
937 4034 993 4077 sue
1018 4014 1130 4077 sorori.
1152 4014 1236 4077 Item
1261 4013 1346 4099 quod
1370 4014 1438 4098 ipse
1463 4012 1584 4098 Opizus
1600 4019 1759 4094 teneatur,
1776 4019 1808 4076 et
1832 4013 1948 4077 debeat
1972 4011 2139 4076 allimenta
2162 4018 2307 4098 prestare
2331 4019 2364 4075 et
2384 4011 2462 4076 dare

638 4119 766 4183 domine
790 4119 888 4182 Billie
912 4142 969 4183 sue
994 4121 1107 4202 matri,
1132 4120 1184 4184 vel
1208 4121 1277 4184 dari
1302 4120 1363 4184 sibi
1387 4127 1515 4184 centum
1539 4121 1669 4184 florines
1693 4120 1764 4183 auri
1788 4119 1828 4182 ad
1860 4119 2060 4184 voluntatem
2093 4119 2177 4183 dicte
2209 4119 2356 4200 domine3
2381 4127 2414 4182 et
2438 4121 2465 4182 si

638 4226 813 4310 contigerit
834 4227 954 4290 dictum
979 4226 1115 4312 Opizum
1141 4226 1296 4290 decedere
1321 4228 1389 4290 sins
1413 4226 1489 4310 filijs
1513 4227 1664 4290 masculis
1689 4226 1852 4311 legitimis,
1869 4224 1971 4289 voluit
1989 4226 2056 4312 ipse
2077 4233 2212 4290 testator
2236 4231 2268 4288 ot
2292 4225 2464 4308 ordinavit,

638 4334 723 4420 quod
748 4333 904 4396 medietas
929 4334 1117 4398 hereditatis
1141 4334 1284 4419 predicte
1309 4333 1525 4418 contingentis
1549 4333 1610 4418 ipsi
1635 4333 1737 4418 Opizo
1765 4333 1936 4419 proveniat
1959 4332 2000 4396 ad
2023 4333 2155 4396 Fratres
2178 4331 2362 4396 Penitentie
2386 4333 2465 4396 civi·
2501 4405 2504 4411 Δ

638 4441 714 4505 tatis
738 4440 904 4504 Florentio
928 4463 986 4526 pro
1010 4441 1207 4527 pauperibus
1235 4441 1442 4525 vergonzosis
1465 4440 1604 4504 civitatis
1627 4440 1792 4504 Florentia
1816 4447 1849 4503 et
1872 4440 2052 4522 districtus,
2078 4439 2213 4504 emendo
2244 4440 2464 4525 possessiones

638 4569 696 4633 pro
720 4548 813 4611 dictis
836 4548 1033 4634 pauperibus
1059 4549 1275 4632 vergonzosis.

728 4655 810 4718 Item
831 4656 965 4719 ecclesie
985 4657 1088 4720 sancti
1104 4656 1194 4719 Petri
1210 4657 1415 4742 episcopatus
1436 4655 1593 4737 Bononia,
1615 4655 1684 4718 sive
1708 4654 1869 4719 laborario
1894 4654 1993 4740 ipsius
2022 4655 2167 4736 ecclesie,
2192 4661 2320 4719 centnm
2344 4654 2465 4718 solidos

638 4763 881 4827 bononenorum
905 4763 1044 4848 reliquid
1067 4785 1125 4849 pro
1150 4763 1352 4827 restitutione
1376 4769 1408 4826 st
1433 4762 1653 4826 satisfactione
1673 4761 1889 4844 decimarum3
1907 4761 1947 4826 de
1964 4763 2126 4848 superfluo
2142 4761 2271 4825 veniam
2287 4761 2465 4846 postulavit

638 4892 658 4933 a
681 4870 821 4935 Domino
834 4870 884 4952 (l),
908 4877 941 4934 et
964 4869 1049 4956 quod
1073 4893 1115 4934 ex
1144 4871 1300 4934 fructibus
1330 4870 1488 4934 dictarum
1523 4871 1762 4955 possessionum
1790 4870 1874 4934 dicte
1905 4869 2034 4932 dimidie
2065 4891 2123 4954 per
2146 4868 2279 4933 Fratres
2302 4868 2464 4954 predictos

638 4978 820 5043 Penitentie
845 4978 923 5042 liant
947 4999 1090 5064 expense
1114 4978 1192 5065 ipsis
1215 4978 1412 5064 pauperibus
1441 4977 1575 5040 infirmis
1607 4977 1832 5062 vergonzosis,
1857 4983 1889 5040 et
1920 4976 1996 5040 dicti
2024 4976 2147 5041 fructus
2177 4977 2402 5062 expendantur
2432 4983 2464 5040 et

638 5086 873 5150 distribuantur
897 5086 980 5150 inter
1004 5085 1106 5150 dictos
1131 5106 1289 5172 pauperes
1313 5106 1371 5171 per
1395 5084 1496 5148 dictos
1520 5084 1653 5148 Fratres
1676 5083 1869 5166 Penitentie,
1887 5085 1942 5169 qui
1965 5105 2050 5148 nuno
2073 5089 2148 5148 sunt
2172 5083 2224 5148 vel
2244 5104 2302 5168 pro
2319 5089 2464 5168 tempore

639 5193 768 5257 fuerint.
793 5192 869 5256 Alia
894 5214 970 5256 vero
994 5193 1129 5256 dimidia
1152 5193 1253 5279 partis
1277 5192 1361 5256 dicte
1385 5191 1575 5256 hereditatis
1598 5191 1677 5256 dicti
1701 5191 1794 5277 Opini
1814 5191 1983 5276 perveniat
2003 5191 2042 5254 ad
2058 5190 2217 5254 Dominas
2233 5198 2264 5255 et
2282 5189 2415 5254 Sorores
2432 5197 2464 5253 et

639 5301 679 5364 ad
704 5309 898 5364 conventum
922 5301 1066 5386 ipsarum
1090 5300 1303 5364 Dominarum
1320 5307 1352 5363 et
1377 5299 1530 5363 Sororum
1554 5298 1716 5363 Minorum
1734 5298 1864 5362 Ordinis
1886 5305 1995 5362 sancte
2014 5297 2108 5362 Clare
2125 5297 2264 5362 civitatis
2280 5296 2463 5378 Florentie3

637 5407 775 5491 llructus
792 5409 885 5491 cujus
902 5407 1032 5471 dimidie
1049 5407 1133 5472 dicte
1151 5405 1302 5488 Domine]
1319 5412 1351 5470 et
1368 5406 1502 5470 Sorores
1515 5412 1548 5470 et
1564 5413 1740 5470 conventus
1757 5405 1909 5491 ipsarum,
1930 5411 2101 5469 teneantur
2125 5413 2157 5468 et
2180 5403 2320 5468 debeant
2342 5425 2463 5489 expen-

638 5515 714 5578 dere
738 5522 771 5578 et
794 5535 946 5598 arrogare
972 5513 1003 5577 in
1029 5514 1275 5578 necessitatibus
1298 5513 1450 5577 Fratrum
1466 5512 1626 5576 Minorum
1644 5511 1838 5575 morantium
1854 5512 1887 5574 in
1906 5517 2066 5574 conventu
2082 5509 2257 5591 Florentio,
2275 5517 2308 5573 et
2327 5511 2382 5595 qui
2404 5531 2463 5596 pro

638 5629 782 5708 tempore
807 5621 1028 5703 morabuntur,
1053 5620 1263 5702 infirmorum,
1288 5619 1413 5683 senium
1437 5627 1470 5683 et
1494 5619 1669 5683 forensium
1694 5625 1726 5683 et
1748 5639 1812 5682 non
1837 5617 1931 5682 aliter
1950 5617 2004 5681 vel
2027 5616 2136 5702 aliquo
2161 5617 2224 5681 alio
2248 5617 2354 5681 modo.

731 5729 812 5792 Item
837 5727 940 5792 voluit
963 5735 995 5792 ot
1018 5728 1185 5792 mandavit
1207 5728 1278 5791 lieri
1302 5727 1417 5791 debere
1442 5726 1482 5790 de
1506 5726 1592 5790 dicta
1615 5725 1745 5790 domina
1768 5725 1867 5806 Mina,
1885 5723 1968 5809 qnod
1986 5724 2014 5786 si
2030 5725 2202 5788 moriretur
2218 5723 2286 5786 sina
2305 5722 2380 5786 filiis
2397 5745 2464 5786 ma·

639 5836 736 5902 soulia
761 5835 926 5920 legitimis,
944 5835 1156 5900 distribuatur
1180 5857 1239 5899 sua
1262 5855 1338 5920 pars
1362 5834 1552 5898 hereditatis
1575 5833 1719 5919 predicte
1743 5831 1837 5896 modo
1862 5838 1894 5894 et
1919 5831 2022 5896 forma
2046 5851 2109 5916 quo
2133 5837 2165 5894 et
2189 5851 2252 5917 qua
2276 5829 2464 5894 dictumest

639 5965 736 6030 super
760 5943 798 6007 de
823 5942 936 6029 Opizo.
961 5943 1055 6006 Etsi
1079 5941 1208 6006 Tadeos
1233 5943 1304 6024 ejus
1328 5941 1413 6004 filius
1437 5940 1611 6004 decesserit
1635 5940 1703 6003 sine
1727 5939 1802 6002 filiis
1826 5937 1977 6002 masculis
2001 5937 2169 6022 legitimis,
2194 5935 2296 6000 voluit
2320 5942 2352 6000 et
2375 5957 2464 5998 man·
2515 5989 2520 5998 .

639 6051 729 6115 davit
745 6050 831 6136 quod
856 6050 989 6114 dimidia
1012 6071 1069 6114 sus
1094 6049 1195 6136 partis
1219 6048 1408 6113 hereditatis
1432 6047 1575 6134 predicte
1597 6046 1659 6110 sibi
1675 6045 1901 6130 contingentis,
1917 6045 2086 6131 perveniat
2110 6051 2142 6108 et
2162 6043 2331 6131 pervenire
2348 6042 2465 6106 debeat

637 6159 680 6224 ad
702 6159 834 6223 Fratres
858 6157 1040 6222 Penitentie
1065 6156 1205 6221 civitatis
1229 6156 1376 6220 Bononio
1392 6177 1451 6241 pro
1468 6154 1665 6240 pauperibus
1683 6153 1890 6238 vergonzosis
1908 6159 1940 6216 et
1956 6151 2099 6234 infirmis,
2117 6158 2149 6214 et
2168 6151 2201 6214 in
2218 6150 2463 6214 necessitatibus

638 6267 837 6331 infirmorum
861 6272 893 6330 ct
916 6286 1189 6350 vergonzosorum
1213 6269 1431 6345 eonvertatur,
1448 6262 1494 6326 ita
1518 6261 1604 6347 quod
1627 6261 1751 6325 fructus
1774 6259 1859 6324 dicte
1883 6258 2013 6323 dimidio
2038 6257 2174 6343 singulis
2198 6258 2291 6321 annis
2307 6264 2463 6344 perpetuo

719 6502 759 6567 (1)
777 6499 869 6553 Verba
889 6515 903 6548 s
926 6499 990 6551 ltcm
1010 6499 1114 6551 ecclesie
1134 6513 1148 6548 a
1169 6501 1221 6549 etc.
1241 6497 1269 6548 in
1290 6493 1412 6546 inferiori
1431 6493 1549 6562 paginae
1569 6497 1658 6562 parte,
1677 6493 1755 6562 signo
1776 6491 1863 6544 crucis
1884 6490 2042 6559 praemisso,
2062 6489 2155 6541 addita
2174 6492 2246 6542 sunt.
