5490 7750
787 672 1016 722 SPECTANTIA
1045 673 1096 722 AD
1124 671 1378 722 Pnonnssonns
1407 671 1512 722 ‹JURIS
1542 671 1717 722 canonum

1205 1126 1283 1190 XII.

1070 1342 1167 1425 1206,
1196 1343 1236 1406 13
1258 1341 1430 1406 decembris.

720 1554 772 1618 Ex
797 1555 930 1620 arctho
956 1555 1059 1618 sancti
1081 1554 1218 1620 Ioannis
1242 1555 1273 1618 in
1298 1554 1418 1636 Monte,
1443 1555 1498 1618 lib.
1523 1554 1586 1638 II.,
1612 1577 1642 1618 n.
1669 1557 1708 1618 47
1724 1554 1772 1618 (ll.

427 1789 466 1853 In
489 1789 620 1853 nomine
645 1787 754 1851 Patris
786 1794 819 1851 et
853 1787 927 1852 Filii
952 1795 983 1852 ct
1009 1787 1148 1874 Spiritus
1177 1787 1297 1870 Sancti,
1322 1808 1426 1875 arnan.
1450 1786 1522 1872 Ego
1553 1787 1709 1872 magister
1739 1786 1852 1851 Gratia
1882 1809 1923 1852 ex
1955 1787 2159 1872 delegatione

337 1896 456 1960 domini
482 1893 587 1959 Guale
611 1894 786 1959 cardinalis
818 1903 850 1959 et
875 1896 1054 1981 apostolice
1079 1894 1172 1960 Sedis
1195 1895 1330 1980 Legati,
1355 1895 1501 1979 cognitor
1530 1894 1747 1959 controversie
1778 1916 1839 1980 quc
1867 1895 2054 1959 vertebatur
2077 1894 2160 1958 inter

339 2003 481 2067 donnum
503 2002 719 2088 presbiterum
744 2002 918 2066 Albertum
951 2009 1062 2067 sancte
1093 2001 1196 2066 Maris
1221 2002 1260 2066 de
1283 2002 1385 2066 Portu
1409 2002 1596 2065 ravennatis
1628 2008 1660 2065 et
1688 2001 1880 2087 magistrum
1903 2001 2085 2066 (luidonem
2111 2023 2159 2065 se·

336 2130 468 2173 nenscm
493 2117 525 2174 et
548 2109 782 2192 Benencasam,
814 2117 968 2196 nepotem
998 2109 1145 2196 magistri
1171 2108 1368 2192 Benencasa,
1394 2109 1433 2172 de
1457 2109 1547 2172 cuins
1571 2108 1716 2195 deposito
1740 2109 1858 2192 agitur,
1882 2108 2160 2173 fideicomissarios

335 2217 436 2304 ipsius
461 2218 608 2303 magistri
632 2238 674 2280 ex
697 2237 763 2280 nna
786 2225 889 2303 parte,
907 2225 938 2281 et
964 2217 1108 2283 donnum
1131 2217 1277 2282 Priorem
1301 2225 1332 2281 ct
1357 2217 1488 2281 Fratres
1512 2217 1614 2280 sancti
1631 2217 1790 2281 Iohannis
1807 2216 1846 2279 de
1863 2215 1973 2280 Monte
1990 2236 2031 2279 ex
2047 2214 2160 2299 altera,

336 2346 397 2410 qne
422 2346 519 2388 causa
543 2325 617 2388 talis
642 2330 729 2388 erat:
760 2323 912 2388 dicebant
938 2325 1074 2412 predicti
1097 2325 1351 2409 fideicomissarij
1376 2324 1565 2409 magistrum
1590 2322 1813 2388 Benencasam
1836 2345 1906 2388 csse
1930 2331 2105 2406 mortuum,
2130 2329 2163 2386 et

334 2432 451 2496 debers
476 2432 537 2496 sibi
561 2432 638 2495 dare
663 2453 681 2496 a
709 2432 848 2518 dompno
876 2431 989 2497 Priore
1014 2441 1046 2496 ct
1069 2432 1239 2496 Fratribus
1262 2431 1405 2518 predicte
1430 2432 1564 2495 ecclesie
1589 2430 1768 2517 depositum
1793 2431 1940 2515 magistri
1961 2430 2159 2513 Benencase,

336 2540 422 2626 qnod
446 2547 494 2604 est
518 2539 636 2623 xxviij.
661 2539 792 2604 marche
816 2547 848 2602 et
873 2560 937 2602 una
963 2541 1057 2604 uncia
1082 2540 1227 2625 argenti,
1255 2546 1385 2603 centum
1417 2539 1653 2624 quinquaginta
1677 2545 1709 2602 et
1732 2539 1800 2622 viij.
1824 2538 2061 2602 massamlicine
2084 2537 2160 2601 sim-

335 2648 445 2733 plices,
470 2655 503 2710 ct
525 2668 579 2712 xv.
598 2647 753 2732 duplices,
779 2653 810 2710 et
834 2647 964 2732 xxxiiij.
984 2647 1200 2734 s1·igiatici,ut
1226 2646 1458 2710 distribuerent
1483 2653 1514 2710 ct
1538 2646 1700 2710 solverent
1724 2668 1766 2710 ex
1790 2647 1859 2732 ipso
1883 2644 2028 2732 deposito
2051 2646 2161 2730 legata

336 2761 368 2817 et
390 2753 604 2818 fideicomissa
628 2775 686 2839 pro
712 2753 821 2817 anima
845 2754 981 2839 predicti
1006 2754 1164 2839 magistri,
1183 2753 1266 2817 sicut
1289 2753 1357 2840 ipse
1377 2753 1531 2838 magister
1548 2751 1758 2816 mandaverat
1774 2753 1831 2834 eis,
1848 2759 1882 2815 ut
1899 2752 1931 2815 in
1948 2753 2159 2815 instrumento

336 2861 465 2947 publico
496 2860 687 2925 continetur.
718 2859 910 2925 Econtrario
941 2883 993 2926 ser
1025 2861 1171 2926 Jacobns
1203 2860 1362 2925 scindicus
1392 2860 1496 2923 sancti
1526 2859 1686 2924 Iohannis
1716 2858 1932 2945 respondebat
1962 2858 2160 2945 sepedictum

337 2968 529 3052 magistrum
552 2988 615 3031 non
640 2988 713 3031 esse
740 2974 914 3051 mortuum,
941 2975 973 3032 et
997 2968 1182 3054 depositum
1207 2967 1245 3030 de
1270 2989 1333 3054 qno
1358 2965 1583 3053 supradicitur,
1608 2966 1700 3030 dictis
1724 2966 1995 3051 fideicomissarijs
2018 2987 2083 3030 non
2106 2966 2160 3030 de-

337 3075 413 3138 bere
437 3074 573 3157 restitui,
599 3075 655 3138 sed
683 3075 865 3161 depositum
889 3076 1057 3139 ecclesiam
1083 3075 1187 3139 sancti
1210 3074 1370 3139 dolrannis
1394 3074 1514 3138 habere
1538 3094 1602 3137 non
1628 3074 1779 3159 negabat,
1796 3073 1873 3136 visis
1897 3073 2034 3138 testibus
2058 3079 2090 3137 ct
2113 3073 2160 3137 in-

337 3183 533 3264 strumentis,
551 3189 582 3246 et
610 3181 782 3246 intellectis
807 3190 965 3268 exparte
990 3183 1328 3246 fideicomissariorum
1352 3181 1526 3268 productis,
1550 3181 1760 3245 consideratis
1783 3181 1881 3245 etiam
1904 3181 2076 3267 diligenter
2099 3203 2160 3266 que

336 3289 508 3353 hincinde
534 3311 553 3353 a
577 3291 724 3376 partibus
751 3292 919 3377 proposita
945 3291 1085 3374 luerunt,
1109 3291 1222 3354 habita
1245 3311 1372 3376 qnoque
1396 3310 1521 3353 mecum
1545 3289 1599 3353 diu
1624 3289 1866 3372 deliberatione,
1890 3297 1922 3353 et
1945 3290 2086 3376 plurium
2109 3311 2159 3353 sa·

333 3397 479 3483 pientnm
502 3403 633 3482 recepto
659 3398 803 3481 consilio,
828 3397 1013 3484 predictum
1036 3397 1197 3462 Jacobum
1219 3397 1395 3462 scindicum
1427 3397 1529 3461 sancti
1556 3396 1726 3479 Iohannis,
1751 3398 1878 3460 nomine
1902 3397 2002 3483 ipsius
2026 3397 2160 3462 ecclesie

334 3503 486 3591 predictis
510 3504 784 3589 iidcicomissarijs
809 3495 1039 3592 recipientibus
1063 3528 1121 3591 pro
1146 3527 1180 3570 se
1210 3515 1241 3568 ct
1265 3527 1322 3591 pro
1357 3504 1503 3591 predicto
1535 3504 1744 3586 Benencasa,
1768 3503 1895 3568 nomine
1928 3505 2159 3590 procuratorio,

336 3613 528 3677 anctoritate
553 3612 630 3676 dicti
654 3612 775 3676 domini
799 3611 933 3698 Legati,
960 3635 1024 3699 qua
1049 3615 1177 3698 fungor,
1206 3613 1416 3698 condempno,
1442 3621 1473 3676 et
1503 3612 1646 3699 precipio
1670 3611 1756 3697 quod
1789 3612 1834 3676 eis
1859 3611 2040 3697 depositum
2064 3634 2161 3698 supra

338 3719 458 3784 dictum
482 3720 653 3803 tribuatur,
678 3741 737 3784 nec
761 3721 815 3806 pia
839 3722 939 3806 ipsius
965 3722 1112 3806 magistri
1135 3723 1284 3785 voluntas
1308 3721 1394 3784 ultra
1419 3721 1564 3784 debitum
1587 3727 1789 3806 prorogetur.

426 3826 573 3913 Utraque
598 3836 690 3913 parte
715 3835 874 3914 presente.

425 3935 544 3998 Actum
568 3935 601 3998 in
626 3935 767 3999 claustro
792 3935 976 4022 supradicte
1001 3936 1135 4000 ecclesio
1160 3936 1262 4000 sancti
1286 3935 1446 4001 Iohannis
1470 3936 1510 4000 de
1533 3935 1654 4000 Monte.

425 4041 576 4106 Recitata
599 4041 659 4105 fnit
689 4043 748 4106 hec
772 4043 931 4107 sententia
960 4044 992 4106 io
1026 4044 1189 4128 presentia
1222 4042 1343 4107 domini
1375 4041 1501 4108 Alberti
1530 4042 1649 4127 judIcis
1681 4041 1838 4125 Carbon,
1862 4040 1983 4106 domini
2013 4042 2161 4106 Federici

337 4148 565 4234 Pascipovero,
584 4149 750 4213 Guilielmi
776 4150 815 4214 de
841 4150 997 4236 Sanguin.
1023 4151 1159 4234 notarij,
1177 4149 1308 4236 dompni
1333 4149 1472 4214 Gilberti
1495 4158 1526 4214 et
1552 4151 1724 4237 presbiteri
1747 4149 1909 4214 Mainardi
1933 4159 1965 4212 et
1987 4150 2162 4213 multorum

337 4256 471 4320 ecclesie
496 4256 599 4320 sancti
625 4256 797 4338 Johanuis,
815 4265 847 4320 et
872 4257 904 4320 in
932 4258 1095 4344 presentia
1111 4256 1263 4322 Rainaldi
1288 4265 1320 4321 et
1344 4256 1502 4321 (luidonis
1526 4265 1558 4321 ct
1581 4256 1698 4322 Jacobi
1716 4257 1888 4322 scolarium
1904 4257 2111 4339 aretinorum,
2129 4265 2161 4321 ct

337 4362 496 4427 iohannis
521 4362 654 4426 scolaris
678 4365 833 4428 senensis.

426 4471 524 4533 Anno
548 4471 680 4534 Domini
703 4473 837 4555 mccvj.,
862 4471 934 4534 idus
959 4472 1148 4554 decembris,
1172 4473 1345 4538 indictione
1369 4472 1450 4557 viiij.

427 4577 498 4662 ligo
522 4577 601 4661 Leo,
626 4599 710 4642 nunc
738 4578 890 4644 Comanis
913 4579 1060 4644 Bononia
1085 4581 1240 4664 notarius,
1266 4580 1398 4646 interfui
1420 4588 1453 4645 et
1476 4581 1650 4666 subscripsi
1675 4589 1735 4645 etc.

1202 4901 1299 4966 XIII.

1067 5115 1163 5198 1218,
1189 5118 1232 5179 10
1254 5116 1437 5201 caliambria.

1939 5313 1972 5374 a
2021 5354 2052 5397 n.
2072 5334 2145 5396 181.

1937 5385 1977 5426 95⁰
1988 5382 1995 5415 5

337 5326 390 5390 Ex
414 5327 544 5392 archivo
570 5327 675 5391 sancti
699 5325 867 5413 Stephani,
893 5351 977 5392 nunc
1000 5330 1033 5392 in
1058 5327 1138 5394 Tab.
1164 5329 1253 5394 Max.
1277 5331 1407 5414 bonon,
1430 5338 1507 5396 sect.
1538 5357 1552 5390 ‹
1576 5332 1760 5400 Dernnninle
1784 5358 1798 5389 »
1828 5353 1914 5417 caps.

427 5541 494 5606 Nos
519 5541 667 5606 dominus
691 5542 803 5607 Abbas
828 5545 931 5608 sancti
953 5544 1083 5628 Proculj
1109 5553 1140 5608 et
1166 5545 1319 5629 magister
1339 5545 1506 5610 Johanncs
1527 5546 1729 5611 decretorum
1750 5554 1782 5611 et
1797 5547 1952 5632 magister
1968 5547 2154 5632 Vernatius,

336 5649 461 5734 jndices
485 5650 628 5735 delegati
651 5671 670 5714 a
694 5650 823 5715 domino
845 5653 938 5737 Papa
969 5652 1001 5716 in
1034 5674 1131 5716 causa
1163 5653 1390 5738 appellationis
1422 5675 1484 5739 que
1514 5655 1650 5718 vertitur
1681 5655 1764 5718 inter
1794 5656 2025 5720 monasterium
2053 5657 2156 5722 sancti

340 5757 513 5843 Steplranj,
531 5781 572 5821 ex
588 5780 654 5822 nna
669 5765 772 5844 parte,
790 5769 822 5823 et
838 5760 859 5825 J
862 5760 1042 5824 acobellnm
1067 5767 1098 5826 et
1122 5761 1350 5847 Hospinellnm
1373 5784 1415 5825 ex
1436 5762 1510 5845 alia,
1527 5761 1610 5826 filios
1628 5763 1789 5848 quondam
1804 5762 1927 5849 dominj
1943 5763 2056 5849 Madij,
2073 5766 2156 5829 sicut

336 5866 634 5951 pronuntiavimus,
660 5867 705 5930 sio
738 5867 842 5931 adhuc
874 5868 1138 5953 pronuntiamus,
1164 5869 1286 5933 scilicet
1317 5869 1403 5954 qnod
1434 5868 1530 5934 liceat
1560 5870 1706 5956 partibus
1729 5877 1827 5935 testes
1851 5871 2028 5957 producere
2059 5894 2156 5958 super

337 5972 429 6037 novis
462 5973 632 6038 dumtaxat
662 5975 821 6060 capitulis.
848 5973 1025 6061 [Clapitula
1049 5983 1157 6040 autem
1182 5977 1346 6062 proposita
1378 5999 1396 6040 a
1428 5976 1501 6040 filiis
1532 5977 1653 6041 domini
1683 5977 1784 6043 Madii
1813 5980 2059 6064 pronuntiamus
2091 6002 2155 6045 non

338 6101 408 6144 esse
431 6102 534 6164 nova,
560 6082 712 6166 quoniam
742 6082 801 6146 sub
830 6083 994 6147 veteribus
1026 6085 1238 6148 continentur.
1263 6083 1304 6147 Et
1329 6085 1498 6149 statuimus
1523 6085 1695 6150 terminum
1717 6087 1968 6173 peremptorium
1993 6086 2035 6150 ad
2057 6094 2155 6151 testes

418 6437 831 6502 (1)Haecsantantiaiumin
853 6439 971 6492 Archivo
996 6441 1153 6493 monasterii
1179 6441 1267 6494 sancti
1287 6441 1421 6493 Johannis
1446 6443 1474 6494 in
1500 6443 1606 6510 Monte,
1627 6460 1698 6496 nnnc
1727 6446 1754 6496 in
1779 6444 1898 6496 Archivo
1918 6446 2036 6497 maximo
2057 6445 2154 6498 bonon.

338 6527 489 6591 adservato,
509 6527 624 6580 inveniri
643 6544 695 6579 ιιοιι
716 6529 813 6596 potnit.
833 6531 887 6596 (n.)
