5544 7750
611 629 685 700 356
1360 651 1475 701 mann
1503 651 1683 702 11111111

715 809 768 882 De
798 808 911 882 altero
943 833 1025 882 vero
1055 809 1178 882 eodem
1206 807 1309 903 libro,
1331 833 1412 906 pag.
1437 811 1524 902 124,
1545 807 1596 880 ita
1614 808 1757 881 scribit:
1779 808 1867 882 Post
1886 817 1939 882 tot
1965 833 2006 882 ac
2036 818 2155 882 tantos
2183 811 2310 883 citatos
2335 811 2426 883 anti-

609 935 722 1028 stites,
743 958 821 1007 cum
852 935 932 1006 inde
962 933 1007 1006 ad
1037 933 1182 1006 annales
1210 941 1351 1006 nostros
1379 931 1498 1005 oculos
1527 932 1766 1027 admoverem,
1788 933 1823 1004 in
1843 933 1967 1030 primis
1986 933 2117 1006 offendi
2136 935 2328 1030 Aegidium
2348 960 2427 1008 cum

608 1059 885 1133 Bartholomaeo
903 1059 1131 1154 Bononiensi,
1152 1059 1275 1130 ambos
1294 1066 1557 1152 conterraneos,
1579 1065 1614 1130 et
1634 1057 1863 1131 Torcellanos
1882 1058 2065 1156 praesules
2083 1060 2217 1154 ambos,
2235 1060 2330 1133 viros
2348 1059 2427 1132 lite-

609 1193 731 1258 ratura
761 1210 803 1257 aa
831 1185 1021 1283 prudentia
1049 1184 1216 1278 insignes.
1243 1183 1349 1256 Hunc
1375 1182 1566 1278 Aegidium
1596 1182 1841 1256 Torcellanam
1872 1183 2078 1258 cathedram
2108 1193 2305 1258 assumtum
2334 1187 2428 1259 circa

608 1336 740 1385 annum
768 1308 972 1383 MCCLIX.
998 1309 1130 1406 optimc
1159 1309 1390 1381 coniectando
1419 1307 1544 1380 statuit
1572 1307 1614 1380 cl.
1640 1307 1836 1380 Flaminius
1865 1307 2051 1382 Cornelius
2079 1308 2196 1404 (Test.
2229 1309 2266 1384 S.
2297 1310 2425 1386 Eocfea.

612 1431 1349 1531 11111111.1111111·11.,ρ11.21)(111111111
1379 1433 1487 1506 etiam
1516 1433 1633 1506 firmat
1661 1457 1732 1506 non
1759 1433 1827 1506 nisi
1855 1441 1935 1530 post
1964 1459 2095 1507 annum
2125 1433 2426 1510 MCCLXXXII.

606 1561 751 1634 vivendi
770 1560 875 1632 finem
896 1559 1033 1635 fecisse.
1055 1558 1144 1632 Cum
1163 1558 1273 1653 igitur
1301 1585 1346 1631 ex
1374 1557 1528 1632 laudatis
1556 1557 1667 1632 literis
1695 1559 1844 1632 Ioannis
1873 1559 2000 1632 XXII.
2030 1561 2226 1633 certissime
2254 1571 2427 1658 appareat

606 1687 799 1782 Aegidium
820 1687 863 1759 de
884 1684 1052 1758 Gallutiis
1072 1685 1116 1758 ad
1137 1684 1482 1782 archiepiscopatum
1499 1694 1697 1757 cretensem
1720 1693 1883 1757 evectum
1903 1685 2011 1758 fuisse
2031 1710 2125 1758 anno
2144 1684 2424 1761 MCCCXXIII.

607 1823 643 1886 at
672 1821 860 1910 praeterea
889 1837 932 1883 ex
964 1810 1066 1882 titulo
1096 1809 1170 1882 eius
1199 1809 1387 1906 sepulchro
1415 1809 1578 1906 apposito
1603 1817 1756 1882 exuatur
1775 1808 1868 1882 illius
1896 1833 2011 1884 annus
2034 1810 2252 1908 emortualis,
2273 1811 2428 1886 dubitari

607 1938 759 2036 amplius
795 1962 864 2010 non
904 1945 1021 2034 potest
1050 1936 1135 2032 quin
1163 1935 1357 2029 Aegidius,
1388 1933 1605 2012 torcellanus
1629 1934 1846 2032 Episcopus,
1876 1935 2038 2008 diversus
2072 1936 2214 2009 omnino
2246 1936 2353 2010 fuerit
2382 1939 2426 2012 ab

606 2064 760 2160 Aegidio
790 2061 949 2135 Gallutic
977 2061 1130 2134 cretensi
1158 2059 1451 2157 Archiepiscopo,
1472 2059 1538 2132 etsi
1566 2083 1657 2132 unvrs
1686 2069 1721 2132 et
1750 2059 1842 2134 alter
1869 2061 1962 2133 idem
1990 2085 2119 2134 nomen
2147 2063 2334 2158 gesserint,
2355 2062 2426 2136 Bo·

607 2191 750 2264 noniam
779 2211 965 2260 comunem
994 2186 1146 2284 patriam
1175 2185 1366 2258 habuerint
1395 2185 1621 2282 eiusdemque
1650 2184 1804 2258 instituti
1833 2185 2053 2282 disciplinam
2083 2187 2234 2284 professi
2261 2188 2343 2261 sint.

713 2314 783 2386 Sed
812 2337 831 2386 e
860 2310 1070 2384 diverticulo
1099 2311 1134 2383 in
1162 2310 1268 2384 viam.
1299 2310 1515 2404 Bonifacius,
1546 2310 1589 2382 da
1618 2334 1687 2406 quo
1716 2334 1833 2383 sermo
1860 2311 1962 2384 nobis
1990 2320 2044 2384 est
2076 2312 2327 2410 instituendus,
2356 2315 2426 2388 iam

606 2442 688 2514 inde
717 2465 737 2512 a
766 2437 907 2511 saeculo
936 2436 1044 2508 XIII.
1075 2437 1169 2533 cepit
1197 2435 1441 2508 inclarescere.
1472 2434 1566 2508 Nam
1600 2434 1692 2508 illius
1729 2460 1858 2509 nomen
1892 2459 1998 2533 saepe
2035 2437 2190 2510 occurrit
2225 2438 2259 2510 in
2295 2439 2425 2512 nostris

607 2565 845 2640 monumentis
880 2561 1018 2635 illorum
1051 2571 1262 2659 temporum.
1293 2561 1421 2633 Virum
1454 2560 1548 2632 hunc
1585 2585 1657 2633 non
1695 2561 1881 2634 mediocris
1919 2563 2142 2636 auctoritatis
2182 2571 2217 2636 et
2255 2564 2425 2662 nominis,

607 2690 906 2788 iurisprudentiae
935 2696 1055 2760 autem
1085 2687 1201 2759 studio
1230 2711 1373 2784 operam
1404 2685 1512 2782 dedit,
1534 2711 1603 2783 quo
1627 2687 1694 2759 sibi
1721 2687 1766 2759 ad
1795 2686 1944 2782 gloriam
1974 2696 2009 2760 et
2037 2687 2190 2761 honores
2214 2688 2310 2762 viam
2338 2689 2425 2762 faci-

605 2817 673 2890 lius
701 2814 889 2888 inveniret.
915 2813 958 2884 In
987 2836 1056 2909 quo
1085 2837 1170 2884 sane
1203 2835 1273 2884 non
1310 2811 1504 2883 mediocres
1534 2836 1742 2908 progressus
1770 2811 1908 2908 fecisse,
1930 2837 2010 2885 eum
2039 2836 2084 2886 ex
2113 2812 2234 2885 multis
2262 2821 2426 2887 constare

605 2949 743 3041 potest,
782 2948 857 3011 tum
890 2963 975 3011 vero
1014 2938 1167 3010 maxime
1205 2962 1250 3009 ex
1293 2945 1521 3009 monumento
1558 2937 1651 3032 qnod
1687 2937 1934 3032 consignatum
1972 2939 2016 3011 ad
2054 2962 2185 3010 annum
2223 2937 2423 3012 MCCOIV.

606 3075 708 3141 extat
736 3065 772 3136 in
802 3063 947 3136 archivo
976 3062 1117 3160 publico
1147 3061 1312 3134 civitatis.
1342 3060 1443 3133 Inter
1473 3061 1634 3133 doctores
1664 3061 1823 3159 cooptari
1852 3061 2030 3159 petierant
2058 3061 2265 3136 Bonisacius
2293 3071 2425 3161 noster,

605 3192 762 3266 Thomas
790 3187 1018 3262 hlarzalolius
1057 3198 1091 3260 et
1129 3185 1336 3258 Matthaeus
1374 3185 1590 3282 Gandcnus,
1620 3211 1723 3283 quem
1763 3211 1848 3259 sane
1886 3185 2031 3260 honoris
2058 3187 2210 3282 gradum
2248 3189 2316 3262 sibi
2350 3190 2426 3262 iure

606 3319 759 3416 quodam
790 3314 911 3387 deberi
939 3313 1186 3407 affirmabant,
1217 3312 1299 3407 quia
1328 3311 1492 3384 nimirum
1523 3311 1608 3384 iuris
1638 3311 1786 3384 scientia
1812 3310 1932 3409 plures
1965 3337 2077 3385 annos
2106 3313 2319 3411 explicanda
2351 3322 2425 3388 tra·

605 3443 791 3539 dandaque
825 3442 914 3512 bene
948 3440 991 3512 de
1025 3437 1208 3510 academia
1240 3446 1275 3509 et
1314 3437 1357 3510 de
1395 3437 1531 3509 civibus
1568 3437 1791 3510 meruissent.
1822 3437 2124 3511 Perhonorificum
2155 3438 2425 3536 [testimonium]

604 3570 639 3641 in
670 3569 761 3641 hanc
781 3591 856 3639 rem
877 3563 1091 3637 scholarium
1115 3564 1159 3636 ab
1180 3563 1265 3660 ipsis
1292 3562 1327 3634 in
1348 3587 1390 3634 ea
1408 3561 1593 3658 disciplina
1621 3562 1866 3636 instituturum
1890 3563 1984 3660 apud
2014 3563 2199 3636 doctorum
2228 3563 2427 3660 Collegium

604 3719 675 3768 non
704 3693 827 3766 defuit.
859 3690 929 3763 Sed
958 3688 1061 3762 valde
1091 3696 1335 3785 repugnarunt
1365 3687 1527 3760 doctores
1559 3687 1639 3787 ipsi,
1668 3687 1762 3761 inter
1790 3712 1878 3785 quos
1907 3688 1984 3784 lege
2015 3697 2159 3762 cautum
2187 3697 2265 3762 erat
2289 3714 2338 3766 ne
2366 3689 2428 3762 ulli

604 3841 750 3918 prorsus
780 3817 822 3888 de
851 3815 996 3888 civitate
1026 3811 1193 3886 adhunc
1222 3813 1372 3908 gradum
1406 3812 1523 3884 aditus
1561 3836 1624 3908 per
1659 3804 1705 3884 id¹
1733 3811 1902 3909 temporis
1941 3819 2098 3909 pateret,
2130 3813 2223 3910 quod
2260 3812 2423 3910 quidem,

605 3943 673 4018 etsi
709 3966 774 4016 nec
811 3939 965 4013 Gallucii
1002 3964 1117 4035 neque
1154 3937 1304 4010 aliorum
1341 3937 1475 4033 gloriae
1513 3937 1705 4034 quidquam
1743 3937 1884 4009 officere
1922 3945 2086 4035 poterat,
2125 3946 2285 4011 attamen
2322 3938 2425 4012 scho-

603 4070 697 4144 lares
735 4068 877 4140 minime
916 4064 1212 4162 acquiescendum
1249 4063 1336 4158 rati,
1367 4063 1461 4158 quod
1494 4087 1623 4158 magno
1653 4087 1739 4158 erga
1767 4087 1827 4136 eos
1856 4062 1951 4135 viros
1980 4063 2097 4136 studio
2125 4063 2350 4159 efferrentur,
2379 4065 2425 4137 ad

603 4194 764 4294 publicos
793 4190 1024 4287 magistratus
1045 4196 1297 4286 provocarunt,
1319 4212 1468 4284 quorum
1489 4187 1614 4261 deinde
1635 4195 1670 4260 et
1690 4187 1811 4284 populi
1831 4187 1937 4260 etiam
1958 4188 2171 4260 auctoritate
2196 4212 2321 4284 parcre
2341 4189 2426 4262 iussi

603 4327 686 4394 sunt
710 4319 886 4413 doctores,
908 4316 1036 4413 quibus
1056 4315 1189 4387 indicta
1209 4315 1314 4386 etiam
1335 4338 1400 4411 per
1419 4314 1628 4387 Praetorem
1646 4313 1790 4409 mulcta,
1812 4313 1842 4385 si
1860 4313 1963 4408 forte,
1985 4313 2172 4387 obfirmato
2192 4313 2227 4386 in
2246 4313 2425 4412 repulsam

604 4444 734 4538 animo,
766 4441 822 4514 vel
851 4465 923 4513 non
959 4440 1247 4536 obtemperarent
1285 4437 1342 4510 vel
1379 4463 1496 4510 moras
1535 4436 1779 4511 tantummodo
1816 4445 2011 4510 necterent.
2043 4437 2340 4530 Gbirardaccius,
2369 4439 2426 4512 oui

602 4570 746 4666 ignotae
775 4567 918 4640 minime
948 4566 1092 4637 fuerunt
1110 4564 1178 4637 1111
1199 4564 1353 4658 tabulae,
1375 4563 1496 4636 scribit
1515 4562 1736 4636 Bonifacium
1757 4562 1914 4660 aliosque
1934 4562 2001 4635 hoo
2019 4587 2125 4660 quem
2144 4563 2297 4636 diximus
2318 4588 2423 4661 anno,

603 4695 649 4770 ad
678 4695 903 4767 doctoratum
932 4699 1076 4763 evectos
1104 4689 1223 4764 fuisse.
1246 4690 1315 4762 Sed
1343 4690 1379 4760 in
1409 4689 1531 4786 primis
1559 4687 1805 4761 Marzalolium
1829 4712 2023 4784 numquam
2041 4687 2108 4761 hoc
2127 4687 2261 4762 honore
2281 4699 2425 4763 auctum

602 4820 686 4894 alibi
706 4819 872 4913 diximus,
894 4825 930 4889 et
959 4825 1146 4913 praeterea
1175 4815 1353 4887 affirmare
1382 4839 1452 4886 non
1481 4814 1595 4886 ausim
1623 4812 1825 4885 Galluoium
1854 4811 2040 4886 doctorum
2063 4811 2220 4909 Collegio
2250 4813 2423 4887 adscitum

603 4946 725 5019 statim
752 4944 874 5016 fuisse.
897 4941 987 5014 Cum
1008 4941 1101 5014 enim
1122 4941 1167 5013 ad
1186 4965 1317 5012 annum
1336 4938 1536 5012 MCCCVI.
1557 4939 1593 5010 in
1622 4939 1774 5035 quadarn
1801 4937 1926 5011 charta
1946 4939 1989 5010 de
2010 4963 2080 5036 qua
2098 4938 2202 5035 infra,
2225 4938 2424 5037 complures

603 5070 759 5144 civitatis
787 5076 1012 5167 praestantes
1040 5065 1109 5138 viri
1137 5064 1364 5138 nominentur
1392 5090 1460 5137 non
1490 5065 1564 5137 sine
1589 5064 1644 5136 vel
1665 5063 1820 5136 muneris
1839 5063 1896 5135 vel
1921 5063 2105 5160 dignitatis
2125 5063 2240 5160 titulo,
2262 5089 2331 5162 quo
2351 5063 2424 5162 ple·

603 5197 703 5293 rique
732 5194 954 5287 fruebantur,
985 5191 1171 5264 Bonisacio
1210 5198 1331 5263 nostro
1369 5190 1524 5262 doctoris
1561 5214 1690 5264 nomen
1728 5190 1870 5262 minime
1909 5190 2083 5262 tributum
2115 5189 2266 5287 reperio.
2296 5190 2422 5287 Itaque

603 5320 802 5420 putandum
838 5327 892 5391 est
929 5318 1045 5414 ipsum
1083 5317 1118 5388 in
1156 5316 1359 5388 doctoribus
1397 5317 1670 5388 adnumeratum
1707 5315 1837 5411 fuisse,
1867 5314 2048 5387 biennium
2085 5313 2196 5387 ferme
2234 5321 2424 5412 postquam

603 5447 756 5520 Senatus
785 5444 1007 5542 populusque
1032 5450 1246 5514 censuerunt
1266 5441 1309 5512 ad
1335 5466 1414 5513 eum
1443 5441 1613 5512 honorem
1643 5464 1719 5514 esse
1748 5439 2040 5538 promovendum.
2070 5437 2325 5512 Grandaevum
2352 5439 2424 5511 iam

602 5570 711 5644 fuisse
728 5578 869 5668 oportet
889 5593 969 5640 curn
989 5568 1195 5639 doctoratus
1214 5565 1409 5658 insignibus
1429 5565 1562 5663 potitus
1583 5573 1647 5636 cst.
1664 5564 1757 5636 Tum
1776 5563 1869 5637 enirn
1889 5563 1969 5635 inde
1990 5564 2034 5636 ab
2050 5587 2143 5636 anno
2157 5561 2421 5636 MCCLXXX.

603 5694 753 5794 publicis
782 5693 937 5766 civitatis
967 5693 1118 5786 negotiis
1147 5690 1349 5763 interfuisse
1370 5702 1505 5762 certum
1533 5697 1598 5763 est.
1628 5689 1832 5762 fervebant
1861 5689 2016 5762 maxime
2045 5711 2108 5786 per
2131 5687 2167 5759 id
2186 5694 2328 5785 tempus
2347 5697 2422 5760 tum

602 5821 638 5893 in
668 5819 831 5894 omnibus
860 5818 985 5890 Italiae
1015 5817 1174 5913 urbibus,
1205 5825 1281 5887 tum
1310 5840 1394 5887 vero
1424 5815 1577 5887 maxime
1605 5815 1641 5886 in
1671 5815 1815 5887 civitate
1845 5822 1968 5886 nostra
1994 5811 2184 5885 intestinae
2211 5811 2422 5906 simultates,

602 5947 730 6045 quibus
767 5945 939 6017 intestina
977 5945 1077 6040 odia,
1108 5944 1152 6016 ob
1191 5967 1281 6038 quac
1319 5940 1534 6039 reipublicae
1572 5965 1739 6037 magnum
1777 5965 1862 6013 sanc
1901 5940 2153 6012 detrimentum
2191 5938 2423 6034 inferebatur,

603 6071 740 6146 civibus
783 6071 826 6144 ad
872 6069 1068 6143 contrarias
1108 6069 1200 6140 inter
1243 6091 1279 6139 se
1318 6075 1439 6163 partes
1475 6066 1725 6138 accedentibus
1762 6063 2114 6137 Lambertacciorum
2156 6069 2191 6136 et
2224 6061 2423 6135 Ieremien·

602 6198 705 6271 sium.
728 6195 868 6268 Nicolai
888 6193 957 6266 III.
978 6194 1074 6266 iussu
1103 6192 1172 6264 huc
1201 6191 1272 6264 iam
1300 6197 1449 6264 venerat
1477 6188 1703 6276 Bertholdus,
1725 6188 1882 6262 eiusdem
1910 6210 2102 6282 germanus
2130 6187 2254 6282 frater,
2275 6192 2314 6257 ut
2342 6185 2424 6258 huic

604 6323 739 6416 morb0,
761 6321 909 6393 nimium
937 6319 1009 6392 iam
1034 6316 1278 6411 invalescenti,
1300 6316 1500 6389 efficaciora
1527 6315 1713 6388 adhiberet
1744 6313 1901 6386 remedia
1929 6319 1964 6384 et
1988 6310 2150 6410 publicae
2174 6309 2425 6407 tranquillitati

603 6446 815 6521 consuleret.
845 6446 973 6543 Itaque
1002 6467 1095 6517 anno
1123 6441 1426 6536 MCOLXXIX,
1456 6439 1641 6513 Bertholdi
1669 6463 1778 6537 opera
1806 6448 1913 6535 atque
1942 6437 2133 6534 industria,
2162 6459 2249 6534 pace
2279 6435 2423 6508 tandem
