5492 7750
853 1165 1609 1426 MONUMENTn

1093 1483 1376 1551 SPEOTANTIA

523 1705 639 1813 AD
689 1703 1269 1816 PROFESSORES
1318 1703 1560 1816 JURIS
1611 1702 1944 1813 CIVILIS.

1221 2801 1248 2864 Ι.

1087 3015 1191 3096 1154,
1217 3016 1236 3078 9
1258 3016 1377 3100 aprilis.

323 3227 375 3292 le
399 3228 530 3292 archivo
556 3228 660 3292 saneti
686 3227 842 3315 Stephani
867 3229 1008 3293 nuncin
1033 3228 1209 3292 Tabulario
1233 3228 1321 3293 Max.
1346 3229 1552 3309 bononiensi,
1577 3235 1653 3292 sect.
1677 3251 1692 3284 ‹
1715 3225 1900 3292 Dernerriole
1923 3253 1953 3310 >›,
1978 3249 2064 3292 nuni.
2086 3209 2136 3321 ἑὲ.

413 3569 435 3650 †
458 3568 499 3632 In
515 3567 644 3631 nomine
660 3588 783 3630 summe
800 3573 832 3631 et
850 3566 1014 3631 individua
1032 3567 1210 3631 Trinitatis.
1235 3567 1331 3632 Anno
1348 3567 1479 3632 Domini
1495 3568 1665 3633 millesimo
1682 3568 1856 3633 centesimo
1873 3568 2139 3654 quinquagesimo

194 3721 198 3726 -
326 3682 456 3763 quarto,
481 3675 592 3760 quinto
616 3673 687 3737 idus
712 3674 838 3760 aprilio,
863 3674 1036 3738 indictione
1068 3674 1218 3739 secunda.
1250 3674 1408 3739 Dominus
1438 3696 1576 3761 namque
1605 3675 1780 3740 Guibertus
1810 3675 1874 3740 Dei
1901 3677 2007 3761 gratia
2038 3677 2139 3742 abbas

325 3783 459 3850 ecclesie
484 3783 588 3846 saneti
604 3781 771 3868 Stephani,
789 3781 950 3868 quondam
967 3782 1150 3846 Jerusalem
1170 3789 1296 3865 vocata,
1313 3803 1333 3846 a
1348 3782 1477 3847 domino
1493 3781 1689 3868 Ildeprando
1705 3782 1940 3868 hospital[ario]
1956 3791 1989 3847 et
2005 3784 2140 3848 admini-

326 3897 464 3956 stratore
488 3889 657 3975 hespitalis
677 3888 717 3953 de
741 3895 852 3953 saneto
877 3888 1042 3974 Stephano
1067 3890 1099 3952 in
1124 3889 1290 3963 Quaterna
1312 3889 1454 3953 debitam
1478 3897 1511 3954 et
1533 3889 1661 3954 solitam
1683 3889 1933 3973 hebedientiam,
1955 3911 2044 3956 more
2068 3913 2140 3978 pre·

326 3999 541 4079 decessorum,
559 4003 683 4083 petens,
707 3995 797 4060 velut
820 4017 839 4060 a
864 4018 922 4062 suo
946 3996 1074 4061 subdito
1098 3997 1158 4060 sub
1182 3995 1323 4062 dominio
1346 4004 1379 4061 et
1401 3996 1540 4062 dictione
1564 3996 1698 4061 ecclesie
1722 3997 1809 4062 beati
1833 3995 1990 4083 Stephani
2013 3997 2052 4062 de
2075 3998 2140 4088 Bo-

327 4106 425 4171 nonia
448 4125 637 4190 permanere
666 4109 800 4189 putante
827 4104 929 4190 petiit.
962 4103 1036 4187 Qui,
1061 4103 1221 4168 diabolica
1253 4105 1460 4190 suggestione
1491 4111 1524 4168 et
1555 4103 1675 4189 sagitta
1704 4125 1890 4190 percussus,
1912 4111 2025 4168 contra
2047 4126 2141 4171 suum

326 4213 490 4279 dominum
514 4219 546 4276 et
570 4210 722 4276 abbatem
745 4211 878 4276 effectus
902 4218 1061 4299 apostata,
1080 4212 1288 4276 recalcitrans
1319 4212 1461 4277 debitam
1493 4219 1525 4276 et
1548 4212 1677 4276 solitam
1699 4211 1940 4276 hobedientiam
1962 4212 2070 4277 faeere
2092 4235 2141 4279 re·

326 4321 452 4386 cusavit
474 4327 507 4384 et
530 4341 564 4383 se
588 4325 621 4382 et
644 4319 815 4404 hospitale,
835 4319 869 4382 in
893 4340 956 4404 quo
980 4326 1051 4383 erat
1073 4341 1131 4404 pro
1156 4319 1292 4384 ecclesia
1316 4319 1420 4383 saneti
1443 4318 1610 4404 Stephani,
1627 4319 1690 4405 ipsi
1712 4318 1847 4385 ecclesie
1870 4319 2054 4406 denegavit.
2070 4320 2142 4396 Quo

326 4428 366 4492 ad
385 4427 532 4492 notitiam
555 4424 672 4488 summi
688 4433 720 4489 et
735 4426 927 4490 universalis
952 4426 1087 4491 ecclesie
1113 4425 1273 4512 pontificis
1290 4447 1328 4490 ae
1343 4447 1428 4513 pape
1444 4425 1611 4490 Anastasii
1626 4446 1685 4511 ρετ
1699 4425 1837 4512 predicti
1853 4426 1980 4491 abbatis
1996 4428 2144 4493 nuntium

325 4540 498 4622 pervento,
521 4554 581 4619 per
604 4532 783 4618 apostolica
807 4533 927 4618 scripta
951 4553 1082 4597 eausam
1104 4533 1188 4597 hanc
1212 4532 1358 4598 Gerardo
1382 4532 1572 4598 bononiensi
1595 4532 1746 4619 episeopo
1774 4534 2031 4619 cognoscendam
2060 4535 2142 4599 diffi-

326 4641 541 4725 niendamque
564 4638 740 4703 mandavit.
765 4639 851 4704 Ante
876 4641 968 4724 eujus
993 4640 1190 4725 presentiam
1213 4645 1305 4727 parte
1328 4646 1465 4726 utraque
1493 4647 1644 4727 presente
1676 4663 1749 4706 cunr
1779 4641 1845 4705 suis
1874 4640 2087 4727 prudentibus
2111 4650 2143 4707 et

326 4747 503 4829 advocatis,
517 4747 736 4832 interrogatus
752 4745 978 4831 Ildeprandus,
993 4769 1052 4833 pro
1069 4768 1132 4832 que
1149 4746 1327 4833 presideret
1343 4754 1376 4810 et
1392 4747 1425 4810 in
1441 4747 1600 4832 hospitale
1616 4755 1711 4832 esset,
1726 4768 1791 4813 non
1806 4748 1982 4835 respondit.
1996 4749 2145 4824 Quadam

326 4862 435 4920 autem
457 4854 527 4918 vice
552 4853 644 4936 dixit,
669 4875 703 4917 se
727 4875 786 4946 pro
809 4854 900 4918 laicis
924 4861 957 4917 et
979 4855 1168 4940 parentibus
1191 4854 1258 4918 suis
1281 4855 1446 4920 interesse.
1472 4855 1619 4919 Tandem
1642 4855 1767 4938 dicens,
1792 4876 1826 4919 se
1855 4856 2059 4920 multitudine
2083 4857 2143 4921 cir·

326 4961 556 5028 eumstantinm
579 4967 612 5024 et
635 4961 836 5025 audientium
860 4961 928 5025 solo
952 4962 1023 5025 visu
1051 4969 1223 5047 gravatum
1254 4961 1432 5049 appellavit
1462 4983 1560 5047 quam
1591 4969 1705 5049 postea
1737 4961 1901 5027 refutavit.
1924 4963 2038 5028 Abbas
2065 4984 2143 5028 vero

326 5069 578 5156 appellationem
601 5069 742 5154 suscepit
765 5075 797 5132 et
821 5068 1047 5154 appellationis
1064 5089 1196 5133 causam
1219 5090 1277 5155 per
1301 5091 1394 5133 suum
1419 5069 1567 5133 nuntium
1590 5069 1720 5134 domino
1743 5069 1932 5156 Apostolico
1956 5069 2143 5134 notificavit.

306 5176 485 5241 ·Deminus
509 5175 639 5261 quidem
663 5174 870 5262 Apostolicus
887 5176 1009 5261 absque
1025 5176 1092 5240 ullo
1117 5176 1342 5262 appellationis
1368 5175 1569 5261 subterfugio
1593 5198 1724 5241 causam
1747 5177 1864 5240 iterum
1888 5177 2145 5262 cognoscendam

326 5282 670 5368 domincIldeprando
685 5282 832 5347 Diacono
850 5281 1016 5346 Cardinali
1033 5283 1135 5346 saneti
1155 5283 1338 5366 Eustaeh[ii
1356 5283 1542 5369 delelgavit,
1566 5284 1660 5369 eique
1683 5283 1830 5348 eamdem
1853 5305 1984 5348 causam
2008 5285 2143 5350 diffinire

329 5390 499 5476 injuncxit.
525 5389 627 5464 Quem
653 5411 724 5454 eum
749 5410 825 5476 sepe
850 5396 997 5454 vocasset
1020 5397 1052 5454 et
1073 5397 1257 5476 presentem
1279 5391 1466 5474 monuisset,
1488 5397 1647 5478 quatenus
1670 5391 1894 5479 prenominato
1917 5391 2028 5456 abbati
2048 5393 2143 5478 justi-

326 5497 406 5562 tiam
429 5496 551 5561 faceret
575 5503 607 5560 et
630 5517 740 5560 coram
762 5516 800 5560 eo
823 5496 941 5581 juditio
972 5497 1117 5579 sisteret,
1141 5496 1356 5582 Ildeprandus
1387 5497 1442 5562 ille
1472 5519 1530 5583 per
1560 5497 1742 5563 evidentem
1774 5498 2004 5563 contumatiam
2034 5499 2143 5564 venire

327 5604 528 5691 contempsit.
552 5603 602 5668 Eo
626 5624 703 5668 vero
727 5603 837 5668 venire
861 5610 1030 5668 recusante
1064 5609 1096 5668 et
1121 5604 1274 5689 juditium
1297 5603 1458 5690 fugiente,
1482 5604 1612 5669 Abbate
1636 5611 1745 5670 antem
1768 5627 1842 5670 cum
1864 5606 1930 5670 suis
1953 5607 2089 5670 testibus
2111 5614 2145 5672 et

327 5711 578 5798 allegationibus
602 5711 746 5775 cominus
770 5711 974 5795 consistente,
992 5717 1024 5776 et
1047 5732 1138 5775 suam
1162 5711 1314 5797 consequi
1337 5711 1496 5776 rationem
1517 5718 1657 5798 petente,
1670 5712 1779 5777 taliter
1794 5720 2049 5800 prememoratus
2066 5713 2144 5778 Oar-

328 5819 445 5883 dinalis
468 5839 566 5904 super
590 5840 722 5882 eausam
744 5819 984 5904 pronuntiavit:
1010 5818 1081 5905 Ego
1105 5819 1320 5904 Ildeprandus
1348 5820 1502 5885 diaeonus
1526 5822 1699 5886 cardinalis
1731 5823 1835 5886 sancti
1857 5821 2025 5886 Eustachii
2047 5828 2080 5885 et
2102 5842 2145 5885 ex

325 5925 476 6010 delegato
492 5925 613 5990 domini
629 5947 713 6012 pape
733 5925 910 6009 Anastasii,
928 5947 1034 6009 cause,
1051 5947 1113 6011 que
1138 5927 1274 5991 vertitur
1290 5927 1373 5991 inter
1389 5926 1552 5992 Abbatem
1573 5928 1676 5993 sancti
1693 5929 1850 6015 Stephani
1866 5935 1899 5992 et
1914 5927 2145 5992 Ildebrandum

326 6033 491 6098 custodem
514 6033 682 6119 hospitalis
707 6033 811 6097 sancti
834 6033 991 6119 Stephani
1011 6033 1050 6097 de
1068 6032 1234 6107 Quaterna
1255 6035 1411 6118 cognitor,
1436 6056 1509 6098 cum
1532 6056 1608 6121 sepe
1631 6035 1811 6121 predictum
1835 6034 2066 6099 ildebrandum
2089 6056 2145 6100 vo·

326 6140 468 6206 caverim
498 6146 531 6204 et
561 6146 745 6227 presentem
768 6141 962 6225 monuerim,
987 6147 1147 6226 quatenns
1176 6141 1400 6228 prenominato
1423 6143 1547 6207 Abbati
1576 6143 1732 6207 iustitiam
1762 6142 1884 6208 faceret
1907 6149 1940 6207 et
1963 6164 2072 6207 coram
2094 6165 2145 6208 me

327 6247 439 6311 iuditio
464 6247 609 6330 sisteret,
634 6247 759 6334 etipse
783 6269 841 6334 per
869 6248 1100 6312 contumatiam
1130 6248 1313 6312 evidentem
1347 6249 1458 6314 venire
1488 6250 1733 6337 contempserit,
1761 6250 1935 6336 pronuntio
1966 6249 2145 6335 predictum

325 6354 491 6418 Abbatem
515 6354 618 6418 saneti
643 6353 801 6440 Stephani
831 6354 865 6418 in
896 6355 1133 6441 possessionem
1163 6354 1301 6442 predicti
1331 6355 1501 6441 hospitalis
1532 6356 1572 6420 de
1604 6356 1770 6431 Quaterna
1790 6365 1823 6422 et
1845 6377 1953 6420 rerum
1975 6356 2018 6421 ad
2041 6356 2146 6443 ipsum

326 6460 486 6546 hospitale
510 6461 742 6546 pertinentium
766 6461 968 6547 mittendum,
985 6463 1154 6549 ipsumque
1179 6462 1411 6527 Ildebrsndum
1427 6462 1468 6527 ab
1492 6463 1769 6530 administratione
1793 6485 1919 6530 cessare
1942 6464 2048 6528 iubeo.
2073 6464 2147 6539 Qua
