5490 7750
790 664 1022 716 secessurus
1051 665 1101 712 nn
1131 661 1385 712 eaorsssoass
1414 661 1520 712 ausis
1550 660 1685 710 crvrms
2071 639 2146 709 135

326 824 523 907 intrantibus,
540 831 699 908 sancteque
722 823 880 906 apostolica
904 841 1029 884 rainone
1051 818 1201 900 Ecclesia;
1216 838 1278 880 non
1301 839 1351 881 aro
1375 819 1408 880 in
1424 818 1547 880 coresilio
1562 825 1617 880 aut
1632 837 1778 880 correansu
1795 816 1839 880 cel
1852 815 1944 898 facto,
1962 817 2046 901 quod
2058 815 2150 878 citam

322 932 459 1016 perdant
478 939 533 996 aut
548 929 728 1012 merrrbruru,
744 935 800 992 arat
822 930 987 1011 capiantur
1010 927 1091 990 malo
1115 926 1260 1009 captione.
1288 923 1457 988 Consilium
1481 924 1563 1009 quod
1585 924 1660 987 milti
1682 924 1832 988 credituri
1854 932 1945 988 arunt
1961 945 2023 1008 par
2045 945 2075 989 se
2096 933 2151 988 aut

328 1041 456 1103 rruncios
478 1059 548 1102 suos
575 1039 635 1100 sice
651 1057 712 1120 par
734 1036 849 1117 literas,
873 1035 915 1098 ad
938 1055 1043 1098 eorum
1066 1033 1228 1114 darrrnum,
1252 1052 1298 1095 rue
1321 1033 1440 1114 sciente,
1461 1033 1577 1094 nemini
1597 1031 1755 1115 pandam:
1778 1037 1805 1095 el
1827 1033 1854 1094 si
1876 1033 1987 1095 scicaro
2013 1031 2085 1114 fieri
2106 1033 2151 1096 rel

323 1149 492 1231 praemori
513 1167 565 1210 sen
589 1146 718 1207 tractari
740 1142 870 1226 aliquid,
894 1141 976 1226 qued
997 1142 1036 1204 sit
1060 1142 1091 1202 in
1116 1159 1221 1203 aarum
1243 1139 1289 1202 cal
1313 1137 1444 1202 Ecclesia
1463 1138 1597 1221 predicte
1619 1138 1784 1221 clamarem,
1807 1139 1888 1202 illud
1904 1159 2070 1224 proposse
2093 1143 2150 1204 irn-

322 1254 464 1338 padiom,
488 1261 515 1317 et
538 1255 565 1315 si
588 1251 736 1336 irnpeelira
758 1270 818 1312 non
836 1257 954 1334 potero,
975 1247 1057 1310 illud
1080 1248 1122 1310 eis
1144 1253 1170 1310 ct
1194 1246 1290 1310 eidem
1313 1244 1445 1309 Ecclesia
1468 1245 1640 1330 siqnificare
1663 1245 1784 1309 curabo.
1809 1246 1964 1330 Populum
1988 1267 2150 1312 romanum

327 1368 354 1425 at
377 1361 494 1445 reqalia
523 1362 621 1422 sarrdi
645 1359 730 1422 Petri
752 1358 833 1440 jura
861 1363 888 1420 et
910 1355 1142 1439 jurisdictiones
1165 1355 1261 1436 ipsuis
1283 1360 1310 1417 et
1333 1372 1537 1416 successorum
1559 1373 1688 1416 suorum
1710 1374 1746 1416 ac
1768 1373 1894 1417 ranana
1916 1353 2064 1438 Ecclesia,
2087 1362 2150 1419 torre

329 1469 363 1531 in
386 1467 442 1531 boc
464 1469 580 1531 ciuitate
604 1469 727 1549 eiusque
750 1465 904 1528 territorio
927 1469 954 1526 at
977 1463 1117 1526 districtu
1141 1481 1233 1545 quarn
1256 1459 1330 1523 olibi
1354 1459 1536 1544 ubicumque
1559 1462 1735 1542 existentia,
1758 1461 1885 1545 adjutor
1906 1483 1957 1525 ero
1980 1463 2007 1526 ei
2029 1470 2057 1526 at
2079 1465 2152 1548 ipsis

326 1573 543 1639 successoribus
567 1596 603 1637 ac
626 1571 758 1636 Ecclesia
780 1571 823 1634 ad
846 1569 1051 1650 retinendum,
1067 1566 1294 1651 defendendum
1318 1574 1345 1630 et
1368 1567 1624 1651 recuperandum,
1641 1587 1675 1630 oc
1690 1575 1869 1652 recuperata
1889 1569 2151 1634 neareutanandmn

327 1689 433 1746 contra
455 1701 572 1746 ornnem
597 1681 758 1761 lroueinarn,
779 1685 805 1742 et
829 1678 910 1763 quod
930 1675 1109 1759 hujusmodi
1131 1675 1267 1758 officium
1284 1695 1345 1758 par
1368 1674 1504 1738 cuondam
1529 1673 1688 1738 dominum
1712 1695 1812 1738 meum
1835 1675 1994 1740 dominum
2017 1675 2151 1741 Benedi-

328 1797 409 1854 cturn
428 1809 544 1873 popam
568 1786 659 1851 rericlri
680 1789 926 1867 consueuerant
949 1783 1094 1869 quicquid
1115 1780 1256 1867 spectabit
1278 1781 1320 1844 od
1339 1781 1429 1864 illud,
1446 1784 1507 1845 nice
1522 1789 1549 1846 at
1564 1783 1686 1846 nomilia
1701 1781 1835 1864 ejusdam
1850 1782 1968 1846 donnini
1982 1785 2043 1848 mei
2057 1783 2151 1868 Papa,

332 1905 583 1962 etsuccessorurn
607 1915 734 1959 suorum
762 1902 789 1958 et
810 1902 912 1958 sonata
935 1913 1059 1956 romane
1082 1891 1214 1955 Ecclesia
1237 1889 1310 1954 bena
1333 1897 1359 1953 et
1380 1889 1513 1972 fideliter
1536 1889 1683 1973 caereale,
1699 1893 1859 1954 uniuersos
1881 1899 1908 1955 et
1930 1893 2070 1977 sinqulos
2083 1914 2153 1956 con-

329 2007 497 2086 ventiones,
521 2003 705 2066 conditiones
735 2009 763 2065 et
786 2001 1002 2085 promissiones
1034 2001 1066 2062 in
1097 1998 1184 2061 dictis
1211 1998 1319 2062 littaris
1342 2018 1436 2081 super
1457 1997 1537 2060 dicta
1562 1997 1800 2062 reconciliatione
1822 1998 1971 2082 confectis,
1995 2020 2061 2064 una
2083 2021 2152 2064 curre

330 2109 595 2191 declarationibus,
620 2107 876 2173 moderationibus
898 2114 924 2171 et
947 2105 1185 2190 suppletionibus
1207 2105 1402 2188 supradictis,
1427 2111 1453 2167 et
1476 2106 1579 2168 oruntio
1602 2112 1629 2168 et
1651 2106 1785 2190 sinqula,
1810 2126 1867 2190 quc
1889 2109 1923 2169 in
1946 2106 2034 2171 dictis
2056 2109 2153 2173 literis

328 2221 533 2301 continentur,
551 2219 705 2302 plenarie,
729 2223 879 2301 qnantum
902 2218 935 2278 in
959 2236 1006 2278 rna
1026 2214 1135 2297 fuerit,
1152 2211 1320 2294 observabo,
1336 2233 1390 2276 nec
1413 2214 1531 2276 careium
1554 2220 1660 2277 ceretro
1683 2214 1748 2277 illa.
1766 2212 1817 2277 Sic
1840 2235 1887 2278 nne
1909 2213 1996 2278 Deus
2018 2215 2152 2300 adjurat,

327 2333 355 2391 el
376 2326 428 2390 bec
451 2333 555 2390 sancta
579 2325 640 2388 Dei
660 2324 830 2410 Euruqalia
855 2347 884 2386 ».
910 2322 1058 2406 Denique
1082 2319 1231 2384 eurndem
1256 2319 1424 2383 Thadeum
1448 2341 1489 2382 ex
1513 2327 1605 2405 parte
1628 2328 1739 2384 nostra
1771 2321 1908 2385 horteris
1941 2329 1973 2386 et
2000 2321 2155 2406 inducas,

327 2441 363 2498 ut
394 2433 440 2498 sic
471 2433 680 2497 laudabiliter
703 2438 734 2494 et
762 2430 939 2516 prudenter
962 2429 994 2492 in
1018 2428 1295 2492 administratione
1319 2427 1464 2512 predicta
1488 2449 1522 2492 se
1546 2449 1659 2512 gerere
1683 2427 1812 2492 studeat
1843 2438 1875 2492 et
1906 2430 2042 2514 habere,
2067 2432 2152 2517 quod

329 2541 415 2627 apud
439 2563 497 2604 nos
521 2547 553 2604 et
578 2539 695 2602 Sedens
718 2537 864 2601 earundem
888 2557 951 2600 non
976 2537 1133 2598 immerito
1158 2534 1266 2598 valeat
1289 2534 1517 2616 commendari,
1543 2556 1664 2620 nosque
1688 2543 1720 2598 et
1744 2536 1829 2599 dicta
1854 2536 1954 2600 Sedes
1978 2538 2019 2602 ad
2042 2560 2152 2623 prose-

328 2648 491 2734 quendum
515 2647 663 2710 eumdem
687 2645 803 2730 gratijs
825 2651 858 2708 et
881 2643 1046 2708 favoribus
1070 2665 1112 2707 ex
1136 2644 1206 2726 ejus
1228 2642 1447 2706 laudabilibus
1471 2643 1592 2706 meritis
1617 2643 1852 2708 rationabiliter
1875 2644 2075 2724 inducamur.

417 2756 537 2819 Datum
560 2753 725 2836 Arinioni,
750 2751 1012 2836 decimoseptimo
1036 2751 1194 2814 kalendas
1218 2750 1299 2835 iulij,
1324 2750 1529 2836 pontificatus
1551 2751 1652 2815 nostri
1675 2772 1760 2814 anno
1784 2757 1887 2816 sexta.

1184 3127 1307 3190 LXIX.

1112 3359 1209 3442 1341,
1234 3360 1278 3422 28
1301 3361 1380 3424 iulii.

568 3591 758 3655 Excedam
782 3598 869 3655 tomo
896 3590 1015 3654 Codicis
1037 3592 1225 3677 diplornatici
1247 3591 1446 3674 bononiensis,
1471 3613 1557 3654 num.
1581 3590 1672 3672 XL,
1698 3613 1724 3654 c.
1751 3593 1815 3655 710
1840 3613 1865 3655 r.
1882 3589 1922 3655 (¹)

418 3824 614 3888 Benedictus
638 3825 818 3911 episcopus,
843 3846 955 3888 servus
979 3847 1146 3890 servorum
1169 3825 1242 3908 Dei,
1267 3825 1384 3889 dilecto
1408 3825 1473 3888 filio
1498 3825 1599 3889 nobili
1622 3825 1691 3889 uiro
1716 3824 1848 3890 Thadeo
1873 3825 1912 3889 de
1936 3824 2081 3910 Pepulis,
2098 3845 2155 3909 ge·

332 3933 414 3996 renti
438 3931 751 3996 adariuistrationem
773 3933 892 3996 iurium
916 3939 1099 3997 nostrorum
1121 3933 1280 3998 fiscalium
1303 3934 1336 3997 in
1360 3934 1507 4016 civitate,
1532 3933 1686 3997 comitatu
1710 3939 1742 3997 et
1769 3933 1918 3997 districtu
1945 3933 2154 4015 bononiensi,

332 4040 470 4103 salutem
494 4046 526 4103 et
550 4040 762 4125 apostolicam
786 4040 1053 4104 benedictionem.

419 4147 471 4210 Ex
495 4148 576 4231 hijs,
601 4169 663 4233 que
697 4148 738 4211 ad
770 4147 893 4212 curiam
922 4148 986 4231 hijs
1020 4148 1133 4212 diebus
1157 4149 1316 4235 scripsisti
1339 4155 1511 4234 percepto,
1536 4149 1623 4235 quod
1646 4157 1680 4213 tu
1704 4149 1746 4213 ad
1770 4149 2002 4213 exaltationem
2024 4148 2156 4212 honoris

333 4253 478 4318 Ecclesia
502 4275 634 4318 romane
658 4253 781 4318 sincere
806 4255 874 4319 zelo
899 4255 1091 4340 devotionis,
1107 4255 1190 4320 sicut
1213 4257 1311 4320 etiam
1335 4257 1454 4320 teneris
1478 4256 1661 4338 adstrictus,
1678 4256 1825 4342 aspirans
1846 4255 1971 4342 pridem
1992 4255 2034 4319 sd
2050 4256 2156 4340 requi·

332 4361 480 4426 sitionem
503 4362 612 4425 dilecti
632 4361 691 4445 filij
710 4361 919 4446 Thesaurarij
937 4363 1101 4448 provincie
1117 4361 1343 4447 Romandiole,
1359 4363 1451 4428 nobis
1468 4371 1500 4427 et
1516 4363 1621 4427 cidem
1637 4363 1782 4428 Ecclesia
1799 4363 1984 4427 imrnediate
2001 4363 2156 4447 subjecte,

332 4491 391 4555 pro
415 4470 627 4555 reprimendis
650 4470 762 4533 utilius
791 4469 959 4534 rebellium
991 4470 1138 4555 ejusdem
1168 4472 1333 4556 provincie
1363 4472 1618 4557 presumptuosis
1651 4471 1886 4535 temeritatibus
1911 4492 1974 4535 non
1998 4471 2159 4536 modicum

332 4585 525 4662 apparatum
548 4579 707 4662 equestris
730 4585 762 4641 et
785 4578 943 4663 pedestris
971 4579 1076 4662 gentis
1107 4579 1267 4663 armigera
1298 4579 1339 4642 ad
1372 4579 1520 4643 eamdem
1551 4579 1750 4664 provinciam
1782 4579 1939 4665 promptis
1970 4588 2002 4643 et
2033 4579 2158 4643 devotis

332 4685 501 4749 affectibus
525 4685 704 4768 destinasti,
725 4686 875 4771 quodque
892 4687 968 4750 licet
984 4688 1120 4751 dilectus
1143 4687 1228 4750 lilius
1245 4689 1398 4772 magister
1414 4687 1585 4774 Philippus
1602 4688 1641 4751 de
1658 4687 1784 4751 Antilla
1800 4687 1888 4772 prior
1904 4687 2038 4751 ecclesie
2054 4689 2159 4751 sancti

332 4790 422 4856 Petri
447 4792 593 4876 Scaratlij
618 4792 809 4875 Florentini,
827 4794 1014 4879 capellanus
1039 4802 1158 4876 noster,
1176 4800 1281 4859 rector
1304 4795 1450 4879 ejusdem
1473 4795 1638 4881 provincie
1662 4794 1738 4858 dum
1762 4816 1866 4880 nuper
1889 4793 1929 4857 de
1953 4793 2051 4858 Curia
2069 4815 2157 4859 rece·

334 4899 413 4963 dens
436 4900 477 4963 ad
502 4901 665 4964 civitatem
689 4901 897 4987 applicuisset
920 4902 1161 4985 Florentinum,
1187 4903 1358 4988 instigatus
1390 4903 1499 4980 forsan
1530 4925 1589 4990 pro
1620 4911 1712 4989 parte
1746 4903 1906 4967 dictorum
1934 4902 2104 4966 rebellium
2127 4912 2158 4966 te

333 5007 525 5092 requisierit,
549 5015 585 5072 ut
617 5015 747 5092 gentem
779 5029 948 5073 revocares
984 5010 1147 5074 earndem:
1172 5018 1207 5073 tu
1239 5018 1347 5074 tamen
1378 5012 1473 5074 certis
1504 5011 1684 5076 rationibus
1717 5011 1822 5074 eidem
1856 5031 1914 5096 per
1945 5010 2056 5074 literas
2086 5017 2161 5074 tuas

335 5115 537 5200 responsales
560 5116 718 5200 pratensis
743 5116 775 5179 id
800 5117 905 5180 lacere
931 5139 1096 5202 quousque
1122 5117 1216 5181 aliter
1239 5139 1326 5182 esses
1351 5119 1541 5182 certioratus
1565 5118 1604 5182 de
1628 5124 1739 5182 nostro
1761 5118 1965 5203 beneplacito
1981 5139 2078 5203 super
2095 5117 2158 5201 hijs

335 5222 479 5303 omisisti,
504 5244 572 5304 nos,
597 5223 761 5308 premissis
786 5223 972 5308 diligentius
997 5225 1177 5306 intellectis,
1203 5225 1406 5289 devotionem
1430 5233 1519 5288 tuam
1550 5232 1582 5289 et
1615 5226 1881 5311 circumspectam
1912 5225 1944 5288 in
1975 5225 2036 5288 hac
2067 5233 2159 5310 parte

335 5329 536 5414 diligentiam
562 5330 782 5416 multipliciter
804 5332 837 5394 in
862 5331 1000 5396 Domino
1025 5332 1296 5416 corrrmendamus,
1314 5333 1469 5415 volentes,
1486 5340 1639 5418 tuamque
1655 5333 1844 5397 fidelitatem
1866 5333 2019 5396 attentius
2043 5333 2160 5397 exhor-

337 5443 452 5518 tantes,
478 5444 636 5522 quatenus
660 5438 745 5502 circa
768 5439 925 5525 premissa
949 5447 1015 5502 tam
1041 5461 1113 5503 enm
1137 5447 1233 5524 gente
1257 5441 1402 5526 predicta
1425 5461 1521 5525 quam
1543 5441 1634 5522 alias,
1652 5441 1735 5504 sicut
1759 5440 1837 5503 utile
1854 5461 1892 5503 ac
1909 5440 2085 5526 expediens
2100 5441 2158 5504 tibi

336 5551 368 5607 et
391 5544 494 5607 eidem
518 5543 650 5608 Rectori
674 5545 850 5628 ridebitur,
875 5547 935 5610 sibi
960 5547 1069 5609 taliter
1092 5548 1242 5611 assistere
1267 5569 1332 5611 nun
1356 5549 1502 5630 emittas,
1528 5547 1614 5632 quod
1638 5547 1723 5611 idem
1746 5547 1865 5612 Rector
1888 5553 1944 5611 tuo
1968 5554 2000 5610 et
2024 5547 2160 5611 aliorum

338 5651 480 5715 fidelium
503 5658 535 5714 et
557 5651 747 5716 devotorum
772 5662 955 5718 nostrorum
986 5661 1018 5717 et
1048 5653 1194 5718 Ecclesia
1226 5655 1327 5718 fultus
1359 5654 1492 5739 auxilijs
1523 5661 1555 5718 et
1587 5655 1753 5719 favoribus
1782 5655 1939 5737 eamdem,
1963 5655 2162 5740 provinciam

336 5759 490 5845 repressis
515 5760 684 5823 rebellium
709 5767 742 5824 et
764 5762 974 5825 tiramnorum
1001 5762 1191 5845 insolentijs,
1216 5762 1317 5848 possit
1340 5763 1400 5826 sub
1424 5763 1513 5826 cultu
1535 5763 1624 5848 pacis
1649 5769 1681 5826 et
1700 5763 1825 5847 justitie
1849 5763 2042 5848 gubernare.

424 5867 547 5930 Datum
572 5868 735 5950 Arinioni,
761 5870 872 5954 quinto
897 5869 1053 5933 kalendas
1078 5871 1217 5955 augusti,
1243 5869 1448 5955 pontificatus
1472 5871 1573 5934 nostri
1597 5892 1682 5934 annio
1707 5871 1764 5955 cij.

415 6527 454 6589 (1)
475 6524 516 6574 Ex
536 6527 651 6593 registro
672 6525 734 6578 v11.
756 6527 806 6595 Ep.
826 6543 897 6594 see,
917 6545 960 6596 ep.
983 6531 1041 6593 135,
1061 6529 1109 6580 lol.
1128 6532 1172 6580 59.
