5484 7746
851 1016 1604 1141 MONUMENTORUM

554 1399 1247 1579 APPENDIX
1331 1394 1948 1572 ALTERA.‘¹'

735 2600 761 2663 1.

369 2812 421 2876 Er
447 2813 552 2878 Cortice
576 2813 773 2878 Jaslinioneo
794 2833 880 2876 rrrrrn.
907 2812 1051 2874 ,112710
1075 2810 1190 2874 Biblio-

307 2921 389 2984 tlreeo
415 2921 636 3003 101100110,1111.
660 2918 727 3004 IL,
751 2923 797 2984 til.
820 2917 913 2984 LIX.
924 2918 963 2982 (2)

369 3027 419 3091 De
440 3028 653 3112 jurejurando
678 3034 809 3114 propter
829 3027 1024 3091 calumniam
1044 3025 1160 3088 dando.

369 3135 549 3221 Imperator
573 3134 775 3200 Justiuianus
803 3135 862 3216 A.,
887 3133 1098 3198 Demostheni
1122 3131 1189 3196 ΡΡ.

370 3242 408 3306 10
433 3243 580 3306 omuibus
602 3242 717 3324 causis,
735 3242 802 3305 sire
819 3248 951 3328 propter
966 3241 1076 3304 literas
1093 3240 1190 3303 fuerit

309 3349 395 3434 apud
419 3356 450 3412 te
468 3356 636 3431 certatum,
654 3349 721 3412 sive
737 3355 870 3434 propter
885 3349 1108 3430 instrumenta,
1122 3348 1189 3411 sive

371 3579 410 3645 (1)
430 3580 581 3646 Apmerrclici
598 3596 651 3646 per·
671 3595 795 3630 rrrrrrreros
813 3578 881 3630 haec
901 3579 1059 3648 praeposuit
1079 3579 1189 3630 Maurus

310 3669 455 3720 Fattorini:
470 3685 484 3716 a
500 3668 680 3719 Morrnnrenlr's
692 3667 853 3734 quibrrsdom
867 3669 896 3718 r'n
910 3668 1089 3733 Apperrdr'ccm
1108 3669 1191 3734 00111]-

308 3758 410 3808 er'errdis
429 3773 555 3809 nutrieras
574 3759 728 3823 assignasse
746 3757 913 3809 0180111011
931 3757 1036 3807 cuilibet
1048 3773 1114 3823 opus
1127 3759 1192 3808 inte·

306 3865 385 3915 pram
406 3848 503 3914 legenti
517 3853 612 3914 patere
630 3849 712 3912 facile
726 3848 833 3914 potnit
853 3846 925 3898 Mr'lri
947 3862 1008 3898 cero
1028 3849 1192 3913 0001100091-

307 3939 378 3988 iauti
403 3938 434 3988 sle
459 3937 606 4002 sufficienti
634 3938 751 4002 ratione,
770 3953 850 4002 qrram
875 3936 929 3987 eibi
953 3938 995 3987 011·
1024 3937 1193 3988 ‹locrisstmue

302 4028 475 4094 proposuerit
494 4028 522 4078 ln
542 4026 697 4092 1111100100ᾱί
715 4028 817 4092 erogatio
835 4026 960 4076 1110111010
977 4042 1043 4076 snite
1062 4041 1119 4076 eoru
1139 4043 1192 4078 noa

306 4117 389 4167 licru't.
403 4115 475 4167 Ordo
486 4122 575 4166 tomen
588 4115 717 4166 terrendas
729 4121 766 4166 est
779 4121 801 4166 at
818 4115 991 4166 Morrumenin
1006 4117 1074 4181 ipsa,
1085 4122 1191 4165 serrata

307 4222 480 4257 rrrrrneiorum
498 4207 575 4269 serie,
590 4205 665 4256 niodo
683 4211 747 4256 01011
766 4205 914 4270 afferendo.
935 4205 975 4255 Sil
993 4206 1080 4270 igilur·
1093 4223 1117 4256 r.
1135 4203 1192 4256 Nos

307 4296 350 4347 hic
366 4313 379 4348 a
393 4296 466 4347 dicta
480 4295 640 4364 Appendiee
655 4297 832 4346 monumento
845 4297 951 4345 tantum
968 4293 1067 4346 iterum
1087 4295 1193 4347 edenda

310 4385 449 4450 duximus,
469 4401 538 4453 quae
558 4400 574 4436 a
593 4384 690 4453 prioris
714 4384 803 4452 operia
828 4383 953 4435 editionis
977 4387 1100 4452 tempore
1120 4385 1192 4453 typis

310 4474 454 4526 commissa
473 4473 500 4524 in
519 4475 609 4524 lucem
628 4489 683 4524 non
702 4473 869 4542 prodierunt.
1139 4475 1192 4539 (u.)

372 4566 411 4628 (2)
421 4563 509 4614 Multa
522 4563 605 4615 babet
619 4562 723 4615 Sartiua
737 4563 770 4615 de
784 4564 897 4632 antique
917 4564 1010 4615 codiee
1022 4563 1191 4630 justinianeo

310 4654 336 4704 in
350 4653 486 4704 Vaticana
499 4653 667 4705 bibliotheca
680 4653 824 4718 existente,
835 4653 862 4703 in
876 4668 937 4721 quo,
951 4657 982 4703 ut
993 4653 1051 4721 ipse
1065 4651 1190 4717 affirmat,

309 4745 372 4793 sunt
391 4743 506 4810 glossae,
520 4747 550 4792 ut
564 4741 712 4810 plurimum
725 4740 925 4806 interlineares,
939 4757 1006 4810 quaa
1026 4742 1073 4794 uni
1088 4743 1191 4794 Irnerio

310 4831 467 4882 tribuendas
488 4846 547 4882 esse
566 4830 723 4882 arbitratur.
743 4829 881 4900 Scriptum
907 4847 960 4882 non
987 4847 1046 4883 esse
1066 4833 1192 4884 eumdem

310 4925 371 4988 post
396 4919 532 4970 Irnerium
556 4935 589 4971 ex
612 4935 644 4972 eo
663 4919 707 4971 101
726 4921 845 4971 maxime
872 4921 997 4985 coniicit,
1017 4922 1088 4990 quod
1112 4923 1191 4973 unius

312 5009 409 5060 lrnerii
427 5009 531 5077 glossas
552 5008 696 5074 exhibeat3
711 5026 798 5078 neque
820 5010 893 5062 enim
913 5011 1042 5063 credibile
1063 5015 1143 5076 esset,
1162 5017 1193 5062 ut

311 5099 369 5168 ipse
390 5098 436 5164 ait,
456 5099 479 5150 si
498 5101 560 5166 post
579 5097 714 5149 Irnerium
734 5098 851 5167 scriptus
871 5099 950 5164 soret,
969 5101 1086 5152 soluisse
1106 5101 1193 5166 illum,

311 5189 433 5257 quisquis
452 5186 536 5239 fuerit
552 5188 598 5256 qui
616 5204 678 5239 eum
696 5187 796 5239 librum
816 5188 867 5239 sibi
887 5189 1096 5242 exscribendum
1115 5207 1194 5242 cura·

311 5279 363 5342 rit,
383 5293 477 5330 carere
497 5279 606 5329 omnino
634 5295 727 5330 eorum
753 5277 849 5346 glossis
874 5282 902 5330 et
923 5280 1194 5347 interpretationibus

311 5369 357 5438 qui
378 5371 441 5437 post
460 5367 596 5420 Irnerium
616 5368 827 5437 interpretandis
841 5368 947 5437 legibus
961 5369 1127 5422 claruerunt.
1141 5369 1194 5422 Sed

312 5475 431 5510 errorem
451 5458 567 5509 fortasse
581 5457 733 5525 obrepsisse
747 5457 804 5508 1110
818 5458 968 5510 clarissimo
983 5459 1015 5510 de
1029 5459 1080 5511 hac
1094 5477 1123 5512 re
1137 5464 1195 5511 tota

312 5549 350 5600 sic
372 5547 512 5612 iudicanti,
526 5547 631 5599 monuit
650 5547 787 5600 Henricus
804 5546 1032 5613 Sanclementius,
1045 5549 1195 5601 monachus

314 5653 348 5688 ex
371 5653 432 5688 mea
458 5635 691 5705 Congrsgatione,
710 5652 805 5689 sacrae
833 5636 947 5688 Rituum
971 5637 1196 5707 congregationis

314 5729 452 5778 consultor
472 5730 499 5778 et
513 5726 622 5778 Ordinis
636 5727 720 5778 nostri
734 5726 931 5786 Cancellarius,
944 5729 1020 5780 cuius
1035 5730 1196 5781 amicitiast

315 5817 446 5881 doctrina,
465 5833 520 5884 qua
539 5816 668 5881 abundat,
686 5832 751 5868 usus
770 5832 830 5867 sum
852 5817 916 5868 dum
935 5817 1039 5870 Romae
1059 5818 1131 5870 idem
1150 5819 1197 5871 de·

313 5909 405 5974 geret,
425 5922 473 5973 pro
492 5905 611 5957 risendis
636 5905 875 5975 exscribendisque
902 5908 1094 5959 nonnullorum
1118 5907 1198 5960 Oedi·

314 6011 376 6047 oum
395 5995 546 6063 particulis,
560 6011 630 6062 quas
644 5995 678 6045 ad
696 6011 754 6046 rem
768 6011 858 6047 meam
871 5996 963 6048 facere
977 6001 1097 6065 possent.
1110 5998 1197 6066 Igitur

313 6085 385 6154 quod
404 6087 511 6152 spectat
535 6084 569 6135 ad
594 6084 666 6136 hunc
696 6083 824 6137 Codicem
844 6085 1062 6150 Justinianeum,
1082 6089 1128 6156 qui
1157 6092 1198 6140 est

315 6193 340 6227 n.
357 6179 423 6227 1121
445 6176 472 6226 in
491 6176 660 6240 membrana,
673 6178 753 6243 putat
772 6176 855 6227 etiam
869 6174 1088 6229 Sanclementius
1101 6194 1198 6231 exara·

315 6270 372 6317 tum
392 6271 456 6318 ants
471 6265 569 6318 Irnerii
582 6269 711 6330 aetatem,
725 6281 777 6317 non
791 6267 855 6335 quia
869 6283 939 6318 unus
958 6267 1077 6320 lrnerius
1093 6269 1198 6337 glossas

314 6355 458 6420 addiderit,
471 6355 518 6407 aed
538 6354 602 6424 quia
621 6353 737 6422 glossae,
751 6371 821 6423 quae
839 6356 867 6406 in
881 6372 913 6408 eo
933 6361 1088 6422 occurrunt,
1102 6375 1198 6410 revera

316 6447 475 6498 recentioris
495 6463 554 6498 esso
573 6462 670 6497 manus
689 6446 825 6512 sidentur,
839 6451 866 6498 et
885 6447 949 6517 quia
962 6449 1005 6500 rel
1020 6449 1139 6501 maxime
1153 6449 1198 6501 vix

317 6536 420 6604 aliquid
439 6536 521 6605 spatii
537 6536 664 6588 relictum
683 6539 798 6604 apparet
817 6553 866 6605 pro
880 6538 976 6606 glossis
991 6539 1056 6607 ipsis
1070 6539 1199 6591 adiicien-

1255 2599 1386 2678 propter
1410 2590 1582 2676 quicquam
1606 2588 1704 2670 aliud,
1721 2588 1754 2652 in
1778 2610 1840 2674 quo
1865 2588 2039 2652 necessitas
2063 2609 2136 2673 pro-

1255 2699 1403 2763 bationis
1419 2697 1592 2779 incumbit,
1617 2698 1778 2762 sancimus
1803 2719 1866 2761 non
1891 2696 1985 2760 aliter
2008 2697 2138 2760 easdem

1250 2807 1457 2893 probationes
1481 2813 1625 2891 prestare
1651 2805 1810 2890 conspelli,
1827 2805 1888 2867 nisi
1905 2805 1993 2890 prius
2011 2805 2065 2888 qni
2081 2825 2136 2867 eas

1255 2914 1400 3000 exposcit
1429 2915 1649 2998 juramentum
1680 2913 1719 2975 de
1751 2913 1911 2975 calumnia
1943 2911 2136 2998 prestiterit,

1256 3022 1339 3107 quod
1366 3043 1428 3085 non
1454 3043 1551 3084 caiisa
1575 3019 1744 3084 differendi
1770 3019 1955 3104 hujusmodi
1971 3019 2138 3105 proposuit

1255 3129 1478 3214 allegationes.
1496 3127 1579 3190 Nam
1598 3128 1791 3191 sacramenti
1808 3128 1921 3190 timore
1938 3127 2138 3189 contentiosa

1253 3236 1449 3320 litigantium
1474 3235 1627 3298 instantia
1651 3236 1873 3320 compescitur.

1254 3576 1310 3640 dis,
1330 3585 1411 3643 atque
1438 3574 1501 3626 hinc
1527 3574 1598 3626 aliae
1618 3575 1644 3624 in
1665 3575 1736 3638 ima,
1757 3575 1827 3626 aliae
1848 3575 1875 3624 in
1895 3589 2000 3624 summa
2020 3573 2136 3642 pagina,

1255 3663 1402 3733 pleraeque
1421 3679 1485 3714 uero
1504 3663 1695 3714 interlineares
1723 3669 1803 3728 sunt,
1823 3679 1855 3715 ac
1883 3663 2002 3714 minimis
2027 3663 2136 3730 quidem

1256 3755 1444 3806 characterum
1466 3753 1560 3804 formis
1580 3769 1738 3823 expressae.
1757 3753 1937 3805 Observatum
1951 3769 2031 3820 porro
2045 3752 2079 3802 ab
2093 3767 2137 3802 eo·

1256 3846 1317 3897 dem
1337 3844 1549 3908 Sanclementio,
1563 3846 1668 3913 glossas
1687 3846 1760 3913 ipsas
1780 3860 1832 3896 non
1854 3845 1934 3895 unius
1952 3843 2049 3894 irnerii
2069 3857 2137 3905 esse,

1256 3935 1303 3987 sed
1324 3934 1455 4003 quasdam
1475 3934 1558 3984 etiam
1577 3935 1703 3986 Accursii
1722 3939 1750 3985 et
1774 3933 1928 3986 Homoboni
1944 3932 2137 3986 cremonensis.

1258 4025 1361 4093 Pagina
1390 4024 1462 4076 enim
1488 4024 1589 4074 codicis
1618 4028 1649 4076 13
1677 4028 1749 4075 retro
1769 4025 1796 4074 in
1822 4025 1958 4094 margine,
1978 4023 2010 4074 ad
2031 4023 2136 4074 calcem
2195 4033 2198 4038 '

1256 4115 1373 4183 glossae,
1393 4113 1511 4164 initiales
1531 4113 1686 4164 huiusmodi
1705 4113 1801 4164 literae
1821 4117 1979 4164 occurrunt:
1999 4129 2012 4160 a
2034 4114 2071 4161 ita
2091 4112 2138 4162 Ac.

1257 4204 1303 4254 Aa.
1318 4221 1341 4267 s,
1354 4219 1422 4271 quas
1442 4203 1474 4254 de
1495 4203 1627 4254 Aeoursio
1648 4203 1773 4270 Agceursii
1792 4202 1847 4252 11110
1861 4203 2057 4270 interpretatur
2070 4201 2138 4252 San·

1255 4293 1426 4346 clementius.
1446 4293 1511 4361 Peg.
1526 4283 1608 4344 dtiam
1628 4297 1661 4344 22
1682 4297 1709 4344 et
1729 4297 1771 4358 34,
1792 4294 1909 4362 itemque
1930 4296 1984 4358 2,'l
2004 4310 2039 4358 r.,
2052 4294 2138 4345 semel

1256 4399 1288 4436 ac
1302 4384 1401 4434 iterum
1415 4383 1532 4434 occurrit
1546 4383 1652 4450 signum
1666 4383 1874 4452 quoddamque
1888 4383 2077 4434 Homobonum
2092 4383 2138 4434 de-

1255 4474 1358 4542 signari
1378 4473 1534 4536 arbitratur,
1547 4476 1585 4524 ita
1605 4477 1634 4523 ut
1654 4473 1801 4542 legendum
1816 4474 1864 4524 sit:
1880 4473 1924 4524 Sic
1936 4473 2092 4524 Omobonns.
2106 4473 2139 4523 In

1256 4563 1350 4632 primis
1364 4567 1455 4614 tamen
1470 4564 1576 4632 paginis
1590 4565 1706 4631 glossas,
1719 4579 1788 4631 quac
1805 4567 1959 4624 occurrunt,
1972 4563 2139 4631 adscriptum

1256 4653 1358 4705 habent
1378 4669 1475 4704 nomen
1496 4652 1603 4716 lrnerii,
1620 4653 1691 4721 quod
1711 4653 1749 4703 ita
1769 4653 1880 4704 effertur
1899 4651 1933 4703 Y.

1320 4742 1456 4811 Quidquid
1477 4747 1567 4793 tamen
1588 4743 1622 4793 sit
1641 4742 1674 4792 de
1694 4741 1746 4793 hac
1765 4759 1793 4794 ra
1814 4745 1879 4806 tota,
1897 4743 1923 4793 in
1937 4759 1991 4810 qua
2004 4747 2077 4793 certe
2098 4743 2139 4793 iu·

1257 4833 1357 4884 dicium
1378 4849 1428 4900 ego
1448 4849 1501 4882 non
1521 4831 1676 4899 proferam,
1695 4847 1783 4899 neque
1810 4832 1882 4882 enim
1903 4832 2024 4882 codicem
2050 4832 2138 4900 ipsum

1256 4922 1365 4974 videndi
1385 4923 1465 4973 datur
1484 4922 1576 4990 copia;
1596 4925 1700 4973 certum
1720 4921 1789 4972 illud
1809 4925 1858 4986 est,
1873 4922 1997 4972 eumdem
2017 4921 2139 4973 codicem

1257 5028 1310 5064 non
1330 5013 1494 5064 mediocrem
1513 5012 1661 5062 utilitatem
1685 5011 1783 5062 afferre
1803 5027 1882 5079 posse
1902 5011 1936 5062 ad
1956 5011 2139 5062 emendandos

1256 5102 1382 5170 vulgatos
1402 5101 1552 5152 Juatiniani
1570 5101 1663 5152 libros.

1320 5191 1493 5258 Propositum
1512 5189 1596 5242 fuisse
1617 5190 1768 5242 clarissimo
1782 5190 1871 5242 Sartio
1885 5191 1911 5242 in
1925 5190 1976 5241 hoc
1990 5191 2138 5259 specimine

1259 5279 1421 5345 exhibendo,
1441 5286 1468 5332 et
1487 5280 1514 5331 in
1533 5281 1603 5344 aliis,
1617 5297 1687 5348 quae
1706 5284 1865 5349 sequnntur,
1884 5281 2032 5348 imaginem
2051 5282 2140 5348 ipsam

1258 5375 1286 5422 et
1304 5370 1421 5422 formam
1440 5371 1581 5422 literarum
1601 5370 1703 5421 codicis
1722 5371 1884 5437 exprimere,
1899 5372 1956 5420 tum
1976 5386 2009 5421 ex
2029 5370 2140 5439 quibus-

1259 5462 1320 5512 dam
1341 5461 1426 5528 ipsius
1445 5460 1560 5523 schedis,
1575 5465 1632 5510 tum
1651 5475 1716 5511 rere
1730 5475 1764 5511 ex
1781 5459 1814 5511 iis
1833 5475 1902 5528 quae
1916 5459 1999 5510 habet
2012 5477 2074 5528 pag.
2090 5463 2139 5511 112

1259 5555 1324 5602 tom.
1338 5550 1377 5614 I.,
1396 5550 1531 5602 coniicere
1551 5549 1633 5600 laeile
1653 5553 1704 5600 est.
1723 5549 1766 5600 lbi
1785 5549 1869 5613 enim,
1882 5553 2027 5617 postquam
2047 5550 2140 5601 multis

1261 5640 1405 5708 descripsit
1430 5639 1550 5690 codicem
1575 5639 1733 5690 vaticanum
1753 5655 1826 5688 num.
1848 5641 1929 5702 1408,
1949 5639 1976 5688 in
2005 5655 2058 5707 quo
2077 5642 2141 5690 sunt

1259 5731 1366 5800 glossae
1386 5728 1504 5792 Azouis,
1525 5727 1622 5779 Irnerii
1641 5728 1819 5796 aliorumque,
1841 5728 1944 5796 inquit:
1965 5729 2038 5792 Qreos
2058 5730 2142 5779 111αά

1260 5821 1363 5872 oraclum
1373 5825 1495 5886 paletini,
1508 5819 1606 5869 danista
1619 5820 1647 5869 in
1660 5818 1812 5885 Appendicc
1830 5817 1955 5869 Vaticani
1968 5818 2073 5870 Codicis
2084 5836 2142 5886 spe·

1261 5913 1354 5961 cirtica.
1375 5908 1427 5960 Sed
1446 5909 1510 5960 huic
1529 5908 1579 5959 1111
1599 5909 1742 5960 clarissimi
1756 5908 1869 5959 eonsilio
1882 5908 2077 5960 inhaerendum
2092 5909 2142 5960 mi·

1261 6001 1334 6051 nime
1354 5999 1489 6064 duximus,
1504 6015 1556 6049 non
1570 5999 1650 6049 modo
1663 5998 1697 6048 ob
1710 5998 1748 6049 rei
1763 5998 1848 6066 ipsius
1862 5997 2060 6060 difficultatem,
2071 6015 2141 6066 quae

1261 6090 1383 6142 maxima
1402 6092 1475 6140 certe
1495 6087 1601 6152 fuisset,
1615 6088 1662 6139 sed
1683 6089 1763 6138 etiam
1785 6089 1848 6156 quia
1862 6091 1934 6139 hunc
1947 6088 2032 6139 veluti
2046 6088 2142 6139 luxum

1261 6180 1373 6232 minime
1387 6178 1550 6247 flagitabunt
1565 6178 1671 6242 eruditi,
1685 6177 1783 6246 quibus
1803 6176 1869 6228 satis
1889 6177 1941 6228 erit
1960 6193 1994 6228 ex
2013 6177 2079 6246 ipsis
2098 6193 2143 6228 co·

1262 6269 1366 6321 dicibus
1386 6286 1418 6320 ea
1438 6268 1573 6332 delibare,
1593 6283 1663 6337 quae
1683 6267 1727 6318 101
1747 6267 1780 6318 ad
1800 6267 1957 6318 corumdem
1976 6271 2096 6319 aetatem
2116 6269 2144 6318 et

1262 6358 1459 6427 praestantiam
1480 6357 1633 6427 pertinent,
1653 6357 1696 6408 rel
1717 6356 1750 6407 ad
1772 6356 1921 6407 literariam
1947 6355 2089 6407 historiam
2111 6357 2143 6407 il·

1262 6448 1432 6500 lustrandam
1458 6447 1582 6500 eonlerre
1611 6449 1733 6515 possunt.
1758 6445 1902 6513 Specimen
1930 6445 2013 6513 igitur
2044 6445 2144 6498 codicis

1262 6537 1314 6590 hoc
1334 6542 1401 6589 esto.
1989 6535 2081 6601 (11.1.)
