5484 7746
658 612 734 682 260
1448 637 1688 688 noununnrs

658 789 823 872 diaconus,
841 789 895 874 qui
920 812 978 876 pro
1001 796 1146 876 tempore
1171 790 1278 874 luerit,
1296 813 1391 878 quem
1415 798 1487 878 post
1510 792 1706 879 Episcopum
1731 800 1857 858 constat
1880 815 1949 858 esse
1974 801 2071 880 caput
2095 795 2247 882 Capituli,
2264 819 2335 862 cnm
2356 798 2474 864 ibidem

657 897 883 962 ressidentiam
907 897 1035 980 lecerit,
1060 898 1205 984 predicta
1238 907 1389 963 exerceat
1418 901 1518 986 ipsius
1547 901 1616 965 vice
1641 901 1799 986 Capituli,
1825 902 1907 966 sicut
1931 923 2056 988 queque
2080 925 2138 969 siro
2162 907 2350 990 cognoverit
2371 907 2473 972 officio

656 1005 814 1090 indigere,
839 1004 1101 1088 contradictores,
1123 1006 1150 1070 si
1174 1007 1229 1092 qui
1253 1007 1383 1090 luerint,
1400 1007 1453 1072 rel
1476 1007 1625 1091 rebelles,
1642 1030 1701 1095 per
1721 1031 1873 1073 censuras
1897 1011 2141 1094 ecclesiasticas,
2158 1013 2307 1078 submota
2331 1017 2474 1102 appella-

655 1113 754 1194 tione,
779 1111 1021 1197 compescendo.
1046 1112 1136 1176 Nulli
1160 1134 1238 1198 crgo
1264 1113 1392 1178 omnino
1416 1113 1581 1180 hominnm
1604 1115 1701 1180 liceat
1724 1115 1807 1180 hanc
1830 1115 1984 1202 paginam
2007 1124 2115 1182 nostre
2131 1121 2345 1186 concessionis
2361 1123 2472 1188 infrin-

656 1240 734 1304 gere
758 1219 810 1282 vel
834 1219 864 1282 ei
888 1239 968 1283 ausu
992 1220 1163 1284 temerario
1187 1222 1366 1304 contrairs3
1391 1221 1418 1284 si
1442 1223 1513 1308 quis
1537 1228 1645 1286 antem
1674 1223 1736 1286 hoc
1769 1229 1928 1287 attentare
1954 1225 2195 1312 presumpserit,
2220 1227 2473 1314 indignationem

657 1327 887 1414 omnipotentis
910 1329 973 1393 Dei
997 1350 1035 1394 ac
1058 1328 1227 1393 beatorum
1250 1329 1340 1393 Petri
1364 1337 1397 1394 et
1419 1330 1514 1394 Pauli
1538 1333 1757 1417 apostolorum
1782 1333 1851 1396 eins
1875 1355 1909 1397 se
1933 1333 2058 1397 noverit
2081 1333 2293 1399 incursurum.

745 1435 868 1500 Datum
891 1434 994 1500 Romo
1019 1436 1106 1522 apud
1127 1443 1274 1502 sanctum
1297 1438 1441 1522 Petrum,
1466 1438 1590 1504 decimo
1613 1439 1770 1504 kalendas
1794 1441 1882 1525 maij,
1906 1441 2111 1527 pontificatus
2135 1443 2236 1507 nostri
2259 1465 2343 1509 anno
2366 1447 2470 1511 tertio.

1510 1758 1621 1825 XVII.

1427 1975 1524 2059 1219,
1548 1975 1592 2039 28
1614 1977 1707 2040 iunii.

1075 2187 1128 2252 Ex
1151 2197 1238 2254 tomo
1261 2189 1387 2254 XLIII.
1416 2189 1488 2254 Cod.
1513 2191 1588 2274 dipl.
1614 2190 1697 2254 Eccl.
1721 2191 1808 2275 bon.,
1832 2213 1919 2256 num.
1944 2193 2054 2258 XVII.

742 2405 917 2486 Honorius,
942 2425 1053 2468 servus
1078 2425 1246 2468 servornm
1268 2403 1390 2486 Deilll,
1408 2404 1525 2468 dilecto
1550 2405 1615 2468 filio
1639 2405 1877 2470 Archidiacono
1901 2406 2115 2490 Bononiensi,
2127 2409 2265 2472 salutem
2287 2415 2320 2472 et
2344 2419 2472 2496 aposto·

655 2513 753 2576 licam
775 2511 1043 2576 benedictionem.

745 2619 827 2684 Cum
850 2640 927 2706 sepe
951 2619 1118 2704 contingat
1141 2624 1177 2681 ut
1201 2618 1305 2682 minus
1328 2618 1415 2682 docti
1438 2619 1479 2682 sd
1503 2618 1638 2683 docendi
1662 2619 1805 2704 regimen
1822 2628 2037 2704 assumantur,
2054 2623 2288 2708 propterquod
2311 2631 2343 2688 et
2361 2623 2472 2690 docto-

657 2749 727 2790 rum
749 2727 852 2791 honor
876 2727 1049 2808 minuatur,
1071 2733 1103 2790 ct
1126 2726 1289 2812 profectus
1313 2726 1507 2812 impediatur
1529 2726 1723 2790 scholarium
1748 2727 1924 2791 volentium
1947 2729 2077 2810 erudiri,
2095 2751 2153 2794 nos
2176 2731 2361 2795 corumdem
2385 2733 2474 2796 utili-

654 2833 715 2898 tati
738 2841 770 2897 et
793 2833 908 2898 honori
931 2835 1115 2919 prospicere
1140 2834 1315 2919 cupientes,
1333 2833 1524 2897 auctoritate
1551 2833 1746 2918 presentium
1762 2834 1912 2898 duximus
1929 2835 2145 2919 statuendum,
2162 2843 2198 2900 ut
2214 2838 2321 2902 nullus
2337 2839 2474 2903 ulterius

654 2941 688 3004 in
711 2941 840 3006 civitate
865 2941 1010 3026 predicta
1034 2941 1075 3004 ad
1098 2941 1234 3005 docendi
1257 2941 1402 3026 regimen
1426 2949 1619 3022 assumatur,
1640 2941 1702 3003 nisi
1725 2962 1744 3004 a
1768 2948 1798 3004 tc
1824 2942 1955 3005 obtenta
1979 2942 2120 3027 licentia,
2137 2945 2374 3010 examinatione
2399 2969 2474 3033 pre·

654 3048 767 3112 habita
787 3048 944 3132 diligenti,
962 3055 997 3112 tu
1013 3048 1151 3133 denique
1176 3048 1437 3130 contradictores,
1455 3047 1482 3111 si
1499 3049 1554 3132 qni
1570 3047 1699 3130 fuerint,
1717 3049 1768 3111 vel
1785 3047 1932 3132 rebelles,
1949 3071 2192 3136 percensuram
2209 3052 2474 3136 ecclesiasticam,

655 3155 874 3242 appellatione
898 3162 1031 3238 remota,
1057 3177 1251 3241 compescas.

745 3263 866 3326 Datum
889 3262 992 3327 Rome
1015 3281 1062 3328 1v.
1083 3262 1241 3327 kalendas
1263 3263 1348 3348 julij,
1373 3264 1578 3349 pontificatus
1602 3264 1702 3327 nostri
1727 3285 1811 3326 anno
1835 3283 1887 3328 111.

1495 3585 1624 3650 XVIII.

1403 3799 1498 3882 1219,
1522 3800 1566 3863 28
1589 3797 1724 3864 octobris.

1282 4013 1335 4077 Ex
1358 4013 1471 4078 codem
1496 4021 1600 4096 tomo,
1624 4035 1710 4078 num.
1735 4013 1838 4078 XLV.

740 4228 907 4293 Honorius
931 4227 1045 4292 IlI.(2l
1062 4228 1217 4312 magistro
1242 4227 1364 4310 Gratie,
1389 4227 1558 4313 capellano
1583 4233 1702 4291 nostro.

742 4336 823 4401 Cum
846 4335 880 4400 in
903 4336 1117 4399 Lateranensi
1141 4335 1284 4400 Concilio
1308 4335 1444 4421 provida
1466 4334 1564 4398 fucrit
1587 4334 1818 4399 deliberatione
1840 4341 2005 4418 statutum,
2023 4342 2058 4398 ut
2073 4341 2244 4422 postquam
2261 4336 2332 4422 quis
2349 4336 2479 4400 electus

651 4443 750 4507 fuerit
773 4443 814 4506 ad
838 4443 1059 4529 episcopatum
1083 4450 1115 4506 ct
1140 4443 1306 4507 electionis
1337 4442 1614 4506 confirmationem
1637 4443 1798 4528 acceperit
1821 4464 1859 4506 ac
1880 4443 2170 4510 ecclesiasticorum
2193 4443 2349 4508 bonorum
2374 4444 2482 4508 fuerit

652 4550 921 4614 ministrationem
945 4550 1091 4636 adeptus,
1109 4551 1244 4614 decurso
1269 4557 1412 4636 tempore
1437 4549 1476 4613 de
1502 4549 1719 4614 consecrando
1735 4549 1905 4636 Episcopis
1923 4573 1940 4614 a
1958 4550 2136 4615 canonibus
2153 4551 2298 4633 diffinito,
2315 4551 2355 4614 de
2371 4550 2481 4637 ipsius

651 4658 747 4722 electi
770 4657 934 4721 beneficiis
958 4657 1003 4740 is,
1028 4656 1070 4720 ad
1094 4678 1190 4742 quem
1213 4663 1360 4742 spectare
1384 4657 1594 4741 dignoscitur,
1619 4656 1756 4720 liberam
1780 4656 1971 4742 disponendi
1994 4657 2115 4720 habeat
2137 4657 2342 4739 facultatem,
2367 4669 2402 4721 ct
2429 4681 2483 4722 se·

651 4765 792 4829 cundum
816 4765 988 4829 canonicas
1013 4765 1214 4846 sanctiones,
1238 4764 1266 4827 si
1289 4765 1467 4828 consecrati
1491 4766 1524 4826 in
1547 4763 1725 4849 Episcopos
1749 4786 1790 4827 ex
1815 4765 1924 4850 aliqua
1948 4786 2063 4847 cansa,
2088 4764 2259 4829 dummodo
2283 4766 2352 4829 sine
2375 4766 2482 4852 culpa

651 4894 729 4956 sua,
754 4894 820 4937 non
843 4871 1041 4958 recipiantur
1065 4893 1084 4935 a
1107 4871 1294 4956 Parrochijs
1327 4871 1368 4935 ad
1399 4893 1479 4957 quas
1508 4871 1627 4936 fuerint
1652 4871 1846 4954 consecrati,
1870 4872 1994 4958 possint
2025 4873 2057 4935 ln
2088 4872 2209 4936 honore
2240 4873 2329 4958 prins
2360 4873 2482 4940 habito

650 4980 807 5063 residere,
832 5001 872 5044 ne
897 4979 1064 5065 contingat
1088 5001 1142 5043 eos
1167 4979 1311 5062 interim,
1337 4979 1422 5065 quod
1446 4987 1530 5043 esset
1554 4979 1745 5062 absurdum,
1771 4979 1943 5065 acephalos
1966 4979 2122 5062 invenirI,
2147 5001 2205 5044 nos
2228 4979 2373 5045 volentes
2401 4983 2484 5066 alijs

650 5087 853 5173 malignandi
876 5087 1045 5150 materiam
1070 5092 1249 5172 amputare,
1274 5093 1306 5150 et
1329 5087 1397 5168 tibi,
1423 5108 1519 5173 quem
1543 5086 1723 5150 dilectionis
1747 5087 1954 5172 prerogativa
1978 5086 2159 5171 diligimus,
2183 5108 2374 5172 precavere,
2404 5111 2483 5175 pre·

651 5196 744 5282 cipue
768 5201 900 5280 propter
923 5193 1049 5257 viarum
1074 5201 1106 5258 et
1130 5194 1227 5257 maris
1252 5193 1438 5257 discrimina
1461 5202 1493 5258 et
1518 5195 1594 5280 quia
1616 5202 1704 5258 terra
1727 5194 1939 5258 ultramarina
1964 5194 2097 5278 majori,
2122 5216 2219 5280 quam
2243 5201 2347 5259 cetere
2372 5205 2484 5278 terr-e,

650 5301 828 5366 discrimini
851 5301 1015 5384 subjacet,
1041 5300 1226 5364 discretioni
1249 5307 1315 5383 tue,
1340 5300 1532 5365 auctoritate
1556 5301 1754 5387 presentium
1782 5301 1933 5364 duximus
1957 5300 2214 5384 concedendum,
2237 5309 2274 5364 ut
2296 5301 2485 5388 Ecclesiae,

652 5431 710 5473 scu
733 5409 890 5473 beneficia
914 5415 987 5492 tua,
1013 5409 1096 5472 sicut
1128 5408 1284 5472 hactenus
1317 5408 1459 5492 tenuisti,
1484 5409 1625 5491 tamdiu,
1650 5416 1795 5473 cessante
1823 5409 1995 5493 cujuslibet
2019 5408 2289 5492 contradictione,
2313 5410 2485 5494 retineas,

651 5517 754 5582 donec
778 5516 923 5580 EcclesIe
948 5516 1150 5598 antiochena,
1172 5517 1212 5579 ad
1237 5517 1330 5601 cnjus
1354 5538 1464 5580 curam
1488 5524 1520 5580 et
1544 5517 1688 5601 regimen
1712 5517 1850 5581 electum
1874 5523 1905 5580 te
1929 5517 2082 5581 canonice
2107 5516 2257 5580 duximus
2281 5517 2486 5582 confirman-

650 5624 745 5706 dum,
771 5623 902 5709 plenam
926 5629 959 5686 et
981 5623 1149 5708 pacificam
1172 5623 1387 5710 personaliter
1409 5625 1644 5710 possessionem
1668 5624 1804 5710 adeptus
1828 5625 1927 5688 fueris
1951 5624 2169 5710 corporalem,
2193 5623 2367 5718 districtius
2394 5626 2487 5689 inhi-

650 5731 764 5795 bentes
795 5751 835 5794 ne
868 5729 939 5815 quis
971 5730 1100 5793 interim
1129 5737 1295 5816 presumat
1324 5731 1383 5794 tibi
1414 5731 1570 5795 beneficia
1599 5731 1669 5817 ipsa
1693 5732 1901 5814 subtrahere,
1925 5739 1981 5795 aut
2005 5739 2036 5796 tc
2061 5752 2157 5816 super
2181 5730 2244 5794 illis
2267 5731 2487 5816 aliquatenus

649 5838 834 5902 molestare.
858 5837 949 5901 Nulli
973 5858 1051 5922 ergo
1076 5837 1205 5903 ommno
1229 5838 1396 5902 hominnm
1420 5839 1515 5902 liccat
1537 5839 1621 5903 hanc
1645 5838 1800 5925 paginam
1824 5846 1931 5904 nostre
1963 5837 2178 5903 concessionis
2210 5845 2242 5902 et
2271 5838 2487 5905 inhibitionis

649 5945 827 6031 infringere
852 5943 905 6010 vel
928 5944 958 6009 ei
983 5966 1065 6009 ausu
1089 5945 1260 6010 temerario
1285 5947 1463 6028 contraire3
1481 5947 1508 6009 si
1532 5948 1603 6031 quis
1625 5954 1732 6010 autem
1756 5947 1816 6010 hoc
1841 5952 2000 6010 attentare
2017 5947 2258 6031 presumpserit,
2275 5945 2488 6030 indignatio·

649 6075 723 6118 nem
749 6053 980 6139 omnipotentis
1003 6052 1066 6118 Dei
1090 6074 1129 6117 ac
1152 6053 1322 6116 beatorum
1344 6053 1435 6117 Petri
1459 6061 1490 6117 et
1514 6053 1609 6116 Pauli
1633 6054 1851 6139 apostolorum
1875 6053 1943 6116 eius
1968 6075 2002 6116 se
2026 6053 2153 6116 noverit
2176 6053 2394 6144 incursurum.

738 6161 861 6225 Datum
885 6159 1026 6224 Viterbii
1050 6166 1166 6246 quarto
1189 6161 1346 6224 kalendas
1372 6161 1565 6244 novembris,
1589 6161 1794 6247 pontificatus
1819 6161 1920 6224 nostri
1944 6181 2028 6223 anno
2052 6166 2178 6246 quarto.

729 6410 768 6476 (1)
788 6408 823 6461 A.
843 6409 872 6461 0.
892 6407 1058 6476 noem,
1078 6408 1211 6461 XXVIII.
1231 6410 1307 6461 iunii.

729 6500 768 6565 (2)
788 6498 830 6549 Ex
849 6515 905 6568 reg.
926 6498 964 6550 Il.
983 6498 1098 6550 Honorii
1118 6499 1185 6564 111.,
1205 6516 1248 6567 ep.
1268 6501 1329 6565 587,
1349 6498 1397 6550 fol.
1419 6503 1478 6564 136,
1498 6497 1666 6565 nccxlx,
1685 6497 1818 6550 XXVIII.
1838 6498 1965 6550 octobris.
