5544 7750
639 623 715 692 294

637 796 890 883 patientissimus
913 795 1024 880 vigilie
1042 802 1073 859 et
1094 794 1224 876 laboris,
1242 793 1369 857 assidue
1391 813 1525 878 operam¹

637 903 735 986 dedit,
760 904 966 989 omniumque
989 910 1150 967 sectarum
1167 900 1295 966 auditor
1311 901 1426 982 lactus,
1444 899 1521 985 quid

636 1033 763 1097 queque
779 1011 923 1092 sentiret,
936 1010 1181 1096 diligentissime
1198 1008 1368 1073 intellexit.
1385 1007 1520 1072 Factus-

636 1140 697 1203 que
722 1119 833 1182 doctor
857 1118 1028 1200 maximus,
1051 1138 1115 1181 non
1135 1117 1227 1199 lucri,
1244 1115 1300 1180 sed
1324 1116 1412 1179 lama
1434 1115 1521 1200 cupi-

635 1227 695 1290 dus
716 1227 792 1311 jura
816 1227 924 1290 civilia
951 1226 1097 1291 BononIe
1129 1225 1256 1312 publice
1288 1223 1397 1288 docuit
1427 1223 1520 1286 annis

631 1335 760 1398 circiter
784 1334 1010 1420 quadragInta.
1036 1333 1182 1397 Tandem
1206 1353 1277 1396 cum
1306 1331 1404 1396 animi
1435 1337 1521 1394 esset

634 1441 785 1527 ingentis,
810 1463 952 1527 curaque
976 1442 1024 1504 illi
1047 1441 1247 1526 permaxime
1271 1440 1391 1504 bonum
1414 1439 1519 1524 publi·

637 1573 708 1614 cum
734 1551 831 1633 foret,
856 1550 971 1636 spretis
994 1549 1093 1613 lucris
1117 1555 1149 1612 et
1171 1549 1259 1613 omni
1282 1569 1360 1612 cura
1383 1547 1519 1611 forensis

633 1659 680 1722 rei
704 1667 801 1744 atque
825 1658 994 1722 familiaris
1015 1654 1518 1742 11111111,1111111111111111111,

633 1765 815 1850 glossandis
838 1766 965 1850 legibus
981 1764 1130 1828 civilibus
1147 1785 1278 1848 operam
1295 1762 1453 1826 eoncessit
1468 1783 1518 1826 as-

632 1872 769 1956 siduam,
786 1873 958 1958 multisque
981 1872 1102 1958 vigiliis
1125 1879 1158 1936 et
1181 1871 1292 1935 labore
1316 1870 1517 1957 permaximo

633 1987 736 2044 totum
760 1981 905 2065 ejusdem
928 1981 1017 2046 Juris
1042 1980 1166 2067 Corpus
1190 1980 1385 2066 perbreves
1410 1987 1442 2043 et
1466 1999 1517 2042 so·

634 2088 756 2152 lemnes
779 2088 904 2173 glossas
928 2088 1167 2152 accuratissime
1191 2087 1437 2169 connnentavit3
1455 2107 1517 2172 que

633 2201 721 2258 tante
746 2196 961 2279 auctoritatis,
985 2196 1152 2282 gratiaque
1183 2195 1273 2258 fuero
1302 2202 1337 2258 ut
1360 2215 1518 2258 consensu

633 2303 776 2366 emulum
799 2303 925 2388 publice
950 2303 1224 2388 approbarentur,
1242 2309 1274 2366 et
1297 2301 1423 2388 spretio,
1441 2301 1518 2365 abo·

631 2408 762 2494 litisque
792 2411 922 2496 penitus
953 2411 1042 2492 aliis,
1067 2410 1135 2474 solo
1156 2411 1252 2494 juxta
1275 2416 1383 2473 textus
1407 2409 1516 2493 legum

631 2518 778 2604 apposite
802 2525 892 2600 sunt,
916 2524 949 2582 et
972 2517 1091 2602 ubique
1115 2525 1272 2581 terrarum
1297 2517 1366 2580 sine
1389 2526 1516 2581 contro·

632 2626 738 2689 versia
761 2647 819 2711 pro
844 2625 971 2710 legibus
995 2626 1209 2708 celebrantur,
1226 2627 1271 2689 ita
1288 2633 1324 2689 ut
1347 2647 1515 2712 propemo-

631 2733 708 2798 dum
733 2734 823 2797 nefas
846 2734 904 2816 sit,
928 2755 992 2798 non
1015 2755 1107 2797 secus
1132 2756 1228 2819 quam
1251 2734 1372 2816 textui,
1397 2733 1514 2818 glossis

631 2841 780 2906 Acoursii
803 2841 980 2922 contraire,
1004 2843 1086 2905 sicut
1103 2843 1235 2926 antiqua
1251 2841 1339 2905 fama
1355 2840 1515 2905 referente

631 2949 782 3035 comperi.
809 2949 938 3013 Stature
969 2948 1118 3012 militaris
1148 2950 1340 3022 Aecursius,
1365 2955 1515 3034 aspectus

632 3056 814 3141 gravissimi
839 3063 871 3120 et
895 3054 1063 3120 reverendi
1086 3055 1143 3119 sed
1167 3055 1394 3120 consideratIvi
1417 3064 1514 3142 atque

631 3163 842 3246 melancolioi,
866 3165 1000 3250 ejusque
1025 3163 1110 3249 quod
1134 3185 1261 3248 semper
1284 3185 1334 3228 me
1358 3163 1515 3228 ditaretur

630 3271 752 3356 ingenii
776 3278 808 3335 11
832 3271 984 3334 memorie
1007 3292 1105 3357 supra
1128 3270 1258 3334 modum
1282 3271 1514 3354 vivacissimus,

630 3379 696 3442 rite
724 3399 801 3442 vero
837 3377 942 3442 sobrie
974 3385 1070 3462 atque
1101 3378 1296 3460 castissime,
1320 3400 1516 3463 quamquam

634 3486 735 3550 nitido
759 3494 791 3550 et
814 3486 972 3572 perpolito
996 3487 1114 3549 vestitu
1138 3485 1362 3568 delectaretur,
1384 3507 1446 3572 quo
1470 3487 1516 3550 vi·

633 3593 763 3658 deretur
786 3615 959 3680 pomposus
989 3601 1097 3656 tomen
1121 3593 1190 3656 sine
1213 3593 1358 3674 fastidio,
1381 3615 1400 3656 a
1424 3595 1516 3678 cujus

633 3701 744 3767 habito
781 3702 988 3786 moribusque
1019 3703 1090 3784 ejus
1125 3701 1287 3764 auditores
1323 3721 1386 3765 non
1422 3723 1515 3765 secus

633 3830 730 3896 qnam
753 3831 795 3874 ex
819 3830 873 3873 111
896 3807 1015 3872 diserto
1043 3808 1133 3892 leges
1156 3807 1286 3872 vivendi
1308 3809 1513 3874 hauriebant.

630 3916 778 3981 Mortuus
800 3923 848 3981 est
868 3917 933 3980 vite
950 3937 1006 3979 suo
1023 3937 1108 3980 anno
1125 3916 1363 4002 septuagesimo
1380 3923 1515 3981 111111-

630 4047 689 4108 vo,
714 4025 818 4110 gratie
841 4045 918 4088 vero
942 4023 1112 4088 millesimo
1136 4023 1354 4088 ducentesimo
1379 4045 1516 4108 sexage-

629 4133 710 4197 simo
735 4133 864 4218 quinto,
889 4138 921 4196 et
943 4131 1090 4196 Bononie
1119 4132 1272 4195 eminenti
1295 4131 1442 4196 conditus
1466 4139 1515 4196 est

629 4239 777 4326 sepulcro
800 4239 834 4304 In
852 4240 962 4325 platea
982 4239 1134 4303 Fratrum
1150 4238 1311 4303 Minorum
1328 4239 1429 4304 titulis
1446 4261 1513 4303 mo·

630 4347 775 4410 numenti
810 4347 1013 4433 prescriptis,
1049 4347 1165 4432 quibus
1200 4346 1344 4411 redditur
1378 4347 1515 4432 posteris

630 4454 735 4540 qualis
758 4461 884 4518 constat
907 4453 1006 4518 fuisso
1029 4454 1225 4518 viventibus.

693 4669 771 4756 Cap.
794 4668 837 4733 X.
861 4668 912 4733 De
936 4668 1109 4733 Francisoo
1132 4667 1280 4734 Aooursii
1304 4669 1380 4734 lilio.

712 4832 762 4895 Dc
786 4830 959 4895 Francisco
985 4830 1132 4894 Accersii
1154 4830 1237 4914 lilio,
1260 4829 1429 4896 defensore

913 4937 1096 5023 glossarum
1119 4938 1230 5024 patris.

689 5101 882 5166 Franciscus
905 5101 1054 5166 Accersii
1076 5101 1161 5164 filius
1182 5101 1311 5186 ingenio
1328 5110 1360 5166 et
1376 5101 1512 5186 diligen-

626 5210 673 5274 tia
696 5231 902 5295 nequaquam
925 5209 1058 5273 inferior
1080 5215 1182 5294 patre,
1198 5216 1271 5295 post
1295 5218 1430 5273 mortem
1455 5231 1512 5296 pa-

625 5318 683 5381 tris
706 5317 853 5382 Bononio
876 5317 1037 5381 laboriose
1060 5316 1169 5381 docuit
1189 5317 1265 5400 jura
1288 5317 1411 5399 civilia,
1436 5337 1511 5382 oon·

626 5425 856 5490 flictationibus
879 5424 1056 5488 innumeris
1081 5424 1254 5509 impetitus,
1271 5424 1440 5510 presertim
1455 5424 1513 5487 bo·

625 5532 835 5596 noniensibus
859 5531 1061 5614 doctoribus,
1086 5531 1196 5596 livoris
1222 5531 1362 5614 insania,
1387 5531 1511 5615 glossas

625 5639 773 5704 Aecursii
798 5639 988 5704 conantibus
1012 5638 1158 5720 abolere3
1184 5659 1222 5702 eo
1250 5637 1407 5724 siquidem
1431 5646 1512 5701 tem·

624 5769 703 5833 pore
736 5746 919 5811 Odofredus
954 5769 994 5810 ex
1030 5746 1131 5810 nobili
1166 5746 1352 5832 potentique
1387 5745 1511 5809 familia

625 5854 815 5920 bononiensi
839 5862 951 5936 natus,
976 5854 1143 5939 multaque
1174 5853 1246 5938 lege
1270 5854 1432 5939 preditus,
1455 5853 1511 5939 qui

623 5962 722 6026 etiam
745 5962 958 6047 glossaverat,
979 5968 1012 6025 et
1035 5961 1068 6024 in
1091 5961 1215 6025 lectura
1239 5982 1311 6024 cum
1336 5959 1509 6025 Franciseo

623 6071 846 6134 concurrebat.
870 6069 935 6134 Hic
965 6077 1001 6132 ut
1031 6069 1179 6132 Accursii
1209 6089 1323 6132 nomen
1348 6067 1509 6131 oblivione

621 6177 763 6260 deleret,
794 6178 864 6262 ejus
899 6177 1024 6262 glossas
1059 6176 1241 6240 convellere
1276 6175 1351 6238 totis
1387 6175 1509 6238 viribus

623 6286 811 6351 conabatur.
831 6284 895 6348 Sed
914 6283 1106 6348 Franciecus
1126 6282 1255 6370 paterni
1278 6281 1428 6347 defensor
1452 6303 1508 6347 no-

621 6395 716 6458 minis
733 6393 871 6480 publicis
887 6391 1159 6478 disputationibus
1176 6398 1288 6455 111111
1304 6391 1409 6475 ipsum
1425 6411 1508 6453 sem-

620 6525 679 6590 per
703 6502 851 6584 obtinuit,
869 6500 953 6564 unde
970 6520 1035 6564 non
1058 6499 1163 6563 minus
1186 6499 1317 6563 honoris
1340 6499 1373 6562 in
1397 6498 1507 6562 defen-

1393 635 1721 687 MONUMENTORUM

1586 789 1700 854 dendis
1731 789 1847 875 glossis
1882 791 2025 876 paternis
2061 799 2250 854 consecutus
2282 799 2348 872 est,
2372 813 2465 876 quam

1585 905 1678 985 pater
1701 898 1733 962 in
1757 899 1995 984 componendis.
2019 898 2083 962 Hic
2106 898 2251 963 Bononio
2276 900 2357 984 objit
2385 922 2464 966 1111

1584 1006 1688 1090 gratio
1721 1006 1892 1070 millesimo
1926 1006 2151 1071 trecentesimo
2187 1029 2289 1090 nouo;
2314 1009 2379 1072 vite
2411 1031 2464 1074 sue

1585 1120 1699 1178 octavo
1723 1123 1754 1177 11
1778 1115 1992 1199 sexagesimo,
2010 1123 2041 1178 et
2065 1113 2098 1178 in
2113 1121 2249 1200 paterno
2266 1116 2463 1201 sarcophago

1585 1221 1790 1306 consepultus
1814 1229 1872 1285 est.

1646 1435 1725 1524 Cap.
1749 1437 1810 1502 XI.
1834 1439 1885 1504 De
1909 1438 1994 1506 Diuo
2019 1441 2058 1504 de
2082 1441 2250 1528 Moysello.

1582 1597 1633 1662 De
1657 1599 1743 1663 Diuo
1766 1599 1805 1664 de
1829 1601 1987 1686 Moysello
2011 1602 2141 1668 doctore
2173 1626 2290 1690 magno
2311 1608 2394 1691 juris
2423 1611 2463 1672 ei-

1645 1706 1728 1788 vilis,
1746 1708 1801 1792 qui
1824 1707 1951 1772 titulum
1975 1709 2015 1773 de
2035 1711 2214 1775 actionibus
2232 1713 2263 1776 in
2277 1714 2350 1797 jure
2368 1716 2462 1800 civili,

1645 1820 1677 1876 et
1701 1813 1740 1877 de
1765 1815 1885 1900 regulis
1905 1817 1988 1900 juris
2011 1819 2157 1883 canonici
2181 1825 2419 1886 commentarit.

1643 1975 1781 2041 Difficile
1805 1985 1854 2041 est
1876 2001 1945 2042 rem
1965 1981 2112 2046 eamdem
2135 1981 2311 2069 similisque
2332 1987 2463 2050 materie

1580 2105 1715 2170 persepe
1728 2086 1941 2150 tractantibus
1958 2087 2113 2172 ordinem,
2127 2090 2320 2178 modumque
2337 2092 2463 2158 dicendi

1581 2192 1732 2258 contiuuo
1745 2194 1882 2276 variare,
1897 2195 1973 2282 quin
1989 2197 2097 2281 sepius
2114 2197 2146 2260 in
2160 2199 2272 2262 eadem
2288 2200 2385 2264 verba
2402 2223 2462 2266 non

1581 2301 1726 2366 recidant
1749 2302 1848 2367 111111
1873 2304 1982 2389 lingue
2007 2306 2132 2392 inopia;
2149 2315 2240 2371 tanta
2264 2310 2348 2372 enim
2367 2311 2398 2373 in
2416 2311 2463 2375 his

1580 2408 1657 2472 vlris
1681 2431 1805 2473 morum
1829 2411 2015 2494 similitudo,
2039 2421 2130 2477 tanta
2155 2413 2286 2498 ingenii,
2305 2416 2464 2482 doctrine·

1579 2537 1652 2600 que,
1676 2518 1823 2603 parilitas
1847 2524 1905 2600 est,
1922 2526 1957 2583 ut
1980 2542 2044 2584 uno
2068 2521 2163 2604 dieto,
2181 2523 2279 2586 ceteri
2295 2524 2464 2590 videantur

1579 2623 1679 2688 ferme
1696 2625 1832 2690 relati..
1848 2675 1855 2690 .
1871 2675 1878 2690 .
1895 2626 2000 2711 Igitur
2012 2627 2116 2692 Dinus
2133 2628 2172 2692 de
2185 2629 2353 2716 Moysello,
2367 2655 2462 2718 quem

1578 2732 1685 2796 locum
1708 2733 1859 2818 vulgares
1884 2733 2055 2799 verborum
2079 2737 2282 2822 propriorum
2299 2748 2463 2826 corrupto-

1578 2861 1629 2905 res
1652 2839 1826 2903 Macellum
1851 2841 2027 2926 appellant,
2045 2843 2150 2928 ignari
2166 2844 2272 2908 locum
2290 2847 2377 2911 mille
2395 2869 2463 2912 sca·

1578 2948 1770 3012 turientibus
1795 2948 1958 3013 fontibus.
1974 2998 1980 3014 .
1996 2999 2026 3014 ..
2050 2951 2140 3015 fluvii
2164 2952 2327 3017 alluvione
2351 2956 2462 3040 letari,

1578 3062 1650 3142 post
1674 3055 1864 3120 decursium
1889 3065 1921 3121 et
1944 3057 2153 3123 Franciscum
2184 3061 2324 3124 mirabili
2355 3064 2464 3146 legum

1578 3163 1695 3228 claruit
1718 3163 1898 3250 disciplina.
1923 3166 1998 3229 Fuit
2021 3167 2189 3252 siquidem,
2214 3175 2249 3231 ut
2274 3169 2314 3232 ab
2339 3171 2463 3235 audito·

1579 3271 1668 3334 ribus
1691 3271 1757 3334 suis
1781 3273 1933 3357 comperi,
1952 3273 2036 3357 quod
2060 3281 2092 3336 et
2116 3275 2186 3358 ejus
2203 3277 2323 3361 scripta
2340 3284 2462 3341 testan-

1578 3385 1641 3460 tur,
1659 3379 1743 3444 bono
1767 3379 1963 3443 incredibilis
1980 3382 2132 3444 memorie
2149 3383 2325 3467 preclarus,
2342 3385 2464 3468 ingenii

1579 3507 1657 3550 vero
1680 3487 1918 3572 preclarissimI,
1936 3509 1999 3572 quo
2016 3489 2048 3550 in
2065 3497 2189 3552 secreta
2209 3490 2318 3574 legum
2342 3493 2462 3576 prisea·

1580 3611 1651 3658 rum
1675 3615 1768 3658 nemo
1788 3594 1902 3676 actius,
1918 3595 2173 3681 profundiusque
2189 3601 2380 3682 penetravit.
2400 3601 2463 3666 Ilio

1579 3702 1680 3766 multo
1704 3709 1847 3788 111111111
1878 3702 1983 3786 legem
2015 3703 2177 3788 professus
2201 3705 2329 3791 publice
2353 3707 2464 3773 docuit

1578 3809 1611 3874 in
1636 3810 1765 3873 civitate
1789 3808 1946 3891 Bononio,
1964 3810 2189 3896 auditoresque
2207 3813 2324 3878 multos
2346 3824 2377 3878 et
2403 3818 2463 3880 uti·

1579 3938 1641 4003 que
1663 3917 1935 4002 prestantissimae
1960 3918 2098 4003 reliquit.
2122 3919 2226 3982 Fama
2256 3921 2316 3985 viri
2347 3923 2463 4007 hujus,

1579 4046 1651 4089 curn
1675 4024 1716 4087 ad
1739 4045 1899 4089 summum
1926 4027 2109 4110 pontificem
2136 4026 2342 4092 Bonifaeium
2364 4029 2463 4096 VIII.

1578 4132 1787 4218 pervenisset,
1810 4133 1944 4218 ipseque
1975 4142 2107 4220 cuperet
2138 4135 2251 4220 quinto
2282 4146 2314 4200 et
2348 4139 2464 4205 ultimo

1578 4240 1798 4305 Decretalium
1832 4240 1914 4304 libro
1950 4262 2106 4305 novorum
2142 4264 2301 4308 canonum
2333 4255 2463 4310 sextum

1579 4347 1730 4432 adjicere,
1744 4355 1786 4431 et,
1800 4370 1861 4435 que
1871 4348 1938 4432 juri
1954 4351 2108 4414 canonico
2127 4349 2320 4416 videbantur
2337 4354 2463 4437 deesse,

1578 4455 2084 4543 1111111111,1111111111111111
2109 4457 2185 4543 ipsis
2210 4460 2387 4525 condendis
2413 4483 2463 4526 or-

1579 4563 1791 4649 dinandisque
1813 4562 1971 4644 Decretis,
1991 4565 2062 4648 ejus
2084 4567 2236 4652 precipue
2261 4589 2360 4653 opera
2385 4591 2463 4632 usus

1577 4679 1647 4755 est3
1671 4694 1808 4758 eumque
1844 4678 2015 4758 propterea
2049 4673 2268 4738 cardinalatus
2303 4675 2464 4760 dignitato

1577 4780 1777 4863 cogitaverat
1800 4799 1983 4859 munerare,
2008 4779 2165 4866 signaque
2190 4783 2377 4847 intentionis
2403 4785 2463 4848 hu·

1573 4885 1716 4972 jusmodi
1732 4893 1845 4972 aperta
1860 4893 2104 4950 monstraverat.
2120 4887 2194 4968 Sed,
2208 4911 2280 4952 cum
2296 4897 2365 4952 tum
2384 4891 2462 4955 alie-

1575 5017 1628 5076 no,
1648 5001 1717 5058 tum
1741 5014 1797 5057 sue
1821 4993 1926 5056 anime
1950 4993 2099 5056 vertisset
2122 4995 2255 5058 oonsilio
2279 4996 2462 5080 diligentis·

1575 5102 1675 5165 simus
1690 5101 1854 5182 Pontifex,
1867 5107 2038 5186 propterea
2055 5109 2203 5187 oportere
2216 5102 2321 5166 virum
2338 5104 2464 5168 lecture

1574 5208 1746 5295 perutilem
1777 5207 1818 5271 ab
1850 5208 1952 5293 ipsam
1983 5229 2047 5270 non
2077 5208 2259 5292 discedere,
2284 5211 2462 5276 multorum

1575 5317 1760 5381 auditorum
1790 5315 1918 5395 damno,
1942 5316 2111 5400 ipsumque
2143 5317 2285 5380 moribus
2313 5317 2463 5384 Ecclesia

1575 5445 1690 5510 parum
1706 5423 1774 5488 fore
1791 5423 1998 5504 conformem,
2016 5444 2035 5486 a
2050 5425 2215 5509 proposito
2232 5426 2379 5509 resilivit,
2394 5449 2462 5490 111-

1575 5530 1711 5618 gnisque
1744 5530 1895 5594 laudibus
1931 5530 2208 5612 commendatum,
2240 5532 2463 5618 donatumque

1574 5638 1761 5703 muneribus
1778 5638 1939 5724 persuasit
1950 5638 2020 5701 viro
2037 5637 2142 5702 redire
2154 5638 2346 5722 Bononiam,
2360 5649 2394 5704 et
2410 5663 2463 5704 ve-

1575 5747 1619 5810 111
1635 5767 1751 5810 vacare
1768 5744 1882 5808 studiis
1899 5752 1931 5809 et
1947 5745 2110 5810 doctrinis.
2128 5744 2243 5826 Diuus,
2257 5767 2312 5831 spc
2330 5746 2464 5831 abjecta

1574 5860 1743 5939 expectate
1766 5852 1944 5936 dignitatis,
1963 5853 2058 5936 idque
2075 5852 2115 5915 ad
2133 5852 2285 5935 injuriam
2302 5875 2463 5918 revocans

1573 5961 1714 6024 maximo
1738 5959 1844 6024 cordis
1871 5981 1996 6024 merore
2020 5959 2184 6022 confectus
2208 5959 2269 6023 iter
2292 5960 2463 6045 ingressus

1573 6066 1614 6130 ad
1638 6067 1786 6150 reditum,
1807 6075 1880 6152 post
1903 6066 1971 6130 dies
1994 6087 2114 6153 paucos
2138 6066 2272 6149 itineris,
2289 6071 2463 6152 repentino

1572 6175 1684 6240 morbo
1708 6183 1874 6261 correptus
1898 6175 2019 6238 interiit
2048 6181 2150 6237 morte
2182 6195 2259 6237 sane
2291 6174 2461 6258 inaudita,

1572 6283 1628 6346 sed
1652 6305 1714 6368 que
1738 6283 1821 6346 solet
1843 6281 2021 6345 illustribus
2044 6281 2122 6344 viris
2146 6280 2178 6344 11
2202 6281 2344 6344 naturali
2368 6283 2462 6346 exitu

1573 6411 1642 6453 esse
1659 6389 1846 6475 persimilis3
1860 6390 1886 6452 is
1903 6388 2033 6475 quidem
2049 6387 2134 6453 dioto
2152 6389 2184 6454 iu
2201 6398 2383 6452 commeatu
2396 6439 2404 6452 .
2417 6439 2424 6454 .
2435 6438 2462 6452 ..

1571 6497 1759 6583 appulisset,
1777 6506 1934 6581 nocteque
1951 6504 2053 6560 mesto
2078 6497 2210 6560 nimium
2234 6495 2344 6559 animo
2370 6495 2463 6560 labo·
