5484 7746
837 666 1068 718 srnornnrm
1097 668 1149 716 111
1178 667 1433 718 1001000011Εο
1460 668 1669 717 1100101110
2082 647 2157 718 235

435 823 518 888 Item
541 824 652 889 decem
676 822 830 888 fratribus
861 822 990 888 Ordinis
1021 823 1174 887 Fratrum
1196 823 1441 888 Predicatorum
1471 824 1510 887 (10
1542 831 1700 888 00010010
1724 823 1885 906 Bononia,
1910 829 1943 887 01
1965 824 2099 888 totidem
2122 823 2162 887 de

346 939 506 996 00010010
529 931 684 996 Luohano
708 931 811 1016 magis
835 929 1072 1016 indigentibus,
1096 929 1228 994 cuilibet
1258 937 1324 993 tres
1347 929 1446 994 libras
1471 931 1712 995 bononenorum
1743 952 1802 1016 pro
1833 951 1898 994 una
1930 931 2055 1013 tunica,
2079 931 2164 994 inter

346 1060 425 1126 quos
449 1038 550 1103 frater
580 1037 822 1124 Phyglooarus,
847 1058 1020 1101 conversus
1051 1035 1091 1100 de
1122 1036 1288 1122 provincia
1318 1036 1514 1100 Lonibardie
1545 1037 1600 1122 qni
1631 1037 1805 1123 aliquando
1833 1038 1951 1101 mansit
1979 1038 2162 1121 nobiseum,

345 1150 387 1212 sit
410 1169 502 1211 uuus.

435 1254 519 1318 Item
541 1254 676 1318 ecclesie
700 1259 810 1317 sancte
833 1251 936 1315 Mario
960 1252 999 1316 (10
1023 1251 1222 1333 Mnradellis,
1240 1251 1379 1315 civitatis
1403 1251 1560 1334 Bononia,
1578 1272 1636 1338 pro
1660 1273 1724 1317 uno
1748 1261 1937 1338 paramento
1962 1255 2088 1336 altaris,
2105 1277 2163 1319 sex

346 1363 445 1428 libras
469 1362 722 1427 bononenorum.

434 1470 517 1533 Item
541 1468 674 1534 ecclesie
699 1468 802 1532 sancti
824 1468 915 1532 Petri
938 1468 977 1531 de
1001 1465 1120 1548 Massa,
1143 1466 1316 1530 cerviensis
1340 1466 1486 1548 diocesis,
1511 1467 1621 1530 decem
1645 1468 1745 1531 libras
1769 1468 2011 1533 bononenorum
2035 1491 2093 1555 pro
2117 1491 2164 1534 re·

345 1578 513 1664 paratione
535 1577 669 1642 ecclesie
693 1575 796 1639 sancti
819 1574 911 1638 Petri
933 1573 1079 1660 predicti.

436 1686 519 1751 Item
541 1685 634 1748 fratri
657 1683 856 1748 Bonacursio
880 1681 1056 1763 Lamfredi,
1081 1680 1211 1744 Ordinis
1235 1680 1387 1744 Fratrum
1410 1681 1582 1764 Minorum,
1600 1682 1816 1768 quadraginta
1839 1683 1939 1747 libras
1964 1685 2162 1750 lucanorum.

435 1793 518 1856 Item
543 1793 690 1856 volumus
714 1797 745 1856 et
768 1790 969 1872 mandamus,
994 1789 1079 1874 quod
1102 1795 1274 1874 postquam
1296 1788 1551 1872 fideicomissarij
1576 1789 1673 1873 hujus
1697 1791 1798 1854 nostri
1828 1792 2012 1854 testamenti
2045 1792 2165 1858 fuerint

348 1901 546 1988 congregati,
563 1899 640 1964 dare
663 1905 835 1963 teneantur
858 1905 891 1961 et
914 1897 1053 1961 debeant
1076 1895 1161 1960 iufra
1179 1903 1250 1960 octo
1267 1895 1334 1960 dies
1350 1896 1547 1982 pauperibus
1564 1896 1643 1960 Jesu
1661 1896 1779 1962 Christi
1797 1899 2031 1984 quinquaginta
2052 1900 2164 1965 corbes

347 2009 509 2091 frumenti,
527 2015 558 2072 01
582 2007 764 2092 quindecim
788 2005 899 2070 corbes
924 2005 1000 2087 vini,
1018 2004 1045 2067 si
1068 2010 1176 2068 tamen
1200 2010 1362 2089 repertum
1387 2003 1484 2067 fuerit
1507 2025 1605 2089 penes
1627 2026 1684 2068 nos
1701 2013 1844 2090 tempore
1861 2007 1973 2070 mortis
1989 2015 2107 2072 nostre.
2125 2008 2164 2073 In

348 2140 411 2204 qua
435 2115 563 2202 quidem
595 2115 820 2178 distributione
853 2111 1096 2176 recomendatos
1119 2133 1190 2174 esse
1214 2110 1362 2174 volumus
1385 2132 1544 2196 00000100
1568 2111 1690 2175 1101000
1715 2119 1840 2176 0001100
1864 2113 1903 2178 (10
1927 2113 2038 2200 Burgo
2063 2116 2163 2182 richo.

349 2223 592 2311 suppellectilia
614 2243 702 2304 vero,
719 2222 802 2284 siout
824 2217 1548 2302 00111000,11000110,(11001100,1000100100(
1572 2220 1714 2302 cochine,
1733 2221 1807 2304 juro
1831 2221 1931 2304 legati
1954 2222 2164 2307 relinquimus

348 2333 476 2399 domino
500 2331 654 2416 magistro
674 2329 798 2410 Veltro,
814 2328 907 2392 fratri
932 2334 1051 2409 nostro,
1075 2333 1107 2390 et
1130 2325 1296 2390 Veltruoio
1321 2333 1397 2390 nato
1429 2326 1564 2391 condam
1589 2326 1698 2391 fratris
1722 2327 1837 2391 Uberti
1860 2328 1969 2393 fratris
1997 2331 2108 2415 nostri,
2132 2341 2165 2397 et

348 2462 458 2505 eorum
482 2439 665 2503 heredibus.

437 2548 519 2612 Item
544 2547 698 2631 magistro
722 2543 934 2624 Bettholatio,
959 2541 1082 2606 medico
1107 2548 1216 2605 nostro
1240 2547 1272 2604 ct
1295 2540 1416 2604 familie
1450 2549 1568 2622 nostre,
1593 2543 1804 2629 relinquimus
1836 2546 1947 2610 decem
1977 2548 2076 2612 libras
2108 2549 2164 2614 bo·

349 2675 556 2722 nonenorum.

437 2763 519 2828 Item
544 2759 698 2846 magistro
722 2758 838 2821 Pantie
861 2757 900 2820 de
924 2756 1032 2839 Luca,
1057 2755 1180 2821 medico
1204 2762 1313 2821 nostro
1337 2762 1369 2819 01
1392 2755 1513 2820 familie
1538 2764 1662 2840 nostre,
1688 2759 1897 2844 relinquimus
1929 2761 2038 2826 decem
2067 2764 2166 2831 libras

347 2872 600 2936 bononenorum.

436 2978 520 3041 Item
544 2973 701 3057 Antonio,
725 2971 932 3059 appoteoario
957 2978 1079 3052 nostro,
1104 2969 1313 3056 relinquimus
1338 2979 1410 3056 post
1435 2978 1569 3035 mortem
1594 2979 1736 3036 nostram
1760 2994 1853 3038 omne
1877 2976 1910 3039 id
1933 2983 1965 3041 et
1988 2985 2088 3043 totum
2115 2982 2165 3065 id,

347 3086 432 3171 quod
456 3085 548 3148 nobis
572 3089 736 3146 teneretur
760 3080 927 3144 occasione
951 3077 1161 3142 confessionis
1185 3077 1353 3161 cujusdam
1378 3079 1581 3141 instrumenti
1605 3082 1812 3165 septuaginta
1837 3083 1992 3148 librarum
2024 3087 2165 3153 bonone-

348 3215 472 3274 norum‚
494 3189 722 3255 solvendarum
746 3189 837 3252 nobis
861 3188 893 3250 in
918 3186 1060 3272 quolibet
1085 3205 1169 3248 anuo
1194 3192 1332 3270 quatuor
1355 3185 1445 3249 libris
1469 3186 1710 3250 bononenorum
1735 3189 1837 3254 donec
1862 3191 1953 3256 nobis
1973 3193 2166 3260 solutionem

347 3300 525 3387 predictam
547 3295 756 3382 compleverit
779 3301 874 3380 prout
898 3294 930 3356 in
955 3294 1024 3378 ipso
1049 3293 1261 3356 instrumento
1285 3293 1405 3378 scripto
1429 3313 1526 3356 manu
1551 3295 1613 3356 mei
1636 3294 1795 3359 Iohannis
1819 3295 1981 3383 Damiani,
1999 3303 2117 3367 notarii
2134 3313 2166 3369 et

347 3405 563 3492 procuratoris
588 3403 689 3467 nostri
713 3401 919 3487 infrascripti,
943 3398 1070 3486 plenius
1095 3399 1277 3462 continetur
1302 3448 1544 3464 ........

437 3511 519 3576 Item
540 3512 613 3595 jure
637 3509 738 3594 legati
762 3529 820 3595 pro
844 3509 951 3570 anima
975 3513 1084 3570 nostra
1101 3507 1311 3591 relinquimus
1327 3507 1421 3570 fratri
1438 3507 1610 3572 Franciseo
1628 3508 1758 3573 Ordinis
1774 3511 2029 3598 Predieatorum,
2046 3517 2165 3580 salum·

347 3620 466 3684 briensi
491 3619 651 3704 episcopo,
669 3617 787 3680 intuitu
811 3636 947 3701 persone
971 3635 1034 3678 non
1058 3612 1285 3695 ecclesiastice,
1303 3622 1334 3677 et
1358 3635 1416 3700 pro
1439 3615 1578 3678 servitiis
1602 3617 1711 3679 multis
1734 3618 1825 3681 nobis
1846 3627 1878 3682 et
1899 3622 2033 3686 ecclesie
2059 3633 2166 3690 nostre

348 3727 483 3809 collatis,
506 3726 636 3790 domum
660 3731 801 3788 nostram
826 3723 866 3786 ds
891 3721 1039 3802 Oieoniis,
1056 3722 1195 3806 positam
1218 3721 1249 3784 in
1274 3721 1385 3806 Burgo
1410 3722 1499 3786 richo
1520 3723 1616 3806 juxta
1640 3723 1770 3787 domum
1794 3725 1914 3790 domini
1937 3728 2089 3816 Episcopi
2113 3733 2166 3796 be-

347 3833 561 3915 thelemitani,
585 3839 618 3896 01
638 3833 734 3916 juxta
757 3830 892 3894 heredes
916 3829 1053 3893 condam
1077 3829 1197 3893 domiui
1221 3826 1387 3914 Delphyni
1412 3829 1548 3893 condam
1570 3829 1690 3894 domini
1714 3831 1822 3895 fratris
1846 3833 2015 3900 Michaelis
2039 3840 2165 3925 prioris,

347 3951 379 4006 et
399 3943 495 4025 juxta
518 3940 730 4004 Laurentium
755 3936 891 4002 condam
914 3937 1047 4022 Ugolini
1071 3938 1299 4018 brentatorom‚
1324 3942 1357 4000 01
1377 3937 1473 4020 juxta
1496 3937 1581 4002 viam
1606 3937 1769 4023 publicam
1794 3990 2037 4009 ........

434 4048 517 4113 Item
542 4046 635 4112 fratri
658 4045 896 4110 Branchaleoni
920 4043 1051 4109 Ordinis
1074 4044 1338 4126 Predicatornm,
1363 4045 1445 4108 sotio
1469 4051 1596 4127 nostro,
1622 4047 1789 4110 annuatim
1817 4048 1849 4112 in
1880 4050 1948 4113 vita
1971 4073 2029 4116 sua
2053 4054 2163 4119 decem

347 4158 447 4221 libras
470 4157 723 4237 bononenorum‚
741 4151 963 4240 percipiendas
988 4151 1027 4214 de
1051 4152 1146 4215 vinea
1170 4172 1267 4237 quam
1291 4151 1481 4216 donavimus
1498 4158 1530 4216 et
1546 4153 1760 4218 concessimus
1777 4155 1948 4221 Sororibus
1965 4161 2067 4224 sancti
2083 4161 2164 4226 Mat·

345 4265 411 4329 thie
436 4271 508 4350 post
531 4262 654 4327 obitum
677 4269 823 4325 nostrum
845 4258 1073 4345 possidendam
1099 4307 1341 4323 ........

435 4371 518 4434 Item
539 4372 613 4453 jure
636 4369 736 4454 legati
760 4389 818 4454 pro
843 4367 951 4430 anima
976 4373 1085 4430 nostra
1109 4366 1319 4451 relinquimus
1343 4366 1436 4430 fratri
1469 4367 1634 4452 Stephano
1665 4368 1810 4452 ejusdem
1836 4370 1976 4455 Ordinis,
2001 4376 2082 4439 sotio
2107 4398 2163 4441 no·

346 4487 423 4560 stro,
440 4477 606 4542 annuatim
632 4477 664 4539 in
688 4476 753 4540 vita
778 4496 837 4538 sua
860 4474 971 4538 decem
994 4473 1095 4537 libras
1118 4474 1361 4538 bononenorum
1385 4475 1608 4559 percipiendas
1625 4475 1664 4538 (10
1679 4475 1809 4561 podere,
1831 4479 1916 4562 quod
1932 4489 2075 4566 emptum
2091 4483 2163 4567 fuit,

346 4595 378 4651 01
401 4586 556 4650 (10001001
580 4583 751 4648 Sororibus
775 4589 885 4646 sancte
908 4582 1011 4646 Maris
1034 4581 1229 4665 Magdalens
1250 4580 1355 4644 Vallis
1371 4588 1461 4666 petre
1478 4603 1578 4668 prope
1595 4582 1775 4647 Bononiam
1791 4592 1864 4671 post
1880 4587 2003 4651 obitum
2019 4599 2164 4655 nostrum

346 4693 575 4781 possidendum
600 4739 842 4758 ........

436 4801 519 4866 Item
540 4801 614 4883 jure
637 4799 738 4884 legati
761 4797 971 4882 relinquimus
995 4797 1129 4862 ecclesie
1153 4796 1310 4862 cerviensi
1335 4797 1463 4860 mitram
1487 4805 1629 4862 nostram
1652 4798 1834 4863 laboratam
1857 4800 1897 4864 de
1920 4823 1999 4868 auro
2028 4811 2059 4867 et
2083 4804 2164 4891 lapi-

347 4909 451 4990 dibus,
475 4907 627 4972 baculum
650 4906 845 4992 pastoralem
870 4905 1056 4987 eburneum,
1082 4903 1297 4968 faldistorium
1321 4924 1421 4967 unum
1444 4903 1590 4986 rubeum,
1614 4906 1787 4988 missalem,
1809 4913 1841 4970 et
1863 4907 1926 4972 duo
1951 4911 2082 4975 vascula
2106 4934 2164 4997 pro

348 5017 537 5096 chrismate,
561 5035 660 5077 unum
685 5021 874 5098 argenteum
898 5019 930 5076 et
954 5012 1054 5075 alium
1077 5010 1310 5096 crystallinum,
1335 5010 1558 5094 [orldinarium
1582 5013 1796 5096 breviarium,
1821 5015 1923 5078 altare
1948 5016 2100 5081 1101100111
2124 5018 2163 5083 (10

348 5121 462 5209 porfilo
486 5122 595 5204 rubeo,
621 5120 804 5184 naviculam
828 5125 1015 5204 argenteam
1039 5139 1112 5180 cum
1136 5118 1273 5182 cocleari
1305 5126 1338 5181 et
1361 5117 1522 5182 theribulo
1549 5125 1583 5182 et
1605 5119 1756 5204 ampullis
1783 5127 1816 5184 et
1839 5142 1903 5184 uno
1927 5122 2026 5187 calice
2050 5145 2165 5210 argen-

348 5231 419 5312 teis,
441 5236 473 5293 st
497 5249 594 5292 unum
619 5233 842 5313 paramentum
866 5225 1061 5311 completum
1083 5225 1263 5310 pulchrius,
1288 5224 1373 5310 quod
1397 5226 1563 5288 inventum
1585 5225 1683 5290 fuerit
1706 5227 1739 5289 in
1761 5229 1958 5312 paramentis
1981 5231 2109 5314 nostris,
2133 5239 2166 5296 et

348 5337 412 5401 duo
436 5337 528 5424 paria
551 5335 782 5420 oophynorum.
807 5334 859 5398 Ita
882 5332 968 5418 quod
991 5332 1133 5419 predicte
1157 5354 1209 5395 res
1234 5331 1436 5418 deponantur
1459 5333 1492 5395 in
1515 5333 1662 5396 sacristia
1686 5333 1838 5398 Fratrum
1858 5334 2101 5402 Predioatorum
2126 5339 2165 5404 de

348 5444 506 5525 Bononia,
521 5449 553 5506 et
568 5448 691 5527 postea,
704 5449 847 5526 tempore
865 5441 1069 5526 competenti,
1083 5439 1288 5526 assignentur
1303 5440 1480 5503 successori
1497 5446 1605 5504 nostro
1622 5447 1792 5526 postquam
1808 5441 1906 5506 fuerit
1922 5445 2074 5510 canonice
2092 5467 2166 5510 con·

350 5553 494 5615 firmatus
518 5571 575 5635 per
598 5556 725 5614 nostros
749 5547 985 5612 commissarios
1009 5547 1242 5633 infrascriptos.

438 5658 521 5723 Item
542 5659 616 5742 jure
639 5656 740 5741 legati
762 5655 973 5740 relinquimus
997 5655 1102 5719 eidem
1124 5655 1269 5719 Ecclesia
1293 5655 1450 5720 cerviensi
1480 5653 1611 5719 domum
1638 5662 1781 5719 nostram
1812 5678 1980 5742 magnam,
2005 5660 2165 5744 quamde

333 5789 433 5832 ,0010
457 5765 612 5830 edifficari
634 5764 779 5846 fecimus,
796 5763 935 5850 positam
957 5764 990 5826 in
1014 5770 1160 5827 contrata
1184 5761 1341 5826 Barbarie
1357 5763 1389 5826 in
1407 5762 1532 5849 capella
1548 5763 1651 5826 sancti
1667 5762 1868 5846 Barbatiani,
1885 5766 2166 5830 00010001οΜοΙ-

350 5875 454 5959 garite
475 5874 571 5958 juxta
595 5872 760 5936 dominum
782 5871 922 5935 Paulum
947 5870 1097 5934 Gosberti
1121 5891 1162 5934 ex
1187 5891 1251 5934 una
1274 5877 1383 5956 00110,
1408 5875 1440 5934 01
1461 5871 1558 5953 juxta
1587 5869 1723 5934 heredes
1747 5871 1881 5935 condam
1913 5872 2034 5937 domini
2057 5873 2166 5938 fratris

350 5981 423 6044 Fini
447 5980 582 6044 condam
606 5979 726 6044 domini
741 5979 878 6063 Theuzij
895 5999 936 6042 011
953 5978 1028 6059 0110,
1042 5979 1138 6061 juxta
1154 5977 1240 6041 viam
1258 5978 1421 6064 publicam
1437 5999 1479 6042 ex
1495 5985 1587 6063 parte
1604 5979 1758 6042 auteriori
1774 5979 1887 6042 domus
1903 5980 2056 6065 predicte,
2070 5982 2167 6065 juxta

343 6088 419 6151 ,1100
444 6109 485 6151 ex
508 6094 599 6173 parte
622 6085 803 6172 posteriori,
820 6092 852 6148 et
865 6087 961 6169 juxta
985 6084 1115 6148 domum
1137 6085 1293 6150 heredum
1317 6085 1478 6171 quondam
1500 6085 1621 6149 domini
1636 6085 1756 6148 Arardi
1772 6087 1928 6170 canonici,
1945 6095 1977 6151 et
1989 6089 2085 6171 juxta
2101 6089 2167 6153 Ro·

350 6194 530 6258 laudutium
554 6193 743 6258 Gerrardini
765 6193 943 6275 Armaniti3
961 6214 1022 6278 que
1043 6192 1157 6257 domus
1180 6200 1229 6256 est
1253 6213 1349 6278 super
1372 6201 1499 6257 terreno
1522 6192 1678 6257 heredum
1701 6191 1863 6279 quondam
1886 6193 2006 6259 domini
2030 6195 2166 6282 Theuzij

440 6409 523 6473 Item
544 6409 617 6494 jure
641 6408 742 6493 legati
765 6407 975 6494 relinquimus
999 6408 1171 6472 conventui
1194 6406 1346 6472 Fratrum
1369 6408 1613 6472 Predioatorum
1637 6407 1676 6472 de
1699 6407 1790 6472 Luca
1813 6408 1946 6472 calicem
1978 6416 2168 6494 argenteum

350 6517 474 6604 capelle
499 6524 606 6581 nostre
631 6523 664 6580 et
685 6515 827 6580 Bibliam
851 6521 994 6579 nostram
1018 6514 1050 6578 in
1074 6514 1199 6579 duobus
1221 6515 1440 6580 voluminibus
1465 6563 1706 6580 ........
