5492 7750
785 619 1017 671 SPEOTANTIA
1045 619 1096 670 AD
1125 619 1380 672 PROFESSORES
1407 619 1513 670 JUBIS
1542 619 1675 670 clvluls

1165 968 1292 1034 XXVI.

1040 1149 1142 1232 1233,
1168 1149 1210 1212 18
1231 1148 1415 1234 septenbris.

538 1323 591 1388 Ex
614 1325 746 1390 archivo
770 1348 795 1390 9.
819 1326 986 1391 Francisci
1008 1325 1153 1409 Bonon,
1178 1327 1319 1390 nuncin
1344 1326 1520 1390 Tabulario
1543 1326 1687 1391 Maximo
1711 1327 1919 1410 bononiensi,

727 1441 804 1498 sect.
834 1459 849 1492 ‹
873 1433 1110 1515 Damoetae»,
1134 1455 1221 1498 uum.
1238 1415 1289 1478 '4³³3
1334 1434 1388 1497 lib.
1412 1433 1454 1516 A,
1478 1433 1549 1498 doc.
1572 1433 1727 1498 LXXVI.

1237 1484 1308 1528 19181

409 1627 449 1691 In
473 1629 601 1694 nomine
624 1628 757 1694 Domini
780 1630 882 1694 nostri
904 1629 984 1695 Jcsu
1009 1629 1138 1695 Christi.
1163 1630 1259 1696 Auno
1283 1630 1415 1696 Domini
1431 1631 1600 1695 millesimo
1618 1631 1836 1696 ducentesimo
1853 1631 2013 1697 tricesimo
2030 1634 2136 1717 tertio,

320 1734 373 1798 die
396 1735 571 1800 tredecimo
595 1744 734 1801 exeunte
758 1738 910 1819 setenbri,
930 1737 1104 1803 indictione
1128 1745 1230 1821 sexta,
1248 1739 1452 1824 presentibus
1476 1738 1605 1802 domino
1627 1738 1791 1804 Laudulfo
1815 1739 1855 1803 de
1878 1738 2057 1825 Landulfis,
2081 1741 2136 1807 do·

319 1841 406 1906 mino
435 1842 631 1908 Thomasino
664 1843 885 1929 Oazauemici,
910 1845 1039 1910 domiuo
1071 1845 1233 1910 Petrizolo
1264 1845 1453 1930 Ungarelli,
1477 1845 1607 1910 domino
1639 1845 1756 1931 Egidio
1787 1845 1983 1931 Bonifilioli,
2008 1847 2136 1914 domino

320 1947 483 2016 Arardino
507 1951 578 2035 ejus
601 1952 712 2036 fratre,
729 1952 859 2018 domino
881 1951 1031 2018 Rclaudo
1055 1953 1261 2035 Cananirnici,
1277 1951 1439 2017 Petrizolo
1463 1953 1585 2018 domini
1605 1952 1793 2018 Thomasini
1817 1954 1952 2040 predicti
1967 1961 2000 2020 et
2015 1955 2137 2020 Rolan-

320 2056 395 2121 dino
419 2057 540 2122 domini
561 2058 777 2146 Prindipartis
800 2061 840 2125 dc
863 2061 1032 2126 Landnlfis
1054 2061 1151 2144 hujus
1175 2061 1223 2124 rei
1245 2061 1352 2145 rogati
1376 2061 1507 2124 fuerunt
1529 2067 1639 2125 testes.

408 2164 529 2230 Actum
551 2166 698 2232 Bononio
721 2167 754 2230 in
777 2167 872 2232 domo
896 2168 1018 2233 domini
1039 2167 1197 2232 Bonifatii
1219 2167 1427 2253 infrascripti.

409 2271 481 2357 Ego
496 2272 692 2357 Bonifatius,
703 2273 831 2359 Legum
848 2275 969 2358 doctor,
986 2275 1051 2339 tale
1071 2275 1155 2339 facio
1173 2281 1417 2338 testamentum:
1436 2276 1467 2338 in
1484 2275 1596 2361 primis
1612 2276 1722 2339 habito
1739 2283 1873 2361 pensato
1890 2277 2042 2342 corraeilio
2059 2277 2137 2342 utri·

321 2399 422 2464 usquc
447 2380 567 2444 ordinis
591 2380 727 2446 fratrum
743 2381 988 2446 Predioatorum
1004 2390 1036 2446 et
1051 2382 1223 2465 hliuorum,
1242 2381 1327 2466 quod
1344 2404 1386 2445 cx
1402 2388 1517 2466 questu
1534 2403 1628 2467 quem
1646 2383 1707 2446 feci
1724 2404 1765 2446 cx
1781 2384 1910 2466 scholis,
1928 2385 2004 2470 quia
2029 2385 2136 2449 multis

321 2493 354 2550 et
377 2487 475 2550 variis
498 2488 602 2552 modis
626 2496 778 2574 peccatur
801 2490 833 2553 in
857 2489 1057 2554 scholaribus
1073 2489 1230 2553 habendis
1248 2489 1289 2552 ad
1305 2511 1464 2552 summam
1479 2489 1695 2576 provisionem
1712 2497 1744 2554 91
1760 2491 1976 2574 securitatem,
1993 2493 2136 2578 aliquam

321 2616 480 2658 summam
504 2595 644 2660 debeant
667 2595 744 2659 dare
768 2597 983 2682 pauperibus,
1008 2619 1080 2661 oum
1103 2618 1123 2660 a
1146 2596 1255 2660 multis
1280 2603 1312 2660 et
1334 2596 1432 2660 variis
1456 2604 1489 2660 et
1512 2597 1604 2682 quasi
1628 2597 1669 2660 ab
1698 2598 1827 2661 incertis
1855 2600 2000 2685 personis
2028 2623 2137 2688 perce-

320 2709 412 2788 ptum
435 2703 493 2785 sit,
519 2724 616 2788 quam
636 2703 724 2787 juxit
747 2711 779 2767 et
802 2705 905 2768 voluit
927 2725 997 2768 esse
1026 2725 1185 2767 summam
1213 2711 1342 2768 centum
1371 2704 1528 2768 librarum
1558 2705 1676 2770 bonon.
1700 2705 1897 2791 pauperibus
1928 2708 2136 2792 erogandam.

320 2809 373 2873 Ex
395 2809 485 2874 lucro
510 2817 618 2874 autem
642 2811 728 2895 quod
751 2811 827 2875 fecit
850 2833 892 2875 cx
915 2811 1198 2894 avvooationibus,
1223 2811 1279 2875 ubi
1303 2811 1441 2875 scienter
1464 2811 1572 2897 iniquo
1597 2813 1720 2898 aceepit
1745 2813 1785 2876 ab
1816 2813 1880 2876 illis
1911 2815 2057 2900 personis
2085 2816 2138 2880 vel

234 2996 236 3002 Ι
319 2916 608 3001 Universitatibus,
633 2918 713 2982 illud
746 2919 868 2982 eisdem
900 2919 1065 3002 restituat,
1089 2919 1141 2984 vel
1165 2919 1261 2983 sitin
1285 2915 1456 2984 concordia
1480 2941 1553 2984 oum
1577 2921 1640 3003 eis,
1665 2941 1729 2984 non
1759 2920 1940 2985 inducendo
1964 2943 2018 2986 999
2051 2923 2137 3008 ipse,

320 3025 372 3088 vel
396 3024 478 3088 alius
495 3033 568 3110 post
584 3047 667 3108 cum,
684 3026 794 3111 aliqua
817 3047 952 3112 procura
975 3048 1040 3091 non
1062 3027 1253 3090 restituendi
1276 3027 1328 3090 vcl
1345 3027 1453 3112 aliquo
1477 3027 1619 3112 ingenio,
1636 3027 1722 3112 quod
1746 3027 1863 3092 debeat
1886 3029 2064 3114 predictil's]
2087 3052 2137 3094 re·

320 3131 465 3216 mittere;
489 3139 538 3196 set
561 3132 589 3196 si
611 3133 773 3198 voluerint
796 3134 896 3199 libere
922 3141 954 3197 et
976 3139 1155 3220 spontanea
1178 3134 1345 3198 voluntate
1370 3134 1542 3216 remittere,
1560 3134 1651 3198 illum
1667 3135 1769 3220 possit
1785 3134 1916 3198 retineri
1932 3135 1971 3199 dc
1989 3136 2137 3201 omnibus

320 3239 392 3303 aliis
416 3240 660 3304 evocationibus
684 3247 716 3304 et
738 3241 828 3305 lucro
852 3263 894 3305 ex
918 3241 1078 3306 consciliis
1102 3241 1220 3305 habitis
1244 3241 1329 3305 bona
1345 3241 1408 3304 fide
1423 3242 1580 3325 tractatis,
1599 3242 1830 3306 consuluerunt
1845 3243 1892 3307 911
1915 3243 1957 3306 ad
1981 3246 2138 3328 majoram

319 3348 537 3432 provisionem
560 3348 614 3411 det
641 3353 673 3411 et
696 3347 791 3412 fatiat
813 3349 884 3413 dari
907 3349 1050 3435 aliquam
1073 3371 1231 3412 summam
1254 3371 1312 3414 suo
1337 3350 1469 3414 arbitrio
1494 3349 1772 3414 determinandam
1794 3351 1874 3414 locis
1896 3351 2067 3436 religiosis,
2085 3352 2137 3416 vel

320 3452 393 3516 aliis
415 3453 613 3539 pauperibus
635 3453 715 3518 Jesu
740 3453 876 3538 Christi3
901 3475 998 3540 quam
1030 3477 1188 3518 summam
1219 3455 1321 3519 voluit
1351 3456 1497 3541 prefatus
1527 3455 1675 3520 dominus
1706 3456 1890 3520 Bonifatius
1914 3477 1984 3520 esse
2009 3464 2138 3522 centurn

320 3559 476 3624 librarum
499 3561 617 3626 bonon.
635 3562 703 3625 siue
725 3562 928 3626 restitutione
952 3562 1141 3648 specialium
1164 3583 1261 3648 quam
1284 3563 1318 3626 iu
1342 3585 1399 3627 suo
1423 3563 1580 3646 codicillo,
1598 3564 1658 3628 hoo
1677 3571 1869 3628 testamento
1890 3563 2088 3648 confirmato,
2106 3572 2138 3629 et

321 3688 474 3752 personas
499 3675 531 3732 et
553 3667 790 3734 Universitates
814 3676 846 3734 et
869 3671 1066 3754 quantitates
1090 3670 1306 3735 restituendas
1330 3671 1398 3756 ipse
1419 3671 1488 3754 jam
1511 3670 1698 3734 declaravit.
1716 3671 1853 3756 Insuper
1877 3671 1979 3735 voluit
2003 3678 2035 3735 et
2048 3671 2138 3755 juxit

320 3775 460 3860 expendi
482 3796 541 3862 pro
566 3797 614 3858 co,
639 3777 666 3839 si
690 3777 892 3862 contingeret
915 3799 988 3841 cum
1012 3777 1148 3842 deficere
1173 3799 1215 3841 ex
1237 3777 1299 3842 hac
1322 3778 1514 3862 egritudine,
1536 3777 1575 3841 (19
1600 3778 1666 3841 9919
1690 3778 1782 3841 bonis
1805 3786 1933 3842 centum
1958 3778 2057 3842 libras
2080 3779 2137 3843 bo·

319 3902 393 3947 non.
417 3903 476 3968 pro
504 3883 740 3947 restauratione
771 3883 968 3948 decimarum
998 3892 1031 3948 ct
1061 3884 1248 3970 quartesimi
1280 3885 1447 3949 solvantur
1475 3884 1609 3970 triginta
1641 3885 1722 3948 libre
1753 3885 1890 3969 bonon,
1916 3886 1967 3950 cui
1997 3885 2137 3972 prestari

319 3987 438 4053 debant
461 3989 501 4053 de
521 3991 614 4074 jure,
638 3990 748 4055 habito
773 3992 925 4056 conscilio
949 3992 1142 4078 peritorum,
1167 3999 1200 4056 et
1229 3993 1289 4056 iste
1320 3992 1454 4077 triginta
1485 3993 1567 4056 libre
1591 4013 1656 4057 nen
1680 3999 1906 4078 computentur
1928 3993 1962 4056 in
1985 3992 2138 4078 predictis

319 4097 565 4182 quantitatibus,
581 4105 630 4163 991
654 4099 735 4163 91199
757 4099 797 4163 (19
820 4121 878 4164 999
901 4100 1138 4185 persolvantur.
1161 4099 1205 4163 Et
1228 4100 1288 4164 hec
1311 4099 1451 4164 debeant
1475 4100 1545 4164 fieri
1569 4107 1600 4164 et
1623 4100 1794 4185 adimpleri
1817 4121 1875 4186 per
1898 4121 1972 4164 eum
2000 4100 2055 4185 qui
2078 4121 2137 4185 pro

318 4212 463 4290 tempore
487 4203 585 4269 fuerit
608 4206 696 4292 prior
720 4206 823 4270 sancti
849 4205 994 4290 Nicolai,
1019 4214 1052 4270 91
1073 4229 1132 4293 per
1154 4229 1228 4271 eum
1251 4207 1306 4292 qui
1329 4229 1387 4293 pro
1411 4215 1557 4294 tempore
1581 4207 1724 4292 preherit
1747 4207 1853 4272 ordini
1876 4208 2013 4271 fratrum
2036 4207 2138 4271 mino·

319 4333 401 4394 rum,
423 4319 455 4377 et
477 4334 536 4398 per
558 4313 724 4378 dominum
747 4314 929 4399 Zulianum,
947 4315 1080 4380 fratrem
1100 4316 1247 4400 ejusdem
1266 4316 1387 4380 domini
1403 4316 1569 4399 Bonifatii,
1587 4337 1723 4401 quorum
1739 4315 1814 4379 fidei
1831 4315 1967 4380 comittit
1981 4315 2138 4402 prodicta.

319 4418 340 4483 J
343 4419 514 4484 aoobinum
530 4427 562 4485 et
577 4421 743 4485 Ubaldum
759 4444 834 4487 9999
857 4423 919 4487 sibi
942 4423 1077 4487 heredes
1101 4424 1239 4488 instituit
1262 4424 1296 4488 in
1319 4424 1452 4509 reliquis
1475 4423 2088 4506 9919119919,1911999919111191999919
2106 4423 2139 4484 in

320 4526 504 4612 quingentis
527 4528 619 4592 libris
641 4529 703 4593 sibi
725 4529 878 4594 heredem
900 4530 1048 4614 institnit,
1066 4538 1098 4596 ct
1121 4553 1164 4596 ox
1187 4532 1249 4596 hiis
1272 4531 1374 4594 voluit
1398 4552 1468 4594 esso
1490 4536 1713 4616 contenptam;
1731 4538 1763 4594 et
1786 4531 1814 4594 si
1834 4531 2036 4616 contingeret
2052 4528 2139 4616 quod

320 4633 436 4719 aliquis
459 4633 599 4699 tiliorum
622 4657 754 4700 sucrum
777 4637 947 4702 decederet
970 4639 1038 4702 siue
1062 4639 1183 4722 liberis,
1200 4639 1365 4703 substituit
1389 4659 1489 4701 unum
1512 4638 1623 4720 alteri;
1641 4637 1669 4700 si
1692 4637 1863 4701 decederet
1886 4637 2003 4722 aliquis
2026 4658 2138 4702 eorum

320 4740 389 4804 sine
413 4742 574 4824 masculis,
590 4742 740 4808 habendo
760 4743 914 4808 feminam
937 4745 990 4810 vel
1013 4745 1161 4828 feminas,
1178 4746 1248 4809 vult
1271 4745 1356 4831 quod
1380 4765 1456 4830 pars
1473 4744 1642 4808 domorum
1658 4743 1743 4807 illius
1761 4745 1952 4830 perveniant
1968 4742 2010 4807 ad
2027 4763 2138 4829 super-

320 4848 496 4931 viventem‚
519 4849 573 4913 vel
597 4849 638 4914 ad
662 4852 733 4935 ejus
755 4851 838 4915 filios
862 4853 1036 4935 masculos,
1060 4853 1121 4916 hoo
1145 4860 1217 4917 acto
1241 4852 1404 4917 intellecto
1436 4852 1482 4916 ita
1510 4851 1596 4937 quod
1619 4850 1732 4915 domus
1755 4852 1826 4935 ejus
1850 4872 1976 4936 semper
1999 4850 2139 4914 debeant

321 4976 391 5019 9999
414 4955 631 5021 masculorum
655 4958 918 5023 descendentium
941 4966 1077 5043 fantum,
1102 4961 1332 5044 cujuscumque
1357 4959 1477 5045 gradus
1498 4960 1550 5023 val
1572 4959 1699 5022 numeri
1722 4958 1861 5041 fuerint3
1887 4959 1914 5022 si
1938 4958 2140 5042 contingeret

322 5063 408 5148 quod
431 5083 474 5127 ex
496 5063 571 5128 filiis
594 5065 660 5129 suis
683 5066 835 5130 masculis
860 5087 923 5130 uon
947 5073 1151 5131 remanerent
1174 5066 1330 5150 masculi,
1355 5066 1457 5130 voluit
1481 5065 1566 5151 quod
1590 5086 1701 5130 omnes
1725 5065 1852 5149 domus,
1876 5085 1957 5150 quas
1984 5064 2083 5128 habet
2106 5065 2140 5128 in

319 5170 420 5235 Porta
435 5171 540 5256 Nova,
557 5173 697 5238 debeant
720 5195 790 5238 esse
815 5172 925 5239 fratris
950 5175 1000 5238 sui
1022 5175 1143 5239 domini
1167 5175 1296 5239 Zuliani
1319 5183 1350 5239 et
1374 5175 1513 5239 filiorum
1529 5195 1662 5238 suorvnn
1678 5173 1904 5256 masculorum,
1921 5178 2058 5258 excepta
2074 5193 2140 5236 uua

321 5278 434 5362 domo,
459 5301 556 5365 quam
580 5280 648 5366 ipse
672 5281 846 5364 inhabitat,
871 5303 968 5367 quarn
995 5282 1066 5346 vult
1095 5303 1165 5346 esse
1188 5282 1253 5346 filie
1278 5303 1345 5346 sue.
1371 5281 1406 5346 Si
1429 5288 1538 5346 autem
1565 5281 1783 5365 contingeret,
1808 5280 1894 5366 quod
1917 5301 1959 5344 ex
1982 5279 2063 5343 nulli
2086 5301 2139 5342 su-

320 5386 540 5472 pradictorum
562 5394 768 5452 remanerent
789 5389 847 5452 filii
871 5389 1017 5472 maseuli,
1033 5395 1110 5454 tunc
1133 5390 1236 5454 voluit
1259 5388 1344 5476 quod
1359 5410 1435 5475 pars
1451 5388 1565 5452 domus
1582 5387 1759 5452 communis
1775 5387 1893 5451 debeat
1911 5387 2081 5473 pervenire
2098 5385 2140 5449 ad

321 5499 468 5558 sanctum
490 5495 676 5560 dohannem
699 5496 739 5560 de
762 5497 882 5580 Monte,
908 5518 947 5561 ea
970 5497 1043 5583 lege
1066 5505 1102 5561 91
1125 5498 1261 5562 alienari
1284 5519 1348 5562 nou
1372 5497 1484 5582 possit,
1508 5517 1566 5582 pro
1590 5496 1732 5560 remedio
1757 5495 1862 5560 animo
1887 5496 1968 5580 ejus,
1990 5494 2045 5579 qui
2067 5515 2140 5558 eam

321 5602 391 5665 fieri
414 5600 500 5666 fecit.
524 5602 599 5668 Alie
623 5602 751 5687 domus,
775 5611 912 5690 excepta
935 5605 993 5669 illa
1015 5605 1048 5668 in
1072 5626 1170 5691 quam
1191 5605 1336 5688 habitat,
1360 5603 1463 5668 voluit
1486 5605 1655 5690 pervenire
1679 5603 1719 5668 ad
1743 5603 1909 5668 domiuum
1930 5601 2085 5687 Egidium
2108 5610 2140 5666 et

321 5708 520 5773 Arardinum
543 5716 575 5774 et
599 5710 640 5774 ad
663 5710 735 5776 illes
759 5711 799 5775 (19
824 5719 929 5776 castro
953 5712 1057 5776 sancti
1079 5712 1185 5794 Petri,
1209 5719 1241 5776 et
1265 5711 1306 5775 ad
1330 5732 1441 5775 eorum
1463 5711 1547 5776 filios
1570 5711 1742 5794 masculos,
1766 5710 1813 5773 ita
1835 5709 1921 5796 quod
1944 5710 2001 5774 fiat
2024 5708 2139 5774 divisio

321 5816 406 5882 inter
429 5839 483 5882 cos
507 5818 540 5882 in
563 5819 693 5884 tertiam
715 5826 857 5905 partem:
882 5841 1046 5906 unapars
1069 5821 1111 5884 sit
1134 5820 1256 5884 domini
1277 5819 1388 5906 Egidii
1411 5826 1444 5884 et
1465 5819 1615 5901 filiorum,
1639 5825 1671 5882 et
1694 5819 1759 5882 alia
1782 5818 1937 5882 Arandini
1960 5825 1992 5882 et
2014 5818 2087 5900 filii,
2108 5825 2140 5881 ct

322 5925 388 5989 alia
411 5925 540 5990 illorum
563 5926 603 5990 (19
627 5932 732 5991 castro
756 5928 860 5992 sancti
882 5927 983 5993 Petri.
1008 5929 1113 6014 Super
1135 5928 1393 6014 possessionibus
1418 5934 1527 5991 autem
1550 5927 1616 5990 9919
1640 5927 1686 5990 119
1709 5926 1908 6009 diiudicarit,
1925 5932 1961 5988 ut
1976 5925 2004 5988 si
2023 5924 2140 6010 aliquis

321 6032 461 6096 filiorum
477 6053 608 6098 suorum
623 6034 839 6098 masculorum
864 6035 1034 6100 decederet
1058 6035 1127 6099 siue
1150 6035 1271 6117 liberis,
1287 6035 1392 6099 voluit
1415 6034 1501 6120 qued
1523 6034 1629 6120 portio
1649 6033 1778 6120 poderis
1795 6033 1964 6118 perveniat
1979 6031 2021 6096 ad
2037 6031 2140 6094 filium

321 6139 519 6224 masculum,
542 6140 596 6205 vel
619 6140 660 6205 ad
684 6142 754 6225 ojus
776 6142 860 6207 filios
884 6143 1061 6225 masculos3
1086 6142 1113 6206 si
1137 6150 1245 6206 autem
1269 6141 1439 6207 decederet
1462 6142 1530 6206 sino
1554 6141 1724 6224 masculis,
1749 6138 1956 6206 ethabuerit
1986 6138 2138 6222 feminas,

207 6327 213 6336 ,
321 6255 399 6312 tunc
420 6248 524 6312 voluit
547 6248 633 6334 quod
655 6250 678 6315 J
680 6251 818 6335 ohanna,
835 6251 902 6314 filia
918 6271 987 6334 sua,
1004 6250 1122 6314 debeat
1144 6249 1265 6314 habero
1289 6249 1329 6313 de
1352 6249 1473 6336 podere
1496 6255 1633 6331 tantum,
1654 6255 1811 6333 quantum
1834 6246 1978 6333 quelibet
1999 6246 2140 6310 filiarum

320 6354 460 6419 filiorum
483 6353 710 6440 predictorum,
728 6377 792 6420 non
817 6362 1003 6444 computata
1019 6356 1199 6441 quantitate
1216 6355 1468 6442 quingentarum
1482 6354 1640 6418 librarum
1660 6360 1692 6417 et
1714 6353 1808 6417 domo
1824 6353 1886 6417 sibi
1902 6353 2025 6435 relicta,
2042 6373 2140 6438 quam

321 6461 491 6527 inhabitat.
508 6461 654 6527 Uxorem
677 6484 769 6528 suam
792 6464 956 6528 dominam
978 6463 1196 6529 Verderosam
1212 6464 1283 6529 vult
1298 6463 1461 6528 dominam
1477 6467 1510 6526 et
1525 6461 1689 6525 usuariam
1705 6460 1737 6523 iu
1753 6460 1848 6524 domo
1869 6481 1928 6524 sua
1949 6480 2139 6546 permanere

402 6602 471 6642 rou.
489 6602 522 6640 11.
599 6627 601 6634 .
2043 6587 2058 6635 6
