5490 7750
824 665 1055 715 srscrnurrn
1084 664 1135 712 nn
1164 662 1419 713 suceessorum
1448 662 1553 712 rurus
1582 662 1715 712 crvrnrs
2102 641 2176 711 143

361 823 661 898 Conservatorem
689 823 745 896 vel
776 822 1064 895 Conlalonerium
1093 821 1252 916 ejusdem
1281 819 1455 916 civitatis,
1486 829 1558 892 tres
1594 819 1689 891 cives
1726 816 1884 914 qualibet
1911 818 1988 891 vice
2017 843 2081 917 pro
2110 819 2181 892 sin-

361 949 454 1044 gulis
482 949 686 1045 hujusmodi
714 948 817 1021 dictis
845 947 970 1020 officiis
998 947 1180 1019 nominare
1209 945 1365 1043 possint;
1391 969 1434 1017 ea
1462 953 1582 1018 tamen
1610 943 1811 1016 conditione
1840 951 1879 1016 ut
1907 942 2033 1016 electio
2061 945 2107 1017 ad
2129 946 2181 1017 di-

361 1083 455 1147 ctam
484 1082 646 1148 sanctam
674 1073 800 1148 Sedem
829 1071 1027 1171 pertineat:
1058 1079 1094 1142 et
1126 1072 1162 1142 in
1199 1094 1283 1142 casu
1320 1094 1389 1166 quo
1422 1070 1625 1142 nominatae
1655 1092 1828 1167 personae
1856 1068 1976 1166 Papae
2005 1093 2076 1142 non
2104 1069 2181 1167 pla-

288 1241 291 1252 ·
362 1199 510 1295 euerint,
532 1199 623 1272 aliae
651 1206 736 1270 tunc
765 1199 835 1270 sint
864 1199 908 1270 ab
938 1196 1063 1270 eadem
1091 1195 1354 1268 Communitate
1383 1194 1638 1290 nominandae,
1660 1192 1849 1266 dummodo
1874 1202 1994 1266 tamen
2017 1193 2181 1267 Potestas

362 1332 398 1397 et
427 1323 645 1422 Capitaneus
674 1347 737 1421 per
766 1347 830 1396 sex
859 1345 996 1394 menses
1025 1319 1214 1415 eligantur,
1236 1326 1271 1392 et
1300 1344 1423 1392 eorurn
1451 1317 1597 1415 quilibet
1621 1319 1864 1414 juramentum
1883 1317 2063 1392 fidelitatis
2078 1344 2181 1417 prae-

363 1457 452 1521 stet:
484 1473 591 1546 super
620 1449 747 1545 quibus
772 1447 935 1520 omnibus
955 1446 1114 1519 decernit
1133 1445 1302 1518 Pontifex
1321 1444 1502 1516 Nuuoium
1522 1451 1684 1517 acturum
1700 1443 1808 1538 juxta
1826 1443 1978 1516 formam
1998 1444 2183 1540 cujusdam

362 1572 487 1646 literae
515 1573 752 1671 apostolicae,
782 1596 872 1669 quae
901 1570 995 1644 circa
1022 1577 1245 1668 praesentem
1276 1571 1487 1660 versabatur
1525 1568 1722 1641 materiam.
1750 1565 1885 1640 Datum
1912 1569 2112 1666 Avenioni,
2142 1581 2181 1641 ut

364 1695 538 1796 suprelll.

473 1945 660 2020 Communi
688 1946 883 2020 Bononiae.

470 2071 573 2161 Quod
601 2071 754 2166 benigne
783 2071 916 2144 dietum
944 2070 979 2142 N
982 2070 1124 2143 uncium
1153 2070 1339 2168 recipiant,
1359 2077 1394 2142 et
1424 2069 1466 2142 de
1491 2077 1571 2142 octo
1590 2069 1733 2142 florenis
1752 2068 1830 2141 auri
1849 2068 2005 2165 quolibet
2026 2070 2081 2144 die
2101 2094 2182 2143 cum

361 2194 583 2292 provideant.
615 2194 752 2267 Datum
780 2205 819 2268 ut
848 2193 1021 2293 supralll.

470 2451 610 2522 Rectori
640 2448 847 2521 Provinciae
876 2448 1145 2521 Bomondioloc.

470 2573 775 2663 Quemadmodum
801 2574 909 2669 juxta
937 2584 1112 2646 conventa
1140 2573 1233 2645 inter
1260 2573 1396 2670 Papam
1417 2581 1452 2646 et
1472 2573 1665 2670 Syndicum
1683 2572 1866 2645 Bononiae
1894 2582 2039 2671 pactum
2064 2573 2182 2646 fuerat

363 2701 468 2796 quod,
490 2708 612 2772 secuto
639 2699 737 2772 obitu
765 2697 959 2771 Potestatis
987 2697 1044 2770 vel
1074 2696 1272 2795 Capitanei,
1298 2707 1383 2770 tunc
1411 2723 1475 2796 pro
1505 2699 1644 2771 residuo
1674 2697 1843 2794 temporis
1872 2699 2077 2771 eorumdem
2105 2698 2182 2771 offi-

364 2824 505 2898 cialium
533 2824 739 2920 nominatio,
760 2848 831 2896 non
859 2824 996 2898 ratione
1026 2823 1142 2919 officii,
1164 2824 1225 2895 sed
1255 2824 1467 2897 auctoritate
1496 2823 1700 2921 apostolica,
1721 2823 1868 2896 Rectori
1887 2824 2090 2920 provinciae
2109 2823 2182 2896 Bo-

363 2949 562 3023 mandiolae
592 2957 830 3046 competeret,
861 2948 912 3020 ita
941 2949 1175 3022 demandetur
1211 2949 1244 3020 ei
1280 2956 1319 3019 ut
1347 2950 1455 3045 juxta
1482 2950 1634 3021 sormam
1662 2947 1697 3018 in
1725 2947 1837 3021 literis
1869 2948 2071 3047 apostolicis
2100 2972 2183 3022 con-

364 3084 499 3148 tentam
540 3083 645 3170 agat,
681 3073 870 3149 dummodo
909 3075 1171 3172 praedictorum
1209 3072 1411 3146 officialium
1448 3074 1641 3147 nominatio
1680 3073 1725 3146 ad
1760 3098 1824 3146 sex
1858 3099 2009 3170 mansee,
2037 3074 2183 3172 praeuio

360 3203 575 3297 juramento,
597 3224 661 3296 per
690 3225 770 3272 eurn
799 3201 872 3296 fiat,
898 3200 995 3273 nulla
1023 3200 1164 3297 penitus
1193 3210 1338 3296 recepta
1365 3200 1537 3272 mercede.
1563 3201 1605 3272 In
1634 3200 1702 3272 line
1730 3208 1849 3273 autern
1878 3199 1984 3297 hujus
2013 3199 2183 3296 epistolae

363 3327 456 3398 idem
485 3327 619 3399 Bector
647 3325 851 3422 provinciae
881 3326 1010 3398 certior
1038 3323 1077 3397 fit
1106 3325 1149 3397 dc
1177 3325 1334 3397 adventu
1363 3324 1494 3396 Nuncii
1517 3325 1702 3422 apostolici
1722 3326 1767 3398 ad
1787 3325 1969 3398 civitatem
1987 3323 2181 3399 Bononiae.

363 3451 498 3523 Datum
526 3459 565 3523 ut
594 3447 771 3547 supral3l.

471 3702 654 3798 Excerpta
682 3726 726 3774 ex
756 3700 950 3798 apostolica
979 3701 1138 3797 ejusdem
1166 3701 1351 3774 Benedicti
1378 3701 1466 3774 XII.
1498 3700 1780 3774 Constitutione:

473 3827 532 3899 Ad
560 3827 733 3921 gremium
763 3835 907 3898 sanctae
937 3826 1037 3898 Sedis
1067 3827 1162 3898 cives
1192 3827 1424 3901 bononienses
1452 3827 1568 3900 redire
1597 3827 1790 3924 cupientes,
1820 3829 1867 3901 ad
1895 3827 2040 3900 Curiam
2068 3828 2184 3899 denuo

365 3952 565 4050 praedictos
595 3961 753 4024 oratores
782 3959 818 4024 et
846 3951 1049 4024 Bolandum
1078 3951 1261 4046 Fantuzzi,
1288 3976 1410 4024 eorum
1439 3952 1624 4048 syndicum
1653 3961 1688 4026 et
1717 3953 1906 4051 specialem
1934 3952 2113 4048 nuncium,
2133 3950 2184 4023 le·

259 4113 262 4118 ·
364 4085 549 4173 gaserant,
578 4077 699 4172 quiin
728 4077 937 4149 consistorio
966 4077 1107 4172 publico
1135 4101 1199 4174 pro
1228 4077 1333 4149 venie
1361 4078 1627 4151 commissorum
1657 4102 1867 4152 excessuum
1902 4087 1937 4152 et
1964 4077 2185 4151 absolutione

364 4201 740 4274 excommunicationis
769 4202 931 4274 incursae
960 4201 1142 4274 humiliter
1170 4201 1430 4299 supplicanteS,
1461 4203 1663 4300 praemissis
1692 4203 1800 4276 variis
1829 4203 1943 4300 pactis
1971 4211 2007 4274 et
2034 4203 2183 4300 promis-

365 4326 522 4398 sionibus
541 4325 622 4397 hinc
643 4327 723 4398 inde
743 4326 937 4421 conventis,
959 4335 1066 4424 prout
1090 4327 1267 4425 petierant
1287 4336 1323 4399 et
1342 4337 1614 4425 exoptaverant,
1636 4328 1839 4426 hujusmodi
1866 4353 1976 4423 grave
2005 4327 2186 4422 negotium

369 4451 547 4523 adfinem
577 4452 831 4548 perduxerant.

471 4576 572 4648 Haec
600 4585 654 4648 est
683 4601 821 4649 summa
849 4579 1032 4674 praelatae
1062 4578 1277 4675 apostolicae
1307 4577 1598 4674 Constitutione,
1629 4587 1666 4652 at
1691 4580 1774 4676 quie
1802 4578 1904 4676 plura
1932 4589 2039 4677 pacta
2062 4579 2185 4675 hujus-

365 4701 461 4773 modi
488 4701 775 4795 reintegrationis
804 4713 1084 4799 praecesserant,
1107 4727 1235 4800 operae
1263 4728 1333 4776 non
1363 4703 1496 4777 inutilis
1525 4705 1678 4801 pretium
1697 4704 1764 4778 erit
1783 4703 1988 4799 singillatim
2009 4729 2050 4777 ea
2069 4705 2186 4777 omnia

364 4826 568 4899 indistincte
596 4826 632 4897 in
661 4826 786 4898 eadem
815 4827 1011 4923 apostolica
1039 4826 1300 4901 Constitutione
1330 4837 1498 4901 contenta
1526 4830 1690 4924 (retenta
1718 4838 1837 4902 tamen
1857 4828 2025 4903 methodo
2044 4829 2094 4902 ibi
2112 4854 2185 4901 ser-

367 4953 475 5045 vata)
504 4951 673 5024 reducere
703 4951 749 5024 ad
778 4951 945 5048 capitula,
976 4977 1066 5049 quae
1095 4962 1199 5025 erunt
1228 4954 1433 5050 sequentia:

470 5077 630 5148 Primum
659 5076 854 5172 capitulum
884 5079 1097 5174 promissum
1128 5086 1163 5150 et
1186 5080 1358 5174 juratum,
1389 5088 1495 5177 prout
1523 5104 1565 5153 ea
1594 5081 1711 5154 omnia
1739 5079 1809 5151 alia
1838 5079 1994 5174 suerunt,
2025 5079 2185 5150 consistit
2260 5171 2264 5176 Ι

365 5203 401 5274 in
437 5226 477 5274 eo
516 5201 608 5297 quod
638 5200 822 5274 Bolandus
861 5203 903 5274 de
941 5203 1123 5276 Fantuziis
1159 5203 1195 5274 in
1228 5204 1457 5300 consistoriO,
1489 5214 1594 5302 prout
1622 5206 1777 5299 lecerat,
1807 5205 1965 5277 fateatur
1993 5204 2185 5277 dominium

364 5325 529 5420 civitatis
553 5326 743 5399 comitatus
772 5336 807 5399 et
837 5328 1017 5399 districtus
1047 5327 1228 5400 Bononiae
1257 5329 1302 5400 ab
1332 5329 1477 5425 antiquo
1506 5338 1677 5427 tempore,
1700 5355 1771 5402 una
1792 5354 1872 5402 cum
1901 5354 1998 5404 mero
2018 5339 2053 5402 et
2073 5330 2185 5402 mixto

366 5449 524 5546 imperio,
555 5450 599 5522 ad
630 5462 791 5524 sanctam
819 5476 1004 5524 romanam
1031 5450 1227 5524 Ecclesiam
1255 5453 1467 5549 pertinuisse
1497 5479 1538 5526 ac
1567 5456 1757 5551 pertinere.

473 5575 522 5648 ΙΙ.
555 5575 657 5663 Quod
686 5576 927 5651 Bononienses
956 5579 1093 5675 Papam
1122 5585 1158 5649 et
1186 5586 1346 5650 sanctam
1374 5603 1558 5652 romanam
1586 5579 1782 5653 Ecclesiam
1810 5579 1846 5651 in
1875 5580 2055 5653 dominum
2087 5604 2186 5653 reco-

366 5710 551 5795 gnoscant.

474 5825 542 5897 III.
574 5825 821 5920 Beintegratio
850 5837 994 5900 sanctae
1024 5829 1125 5902 Sedis
1154 5831 1190 5902 in
1218 5830 1322 5927 pleno
1362 5829 1515 5902 dominio
1544 5839 1579 5902 et
1608 5855 1705 5903 mero
1735 5838 1770 5903 ct
1799 5830 1910 5903 mixto
1939 5830 2086 5929 imperio
2116 5855 2186 5901 una

366 5974 446 6022 curn
475 5951 666 6024 traditione
696 5951 849 6024 clavium
879 5952 1053 6049 civitatis,
1085 5980 1175 6051 quae
1205 5957 1241 6027 in
1269 5955 1477 6028 consistorio
1513 5955 1653 6053 publico
1682 5980 1821 6053 quoque
1850 5956 2003 6028 traditae
2032 5955 2185 6028 fuerant.

474 6077 540 6150 IV.
573 6078 675 6166 Quod
704 6088 805 6151 aetus
835 6080 1029 6153 tradendae
1057 6082 1287 6178 possessionis
1316 6081 1377 6154 fiat
1415 6083 1449 6154 in
1488 6083 1650 6155 manibus
1684 6083 1936 6178 cujuscumque
1966 6105 2137 6177 personae
2167 6107 2187 6154 a

448 6431 486 6496 (1)
505 6429 569 6482 Lec.
590 6433 651 6497 cit,
671 6449 694 6484 c.
715 6435 766 6484 240
786 6451 807 6486 r.
828 6450 841 6486 a
862 6451 887 6486 r.
1386 6438 1425 6505 (3)
1444 6437 1509 6490 Loc.
1529 6439 1592 6502 cit,
1612 6453 1635 6488 c.
1655 6439 1704 6488 241
1725 6455 1747 6489 r.

447 6523 486 6586 (2)
506 6520 570 6573 Lac.
590 6522 652 6588 cit,
671 6540 694 6574 c.
716 6526 767 6575 240
787 6541 813 6576 r.
