5484 7746
776 675 1006 725 sracrxsrrx
1036 677 1086 725 an
1115 675 1370 726 Paorsssoass
1398 677 1503 726 sams
1532 676 1707 726 oasomcr
2074 657 2145 726 199

332 829 543 892 conrrrrissarii
567 829 617 892 sui
640 829 840 892 voluntatem
864 851 922 915 pro
946 829 1054 892 anima
1077 851 1146 893 sua.
1170 830 1212 893 Et
1236 851 1329 894 omne
1354 830 1441 893 aliud
1465 836 1692 893 testamentum
1715 830 1767 892 rel
1787 830 1933 893 ultimam
1949 831 2147 895 voluntatem

332 935 383 999 hic
407 944 493 1000 retro
518 936 559 999 ab
583 958 621 999 eo
650 937 773 1000 factum
795 936 847 1000 sel
879 936 998 999 factam
1030 943 1135 1000 cassat
1159 945 1191 1000 et
1214 937 1318 1000 irritat
1342 945 1373 1000 et
1397 937 1516 1000 nullius
1540 937 1658 1000 valoris
1683 937 1809 1023 penitus
1842 959 1912 1000 esso
1940 938 2059 1018 soluit,
2083 958 2146 1001 ιιοιι

333 1044 534 1107 obstantibus
559 1043 720 1128 aliquibus
745 1043 852 1106 verbis
886 1042 1098 1128 derogatoriis
1121 1044 1154 1108 in
1179 1044 1247 1129 ipso
1278 1050 1468 1108 testamento
1492 1044 1544 1107 rel
1568 1045 1599 1106 in
1624 1044 1732 1130 aliqua
1757 1044 1821 1106 alia
1844 1043 1957 1108 ultima
1982 1044 2147 1108 voluntate

332 1151 499 1232 contentis,
525 1151 564 1212 de
589 1150 704 1235 quibus
729 1157 876 1236 oporteat
900 1172 1086 1236 expressam
1111 1151 1180 1215 fieri
1203 1151 1407 1233 mentionem,
1426 1152 1501 1236 quia
1521 1151 1560 1214 de
1584 1151 1634 1215 his
1657 1152 1765 1215 vorbis
1789 1152 2021 1216 reminiscendo
2042 1175 2075 1216 se
2092 1174 2147 1238 pe-

332 1258 411 1320 nitet
440 1265 472 1320 et
496 1279 534 1320 ea
559 1258 687 1321 omnine
712 1264 842 1322 revocat
865 1265 896 1322 et
920 1265 1026 1322 cassat
1056 1266 1087 1321 et
1111 1258 1232 1321 nullam
1257 1258 1326 1322 vult
1348 1259 1448 1322 verba
1477 1259 1532 1321 illa
1565 1259 1769 1344 derogatoria
1799 1259 1983 1322 firmitatem
2015 1259 2146 1325 habere.

331 1363 373 1426 Et
397 1364 456 1428 hee
481 1365 593 1427 ultima
619 1385 677 1427 sua
699 1364 864 1446 voluntas,
882 1385 980 1449 quam
1004 1365 1113 1430 valere
1137 1365 1238 1429 voluit
1260 1366 1332 1448 jure
1356 1366 1538 1429 testamenti
1563 1367 1615 1429 vel
1647 1366 1755 1429 saltim
1776 1367 1849 1450 jure
1873 1366 2092 1430 codicillorum
2116 1377 2147 1431 et

332 1471 503 1554 cujuslibet
528 1471 659 1534 alterius
684 1471 796 1534 ultime
821 1471 997 1535 voluntatis
1023 1472 1107 1557 quod
1131 1472 1246 1536 melius
1270 1472 1378 1536 valere
1403 1479 1434 1536 et
1457 1479 1566 1536 tenere
1591 1480 1705 1558 potest.
1722 1473 1765 1536 Et
1784 1474 1883 1536 soluit
1906 1473 2026 1537 dictum
2049 1482 2146 1537 testa-

331 1586 473 1642 meutum
497 1578 685 1662 suun1,sive
709 1578 856 1642 ultimam
878 1578 1079 1641 voluntatem
1103 1601 1173 1642 esse
1197 1586 1364 1662 secretam,
1382 1586 1414 1642 et
1437 1579 1554 1664 deponi
1577 1587 1610 1643 et
1634 1581 1818 1665 consignari
1840 1581 1873 1643 ia
1897 1581 2043 1645 sacristia
2066 1580 2146 1644 Fra·

331 1694 417 1749 trum
440 1686 685 1750 Predicatorum
709 1685 748 1749 de
771 1685 929 1768 Bononia,
947 1693 979 1750 et
1003 1686 1139 1770 sigillari
1163 1686 1269 1771 sigillo
1293 1687 1393 1772 ipsius
1418 1693 1603 1751 conventus.
1627 1687 1706 1751 Post
1729 1687 1874 1774 predicta
1897 1689 2003 1752 omnia
2028 1695 2059 1752 ot
2082 1689 2146 1751 sin-

332 1794 409 1878 gula
433 1794 509 1858 item
533 1793 748 1879 superaddere
773 1792 875 1857 voluit
892 1792 978 1877 quod
1002 1794 1109 1856 nullus
1133 1801 1309 1857 conventus
1329 1793 1381 1856 vel
1404 1814 1542 1879 persona
1563 1795 1794 1878 conventualis,
1811 1816 1915 1880 neque
1931 1794 2146 1881 Hospitalarij

330 1901 382 1963 sel
406 1900 583 1985 Templarij
602 1900 633 1963 in
650 1899 810 1965 communi
834 1901 883 1963 sui
908 1899 1049 1982 Ordinis,
1067 1900 1120 1963 vel
1136 1900 1170 1963 in
1186 1901 1298 1986 spetie,
1315 1921 1418 1984 neque
1436 1899 1627 1965 Cruciferati
1643 1922 1701 1964 sen
1717 1901 1849 1964 alterius
1866 1901 2007 1985 Ordinis,
2024 1904 2147 1989 possint

330 2015 440 2093 petere
464 2008 516 2070 vel
540 2008 661 2071 habere
685 2007 724 2070 de
748 2007 841 2071 benis
864 2007 999 2093 predicti
1024 2007 1144 2071 domini
1166 2007 1266 2090 Petri,
1283 2008 1450 2072 occasione
1474 2008 1616 2072 clausule
1633 2008 1807 2096 superioris
1830 2010 1863 2072 in
1885 2031 1948 2094 qua
1964 2011 2146 2074 continetur

330 2122 362 2178 et
387 2115 590 2178 continentur
614 2113 699 2200 quod
723 2115 861 2178 instituit
884 2135 1042 2200 pauperes
1068 2114 1186 2178 Christi
1209 2115 1343 2179 heredes
1367 2137 1442 2179 suos
1466 2137 1537 2178 cnm
1562 2116 1701 2200 quadarn
1730 2116 1995 2181 determinatione
2026 2117 2146 2182 ibidem

330 2243 494 2308 expressa,
519 2229 568 2286 set
592 2223 662 2285 nult
686 2221 758 2286 illos
782 2243 941 2308 pauperes
965 2243 1035 2286 esse
1060 2222 1194 2286 heredes
1222 2244 1302 2308 quos
1326 2223 1429 2286 dictus
1453 2223 1690 2287 commissarius
1713 2245 1789 2288 suus
1810 2224 2004 2309 judicaverit
2024 2226 2145 2312 eligen-

330 2329 398 2411 dos,
415 2337 447 2392 et
470 2329 531 2392 hoc
555 2351 613 2393 suo
638 2329 772 2392 arbitrio
796 2329 948 2415 reliquid,
965 2337 998 2392 et
1021 2351 1085 2393 non
1109 2329 1189 2392 alios
1215 2329 1275 2392 nisi
1299 2329 1383 2415 quod
1408 2330 1476 2416 ipse
1500 2331 1736 2395 commissarius
1757 2331 1951 2416 judicaverit
1974 2354 2044 2398 esse
2068 2356 2145 2420 pau-

329 2457 422 2522 peres
446 2435 575 2500 Christi.

416 2543 487 2628 Ego
513 2543 613 2606 frater
637 2543 804 2608 lohannes
828 2543 868 2606 de
891 2542 1022 2626 Rachis,
1040 2542 1170 2607 Ordinis
1194 2542 1345 2606 Fratrum
1369 2544 1622 2628 Predicatorum,
1640 2545 1792 2610 mandato
1815 2547 1891 2610 dicti
1915 2546 2036 2611 domini
2056 2548 2146 2612 Petri

330 2650 460 2735 Capreti
484 2651 657 2732 testatoris,
681 2657 812 2736 propter
836 2650 1035 2737 corporalem
1060 2649 1275 2735 egritudinem
1298 2651 1437 2715 seribere
1465 2651 1624 2737 impediti,
1648 2653 1709 2716 hec
1733 2654 1803 2736 ejus
1828 2660 2054 2718 testamentum
2078 2661 2145 2720 tam

329 2756 463 2821 heredes
489 2757 721 2820 institutionem
745 2779 842 2844 quam
865 2765 973 2821 cetera
997 2758 1029 2820 in
1054 2779 1092 2822 eo
1117 2765 1267 2822 contenta
1290 2780 1347 2822 suo
1372 2759 1523 2822 mandato
1546 2781 1598 2823 me
1622 2758 1777 2846 [propria]
1802 2782 1898 2824 manu
1920 2762 2042 2848 scripsi,
2060 2770 2092 2826 et
2108 2783 2145 2828 eo

330 2847 648 2949 posteapresentem
672 2865 826 2950 paginam
850 2865 995 2928 clausam
1019 2871 1051 2928 et
1075 2865 1209 2949 ligatam
1234 2865 1265 2928 in
1290 2865 1427 2950 scriptis,
1449 2865 1585 2928 testibus
1609 2866 1822 2952 infrascriptis
1846 2868 1886 2930 ab
1911 2889 1948 2932 eo
1973 2870 2094 2933 vocatis
2118 2879 2150 2935 et

331 2972 452 3056 rogatis
477 2971 624 3034 omnibus
649 2971 744 3034 simul
769 2972 982 3057 presentibus,
1007 2972 1161 3035 offerente
1186 2979 1219 3035 et
1242 2978 1405 3035 asserente
1430 2971 1462 3035 id
1486 2972 1571 3058 quod
1598 2974 1629 3036 in
1659 2995 1698 3037 ea
1726 2974 1908 3038 continetur
1934 2997 2028 3039 suum
2052 2983 2148 3041 testa-

330 3087 473 3142 mentum
498 3099 567 3141 esse
592 3100 611 3140 a
635 3100 686 3142 me
708 3079 874 3164 scriptum,
892 3086 1074 3164 presentem
1098 3077 1390 3164 subscriptio[nem]
1413 3079 1482 3143 viee
1507 3087 1538 3143 et
1562 3080 1689 3144 nomine
1713 3102 1771 3144 suo
1788 3087 1820 3144 et
1836 3082 1906 3165 ejus
1923 3083 2075 3147 mandato
2092 3105 2148 3170 ap-

330 3187 433 3270 posui,
450 3193 482 3248 et
505 3185 537 3248 in
561 3187 783 3249 testimonium
806 3207 857 3250 me
880 3186 1066 3273 subscripsi,
1083 3194 1115 3250 et
1139 3187 1282 3270 sigillum
1305 3207 1377 3250 curn
1400 3187 1492 3271 signo
1513 3187 1658 3272 Virginis
1682 3187 1784 3252 Maris
1801 3210 1873 3252 eum
1889 3188 1984 3272 Filio,
2002 3194 2147 3277 apposui,

328 3293 387 3356 sub
412 3314 496 3356 auno
520 3293 653 3357 Domini
677 3293 911 3378 M.cc.lxxxij.,
937 3294 1109 3357 indictione
1134 3294 1255 3379 quinta,
1281 3293 1331 3357 die
1355 3295 1411 3378 vij.
1433 3294 1516 3378 julii.

416 3401 487 3485 Ego
513 3401 614 3463 frater
637 3400 831 3464 Brandanus
856 3400 895 3463 de
920 3399 1041 3464 Ordine
1065 3399 1217 3464 Fratrum
1240 3401 1484 3464 Predicatorurn
1507 3423 1639 3487 presens
1664 3402 1710 3466 fui
1735 3403 1862 3488 quando
1887 3404 1990 3469 dictus
2014 3412 2148 3471 testator

327 3508 409 3572 dixit
433 3509 494 3572 hoc
517 3529 587 3571 esse
612 3529 706 3571 suum
730 3514 969 3590 testamentum,
992 3515 1024 3570 et
1047 3508 1086 3571 de
1113 3507 1267 3572 mandato
1292 3509 1362 3592 ejus
1386 3530 1493 3572 eoram
1518 3509 1590 3572 aliis
1614 3510 1750 3574 testibus
1773 3532 1824 3574 me
1848 3512 2033 3598 subscripsi,
2052 3520 2084 3577 et
2107 3515 2148 3578 si·

328 3617 405 3701 gillo
430 3616 539 3679 fratris
565 3614 704 3679 Simonis
730 3615 768 3680 ds
793 3615 907 3679 Fratta
931 3615 1082 3699 sigillavi.
2150 3693 2153 3700 Ι

414 3724 485 3807 Ego
510 3723 610 3786 frater
634 3723 761 3807 Aginus
785 3723 825 3786 dc
849 3723 972 3787 Ordine
995 3723 1148 3786 Fratrum
1180 3721 1341 3786 Minorum
1374 3745 1506 3809 presens
1533 3724 1581 3787 sui
1612 3724 1740 3809 quande
1769 3725 1872 3788 dietus
1905 3733 2040 3792 testator
2068 3728 2150 3793 dixit

327 3831 387 3894 hoc
411 3851 481 3894 csse
506 3851 599 3893 suum
623 3835 861 3912 testamentum,
879 3837 911 3894 et
933 3831 972 3894 de
996 3830 1148 3894 mandato
1174 3831 1244 3914 ejus
1268 3852 1375 3895 coram
1399 3830 1471 3894 aliis
1495 3831 1630 3895 testibus
1655 3854 1705 3896 me
1722 3833 1897 3919 subscripsi
1913 3841 1944 3897 et
1961 3835 2068 3920 sigillo
2085 3837 2150 3900 sra-

325 3938 382 4001 tris
408 3937 546 4001 Simonis
571 3936 722 4021 sigillavi.

415 4045 485 4130 Ego
510 4045 611 4107 frater
637 4043 757 4126 Simon,
774 4043 814 4108 de
840 4043 960 4108 Ordine
984 4044 1136 4108 Fratrum
1159 4044 1563 4131 Predicatorum,prese11s
1587 4044 1634 4109 fui
1650 4046 1779 4132 quando
1796 4047 1899 4112 dictus
1914 4055 2051 4113 testator
2067 4049 2149 4114 dixit

325 4152 386 4216 lice
410 4173 480 4214 esse
504 4173 599 4214 suum
623 4157 862 4234 testamentum,
881 4158 913 4215 et
935 4151 974 4214 de
998 4151 1150 4216 mandato
1175 4153 1245 4235 ejus
1270 4173 1377 4216 coram
1402 4153 1474 4216 aliis
1494 4153 1629 4217 testibus
1645 4176 1696 4218 me
1713 4154 1887 4241 subscripsi
1903 4163 1936 4219 et
1951 4156 2057 4241 sigillo
2073 4179 2147 4244 pro·

326 4261 396 4345 prio
418 4258 566 4342 segillari
593 4257 677 4343 quod
701 4258 801 4322 habet
823 4259 944 4343 figuras
967 4260 1185 4345 apostolorum
1210 4259 1299 4323 Petri
1322 4267 1354 4322 ct
1376 4260 1482 4324 Pauli.

414 4365 484 4451 Ego
510 4366 611 4429 frater
634 4365 826 4429 Franciscus
850 4365 889 4430 de
916 4366 1114 4450 Castagnolo
1138 4366 1177 4430 de
1199 4366 1319 4431 Ordine
1336 4367 1486 4431 Fratrum
1503 4367 1665 4432 Minerum
1685 4390 1818 4454 presens
1835 4368 1880 4432 fui
1898 4370 2027 4455 quando
2044 4371 2148 4435 dictus

325 4480 461 4537 testator
484 4473 564 4536 dixit
589 4473 649 4537 hoc
673 4495 742 4536 esse
768 4495 861 4537 snum
886 4481 1128 4554 testamentum,
1145 4480 1178 4537 et
1199 4473 1238 4539 de
1262 4474 1414 4539 mandate
1439 4476 1509 4559 ejus
1534 4497 1642 4539 eoram
1666 4476 1738 4538 aliis
1755 4477 1890 4540 testibus
1906 4499 1957 4542 mc
1974 4478 2149 4564 subscripsi

326 4589 358 4644 et
382 4581 489 4665 sigillo
513 4581 622 4643 fratris
648 4580 798 4665 Symonis
822 4581 974 4665 sigillavi.

413 4688 484 4772 Ego
509 4687 609 4750 frater
634 4686 800 4751 Galranus
825 4687 864 4751 de
888 4687 1020 4771 Butrio,
1045 4688 1175 4753 Ordinis
1199 4689 1350 4752 Fratrum
1373 4689 1631 4772 Predicatorum,
1655 4711 1788 4775 presens
1811 4690 1857 4754 fui
1889 4691 2016 4776 quando
2040 4692 2144 4757 dictus

323 4801 458 4859 testator
483 4795 566 4858 dixit
589 4796 650 4858 hoc
676 4817 746 4858 esse
770 4817 864 4859 suum
887 4802 1128 4880 testamentum,
1146 4804 1178 4860 et
1198 4797 1237 4860 de
1261 4797 1413 4861 mandato
1437 4799 1507 4881 ejus
1532 4819 1640 4862 coram
1664 4798 1736 4862 aliis
1753 4798 1887 4862 testibus
1904 4820 1954 4862 me
1972 4800 2147 4886 subscripsi

324 4910 356 4966 et
379 4903 485 4986 sigillo
510 4902 587 4966 dicti
610 4901 720 4966 fratris
746 4903 895 4988 Symonis
919 4904 1071 4988 sigillavi.

411 5010 482 5095 Ego
507 5010 607 5073 frater
630 5009 793 5073 Antonius
817 5011 856 5074 dc
880 5010 1003 5074 Ordine
1026 5011 1178 5075 Fratrum
1202 5011 1363 5075 Minorum
1386 5033 1519 5098 presens
1543 5013 1590 5076 fui
1611 5012 1740 5098 quaudo
1773 5012 1877 5077 dictus
1905 5020 2040 5078 testator
2063 5015 2146 5080 dixit

322 5118 383 5180 hoc
407 5139 478 5180 esso
503 5139 595 5179 suum
620 5124 860 5201 testamentum,
878 5125 909 5181 et
929 5119 968 5181 de
993 5118 1145 5182 mandato
1170 5120 1240 5202 ejus
1265 5140 1373 5184 eoram
1398 5119 1469 5182 aliis
1493 5120 1628 5184 testibus
1651 5141 1701 5184 me
1725 5120 1900 5207 subscripsi
1922 5129 1954 5184 et
1971 5122 2064 5206 sigile
2081 5123 2145 5186 fra·

322 5225 379 5287 tris
403 5223 542 5288 Simonis
567 5223 707 5308 sigilavi.

409 5330 481 5416 Ego
505 5331 622 5394 Petrus
647 5331 810 5416 quondam
836 5331 924 5415 Suaij
949 5331 988 5394 de
1011 5331 1148 5414 Paucis,
1174 5331 1333 5417 imperiali
1364 5332 1556 5397 auctoritate
1588 5333 1750 5416 notarius,
1774 5319 1906 5420 presens
1938 5333 1985 5399 fui
2017 5337 2145 5421 quando

322 5440 425 5504 dictus
448 5447 584 5504 testator
607 5440 690 5503 dixit
712 5440 774 5504 hoc
799 5461 869 5503 esse
893 5461 987 5503 suum
1011 5447 1250 5523 testamentum,
1267 5448 1299 5504 et
1319 5441 1358 5504 de
1383 5441 1535 5505 mandato
1559 5443 1630 5526 ejus
1654 5463 1762 5506 coram
1787 5443 1871 5508 alliis
1892 5444 2027 5508 testibus
2043 5467 2094 5508 me
2111 5445 2143 5509 in

321 5555 435 5611 testem
461 5547 647 5633 subscripsi,
673 5555 704 5610 et
728 5547 835 5632 sigillo
860 5546 971 5610 fratris
997 5547 1146 5633 Symenis
1170 5547 1209 5611 de
1232 5547 1347 5611 Fratta
1370 5549 1521 5632 sigillavi.

412 5655 469 5734 (L.
486 5655 508 5737 †
526 5654 572 5735 S.)
597 5654 668 5739 Ego
694 5655 914 5719 Zamboninus
940 5655 1101 5740 quondam
1124 5654 1282 5737 Ursolini,
1307 5655 1466 5741 imperiali
1490 5655 1681 5719 auctoritate
1713 5658 1876 5740 notarius,
1900 5658 1962 5721 hiis
1996 5659 2143 5723 omnibus

321 5762 453 5826 interfui
476 5769 508 5825 et
532 5761 571 5825 de
595 5761 746 5826 mandato
772 5761 849 5825 dicti
873 5761 1035 5825 testatoris
1060 5783 1109 5825 me
1135 5783 1243 5826 coram
1267 5763 1338 5827 aliis
1359 5763 1494 5827 testibus
1511 5770 1543 5828 et
1559 5763 1644 5827 dicto
1661 5770 1814 5829 testatore
1831 5765 1944 5830 ultimo
1962 5788 2033 5830 cum
2050 5767 2142 5852 siguo

322 5891 392 5934 mee
417 5869 449 5931 iu
473 5875 588 5932 testem
612 5869 788 5955 subscripsi
812 5875 844 5932 et
868 5869 976 5954 sigillo
1000 5891 1071 5934 meo
1096 5891 1169 5932 cum
1192 5870 1285 5955 signo
1309 5871 1401 5936 stelle
1433 5871 1574 5956 sigillavi
1606 5872 1665 5936 sub
1697 5895 1781 5938 anno
1813 5873 1943 5938 Domini
1972 5874 2141 5939 millesimo

321 5976 540 6040 ducentesimo
565 5976 774 6060 nonagesimo
799 5976 950 6059 secundo,
975 5975 1147 6040 indictione
1171 5978 1293 6062 quinta,
1315 5978 1366 6041 die
1391 5980 1527 6065 septima
1551 5981 1691 6043 intrante
1715 6001 1825 6045 mense
1846 5980 1932 6065 julij.
1958 5980 2142 6064 Sigillatum

320 6093 351 6148 et
376 6084 521 6148 clausum
545 6083 606 6146 fuit
629 6082 751 6146 dictum
774 6089 1006 6148 testamentum
1030 6083 1061 6146 in
1085 6085 1174 6148 curia
1197 6084 1480 6150 Lambertinorum
1500 6088 1555 6151 ubi
1568 6088 1699 6171 jacebat
1715 6088 1859 6151 infirmus
1876 6088 1979 6151 dictus
1996 6093 2140 6152 testator.

409 6292 558 6379 [Forisj
581 6295 826 6360 Testamentum
849 6295 970 6361 domini
993 6297 1083 6361 Petri
1107 6297 1249 6383 Oapricij
1273 6298 1313 6363 de
1336 6299 1564 6364 Lambertinis.
