5490 7750
829 653 1063 704 erucarum
1091 654 1143 705 An
1172 655 1427 708 Paoanssoaus
1456 658 1561 708 JURIS
1590 657 1723 708 CIVILIS
2108 641 2182 712 105

363 806 528 870 dominum
551 813 696 871 nostrum
719 807 845 894 Papam
868 809 1058 895 predictum,
1076 807 1224 895 prelatus
1248 810 1398 874 dominus
1422 813 1566 876 notarius
1590 812 1722 877 nuntius
1746 815 1912 900 respondit
1928 821 1960 879 et
1980 815 2062 880 dixit
2081 816 2185 881 eidem

364 912 492 978 domino
517 913 650 978 Thadeo
682 935 719 980 ac
748 914 1045 999 ambassiatoribus,
1069 917 1195 981 sindico
1220 924 1252 982 et
1275 917 1399 982 civibus
1422 919 1591 1005 predictis,
1616 920 1833 1006 presentibus,
1858 923 1944 1008 quod
1967 922 2074 988 facero
2099 925 2185 1010 quic-

363 1021 440 1106 quid
464 1027 583 1106 posaet,
607 1022 698 1086 salvo
721 1023 843 1086 honore
867 1022 999 1088 Domini
1021 1025 1125 1088 nostri
1146 1032 1178 1088 et
1202 1045 1336 1088 romane
1359 1024 1505 1090 Ecclesie
1533 1047 1571 1090 ac
1593 1047 1662 1109 suo,
1679 1034 1808 1113 poterat
1831 1035 1864 1093 et
1886 1029 2035 1094 debebat.
2060 1031 2184 1096 Tamen

362 1131 431 1216 ipse
460 1129 607 1194 dominus
631 1131 775 1194 notarius
799 1131 931 1195 nuntius
954 1132 1071 1195 missus
1094 1138 1165 1196 erat
1189 1132 1230 1195 ad
1254 1132 1373 1196 dictam
1396 1133 1559 1199 civitatem
1582 1134 1624 1198 ad
1648 1142 1769 1198 certam
1799 1157 1885 1220 rem,
1909 1158 2007 1223 quam
2035 1139 2103 1224 ipse
2126 1139 2184 1204 do·

362 1238 467 1301 minus
484 1237 647 1321 Thadeus,
664 1238 913 1303 ambassiatores
930 1245 963 1302 ot
978 1235 1119 1303 sindicus
1136 1239 1273 1324 predicti
1288 1240 1370 1304 bene
1387 1240 1542 1320 sciebant,
1560 1248 1592 1305 et
1609 1240 1693 1327 quod
1710 1249 1832 1306 certam
1851 1249 1883 1308 et
1907 1244 2078 1309 limitatam
2093 1254 2183 1332 pote·

362 1352 478 1409 statem
502 1345 654 1427 habebat,
672 1366 779 1430 quam,
796 1351 828 1409 et
850 1345 961 1410 literas
985 1346 1179 1432 apostolicas
1203 1367 1301 1432 super
1324 1346 1373 1411 bis
1398 1347 1560 1412 confectas
1584 1350 1640 1430 eis,
1665 1371 1703 1413 ac
1727 1350 1860 1415 consilio
1884 1350 1968 1416 dicte
1989 1352 2128 1418 civitatis
2152 1361 2185 1418 et

361 1453 420 1517 toti
445 1453 563 1538 populo
587 1460 721 1538 paratus
744 1459 814 1516 erat
830 1459 863 1516 et
885 1452 1016 1517 volebat
1039 1455 1149 1517 statim
1170 1453 1290 1518 ibidem
1306 1453 1475 1519 ostendere
1492 1462 1524 1519 et
1539 1456 1716 1542 publicare,
1733 1458 1760 1522 si
1777 1458 1897 1522 vellent
1913 1459 2035 1542 audire,
2053 1466 2085 1524 et
2101 1461 2182 1526 alias

360 1560 533 1646 perficere,
557 1559 675 1644 exequi
698 1566 730 1624 et
754 1561 915 1645 complere
939 1567 1095 1644 quantum
1119 1560 1160 1624 ad
1184 1582 1258 1624 eum
1281 1560 1464 1646 pertinebat
1488 1562 1597 1626 omnia
1620 1569 1652 1627 et
1675 1564 1803 1648 cingula
1827 1565 1860 1628 in
1884 1565 1977 1630 dictis
2001 1567 2102 1631 literis
2126 1590 2184 1632 an·

361 1674 483 1749 notata,
500 1667 674 1731 dummodo
697 1688 756 1752 per
779 1687 834 1731 eos
857 1667 1005 1753 primitus
1029 1667 1143 1732 fierent
1167 1668 1286 1750 omnia,
1302 1688 1364 1753 que
1388 1667 1495 1732 facere
1519 1675 1669 1734 tenentur
1697 1678 1729 1735 et
1751 1670 1871 1735 debent
1893 1673 2069 1738 secundum
2093 1682 2183 1739 teno-

361 1797 440 1857 rem,
464 1775 581 1838 seriem
604 1781 637 1838 et
660 1774 805 1839 ordinem
828 1775 995 1838 literarum
1018 1774 1247 1861 predictarum.

449 1881 574 1946 Eodem
590 1903 685 1963 anno,
703 1881 754 1945 die
771 1881 899 1946 sebethi
923 1882 1065 1946 secunda
1087 1882 1224 1967 predicti
1247 1882 1367 1946 mensis
1388 1883 1543 1967 januarij,
1559 1884 1705 1970 prefatus
1722 1885 1869 1950 dominus
1886 1888 2030 1952 notarius
2052 1890 2184 1953 nuntius

361 1991 498 2054 accessit
521 1990 562 2053 ad
586 1988 707 2053 dictum
730 1989 888 2074 palatium
912 1988 1109 2072 Communis,
1134 1989 1307 2074 requisitus
1335 1998 1367 2055 et
1391 1997 1523 2074 rogatus
1545 2013 1604 2077 per
1627 1991 1747 2056 dictum
1771 1993 1935 2058 dominum
1959 1994 2128 2060 Thadeum
2151 2005 2185 2062 et

361 2098 532 2162 nonnullos
556 2096 652 2178 alios,
676 2118 757 2181 quos
781 2095 960 2161 Consilium
983 2097 1166 2182 sapientum
1190 2097 1370 2180 vocabant,
1395 2099 1448 2184 qui
1481 2106 1574 2163 erant
1607 2120 1758 2183 numero,
1783 2107 1819 2164 ut
1842 2101 2023 2185 serebatur,
2048 2107 2183 2170 trecenti

362 2213 393 2269 et
417 2205 520 2288 ultra,
545 2211 577 2268 et
601 2203 720 2267 ibidem
744 2204 777 2268 in
800 2204 885 2268 dicto
909 2204 1031 2290 palatio
1063 2205 1255 2269 constitutus
1287 2207 1455 2292 proposuit
1477 2212 1509 2269 ct
1533 2205 1615 2270 dixit
1639 2207 1723 2270 inter
1746 2214 1867 2292 cetera,
1893 2230 1954 2295 que
1986 2219 2182 2296 sequuntur;

360 2311 526 2376 videlicet:
545 2311 630 2397 quod
654 2312 722 2397 ipse
746 2310 894 2375 dominus
918 2311 1062 2375 notarius
1085 2311 1217 2374 nuntius
1241 2318 1311 2375 erat
1333 2312 1449 2376 missus
1473 2313 1514 2376 ad
1538 2314 1712 2396 civitatem,
1736 2315 1923 2380 comitatum
1947 2323 1979 2380 et
2002 2317 2183 2383 districtum

359 2420 573 2484 bononienses
598 2440 655 2504 pro
680 2417 888 2504 perficienda,
914 2418 1121 2503 exequendo,
1147 2418 1337 2504 complendo
1362 2425 1395 2483 et
1418 2420 1668 2484 consummando
1693 2421 1800 2485 omnia
1824 2429 1855 2486 et
1879 2423 2008 2508 singula
2031 2433 2183 2491 contenta

358 2528 392 2591 in
421 2526 522 2590 literis
555 2526 750 2612 apostolicis,
775 2525 869 2589 factis
893 2532 926 2588 et
949 2525 1068 2588 habitis
1092 2547 1190 2610 super
1212 2526 1386 2611 legatione,
1411 2512 1473 2590 seu
1493 2528 1697 2592 nunciatione
1722 2547 1781 2592 sua
1804 2529 1837 2592 in
1861 2530 1946 2595 facto
1971 2552 2028 2595 seu
2052 2535 2182 2618 negotio

358 2634 639 2716 reconciliationis,
664 2633 844 2714 concordie,
862 2653 919 2696 seu
943 2632 1031 2717 pacis
1056 2632 1166 2696 habite
1192 2633 1277 2696 inter
1300 2632 1445 2697 dominos
1468 2641 1594 2698 nostros
1618 2634 1764 2699 dominos
1788 2635 1955 2700 Summum
1977 2638 2182 2722 Pontificem,

359 2750 391 2806 et
415 2741 604 2807 Cardinales
628 2740 789 2826 predictos
813 2761 855 2803 cx
877 2745 971 2825 parte
994 2761 1070 2822 una,
1088 2746 1119 2803 et
1143 2739 1291 2804 dominos
1314 2739 1455 2804 Paulum
1479 2740 1519 2805 de
1541 2741 1712 2826 Liazarijs,
1729 2743 1969 2807 Macanhannm
1992 2753 2024 2809 et
2047 2745 2181 2809 Petrum

358 2851 607 2931 ambaxiatores,
625 2855 657 2912 et
680 2847 866 2911 Rolandum
888 2847 928 2910 do
951 2846 1124 2930 Fantucijs
1148 2846 1306 2911 sindicum
1331 2854 1363 2911 et
1385 2855 1638 2934 procuratorem,
1656 2857 1688 2912 ot
1703 2851 1925 2935 procuratorio
1941 2853 2070 2916 nornine
2087 2852 2183 2916 Com·

357 2959 481 3039 munis,
514 2955 732 3019 universitatis
765 2961 797 3018 et
827 2954 939 3040 populi
975 2953 1115 3018 civitatis
1150 2954 1293 3040 predicte
1329 2976 1370 3018 ex
1402 2956 1514 3020 altera.
1542 2955 1585 3019 Et
1616 2955 1701 3041 quod
1732 2957 1808 3021 licet
1841 2957 1900 3043 ipsi
1940 2959 2181 3024 crnbaxiatorss

358 3075 390 3131 et
413 3065 572 3145 sindicus,
596 3071 629 3127 et
651 3084 709 3148 per
733 3082 933 3147 consequens
958 3061 1043 3125 idem
1067 3061 1215 3125 dominus
1239 3061 1390 3125 Thadeus
1415 3069 1448 3126 et
1470 3063 1647 3148 prudentes
1675 3064 1793 3127 scirent
1817 3071 1848 3127 et
1872 3065 1953 3128 scire
1977 3073 2127 3152 poterant
2151 3075 2183 3131 et

357 3173 520 3237 debebant
544 3171 651 3234 omnia
675 3176 707 3233 et
730 3169 859 3254 singula
883 3175 1034 3233 contenta
1058 3170 1091 3231 in
1115 3169 1300 3254 apostolicis
1324 3169 1426 3233 literis
1448 3170 1633 3260 prelibatis,
1658 3171 1865 3236 nihilominus
1890 3180 1998 3237 tamen
2022 3180 2057 3238 ut
2081 3173 2182 3259 aliqui

358 3281 397 3344 de
421 3279 508 3343 dicta
531 3279 661 3342 civitate
685 3277 725 3341 de
749 3277 907 3340 contentis
933 3277 965 3340 in
989 3277 1082 3340 dictis
1106 3276 1208 3340 literis
1232 3297 1295 3340 non
1320 3277 1466 3341 valerent
1490 3278 1707 3363 ignorantiam
1730 3279 1931 3363 pretendere,
1953 3289 2086 3366 paratus
2111 3288 2181 3345 erat

357 3388 466 3451 statim
490 3392 683 3472 potestatem
706 3391 739 3448 et
763 3383 1019 3448 commissionem
1043 3406 1146 3466 ruam,
1171 3391 1203 3447 ct
1226 3385 1336 3447 literas
1360 3385 1565 3470 apostolicas,
1583 3393 1616 3450 et
1640 3385 1747 3450 omnia
1771 3393 1802 3449 et
1827 3388 1956 3472 singula
1979 3389 2011 3452 in
2036 3389 2082 3452 eis
2106 3410 2181 3453 con·

356 3503 457 3576 tenta,
483 3495 608 3579 legere,
633 3513 690 3556 seu
721 3492 788 3577 legi
818 3492 941 3575 lacere,
967 3499 999 3557 et
1026 3493 1210 3577 publicare,
1235 3498 1267 3555 et
1297 3492 1463 3575 negotium
1495 3493 1557 3556 sibi
1588 3515 1685 3579 super
1714 3494 1801 3558 dicta
1824 3495 2096 3578 reconciliatione,
2121 3518 2178 3560 seu

357 3601 529 3667 eoncordia
552 3600 757 3664 commissum
780 3599 957 3663 secundum
991 3599 1154 3681 ordinem,
1179 3607 1341 3683 tenorem,
1366 3608 1397 3664 et
1426 3600 1658 3664 continentiam
1688 3601 1853 3664 literarum
1886 3602 2121 3687 predictarum,
2147 3611 2179 3668 ct

356 3716 452 3796 prout
477 3729 496 3772 a
519 3708 604 3772 dicto
628 3706 757 3770 domino
783 3713 892 3770 nostro
917 3705 1009 3792 Papa
1033 3707 1066 3770 in
1089 3706 1250 3770 mandatis
1275 3707 1416 3771 habebat
1439 3707 1593 3794 perficere
1622 3715 1654 3772 et
1682 3708 1855 3772 efficaciter
1878 3730 2111 3774 consummare.
2135 3710 2179 3774 Et

357 3826 433 3882 tunc
457 3816 535 3880 dicti
558 3815 706 3880 dominus
730 3813 883 3877 Tbadens
908 3821 940 3876 et
962 3814 1148 3900 prudentes,
1165 3822 1238 3900 post
1258 3816 1376 3879 multos
1392 3823 1424 3879 et
1440 3815 1547 3879 varios
1565 3837 1728 3879 sermones
1744 3816 1872 3881 habitos
1896 3817 1980 3880 inter
2004 3838 2058 3882 eos
2083 3840 2180 3905 super

356 3924 524 4012 predictis,
548 3921 784 4008 responderunt
808 3928 840 3985 et
863 3921 1015 3985 dixerunt
1037 3943 1190 4007 expresse
1215 3929 1247 3986 et
1270 3923 1466 3986 unanimiter
1490 3923 1578 3985 nullo
1601 3922 1729 4008 penitus
1761 3922 1982 4007 discordante,
2008 3925 2093 4010 quod
2117 3925 2179 4011 ipsi

357 4037 450 4095 erant
473 4029 515 4092 ad
539 4028 671 4114 plenum
693 4026 863 4090 certificati
886 4026 925 4090 de
950 4034 1060 4091 tenore
1083 4026 1301 4113 predictarum
1324 4028 1491 4092 literarum
1508 4034 1540 4091 et
1555 4028 1595 4092 de
1612 4015 1760 4093 omnibus
1776 4035 1809 4092 et
1825 4029 1960 4115 singulis
1977 4032 2129 4117 capitulis
2146 4032 2179 4096 in

357 4139 402 4202 eis
427 4135 602 4217 contentis,
627 4141 660 4197 et
683 4134 768 4218 quod
792 4155 853 4198 nec
876 4135 938 4219 ipsi
962 4153 1020 4198 nec
1044 4135 1182 4221 populus
1207 4135 1345 4199 civitatis
1370 4135 1511 4220 predicte
1535 4135 1689 4200 volebant
1712 4136 1814 4200 dictas
1845 4137 1956 4201 literas
1985 4139 2096 4202 audire
2121 4160 2179 4202 seu

358 4245 479 4326 ridere,
497 4265 555 4307 nec
579 4247 730 4307 contenta
754 4242 786 4304 in
811 4242 857 4305 eis
881 4241 1052 4327 complere,
1070 4242 1251 4328 approbare
1276 4264 1333 4306 seu
1354 4243 1524 4324 ratificare,
1541 4264 1600 4306 nec
1617 4242 1748 4328 aliquod
1764 4244 1803 4307 do
1821 4247 1978 4309 contentis
1996 4245 2028 4308 in
2045 4246 2177 4329 eisdem,

358 4353 418 4416 nisi
435 4352 524 4437 prius
542 4371 652 4414 omnes
676 4349 819 4413 clausule
843 4349 876 4412 in
900 4347 993 4412 dictis
1016 4349 1119 4413 literis
1143 4356 1301 4433 contente,
1320 4349 1352 4412 in
1369 4349 1495 4434 quibus,
1512 4371 1554 4413 ex
1569 4371 1706 4435 quarum
1723 4357 1843 4434 tenore,
1861 4374 1895 4416 se
1913 4373 1950 4416 ac
1967 4353 2129 4418 civitatem
2147 4360 2180 4417 et

357 4459 534 4525 Commune
557 4457 718 4544 predictos
743 4463 895 4541 gravatos
920 4463 952 4520 et
975 4457 1060 4521 lesos
1084 4457 1257 4521 enormiter
1281 4457 1479 4539 asserebant,
1504 4464 1536 4522 et
1559 4479 1621 4543 que
1645 4459 1859 4545 reparatione,
1884 4460 2115 4542 moderatione,
2142 4483 2180 4526 ac

355 4567 573 4631 declaratione
598 4564 719 4629 domini
735 4564 836 4628 nostri
851 4563 942 4650 Papo
959 4564 1110 4648 egebant,
1126 4571 1163 4628 nt
1178 4564 1346 4647 dicebant3
1364 4563 1403 4628 de
1420 4565 1536 4650 quibus
1553 4565 1651 4628 etiarn
1667 4565 1706 4629 de
1723 4566 1867 4652 plenarie
1885 4568 2077 4632 certificatos
2095 4569 2179 4633 dice·

355 4675 434 4737 bant
457 4693 639 4760 perunum
662 4691 807 4735 mensem
826 4671 895 4755 jana
919 4671 1076 4756 elapsum,
1101 4679 1209 4734 essent
1232 4693 1290 4757 per
1313 4671 1433 4736 dictum
1457 4671 1622 4736 dominum
1645 4693 1765 4758 papam
1787 4682 1948 4760 reparate,
1974 4675 2103 4758 refecta,
2122 4675 2176 4739 de·

356 4781 495 4863 eleuata,
520 4786 552 4844 et
576 4779 759 4860 moderate,
783 4778 859 4864 quia
884 4777 982 4860 alias,
1006 4785 1043 4841 ut
1066 4779 1127 4865 ipsi
1155 4779 1322 4861 dicebant,
1346 4780 1433 4843 dicta
1463 4779 1699 4861 reconciliatio,
1723 4800 1807 4866 pax,
1832 4802 1890 4844 seu
1919 4783 2090 4847 concordia
2114 4783 2178 4846 dici

360 4894 488 4974 poterat
509 4887 615 4973 potius
638 4886 839 4972 desperati03
856 4884 1063 4971 adjungendo
1088 4894 1120 4950 ct
1142 4886 1277 4950 diceudo
1301 4908 1464 4973 expresse,
1482 4887 1567 4972 quod
1590 4887 1652 4950 nisi
1668 4887 1751 4951 dicte
1775 4888 1919 4952 clausula
1936 4897 2177 4974 repararentur,

360 5002 392 5060 et
415 4993 685 5075 modificarentur,
710 5001 742 5056 et
766 4991 1007 5056 declararentur
1031 4993 1207 5057 secundum
1231 4993 1373 5079 capitula
1396 5015 1455 5080 per
1476 5015 1548 5077 eos,
1572 5000 1609 5057 ut
1636 4993 1803 5076 dicebant,
1829 5017 1902 5058 cum
1932 4995 2017 5060 dioto
2049 4995 2179 5062 domino

361 5108 470 5167 nostro
494 5122 618 5166 summo
641 5099 798 5164 Pontifice
822 5099 1026 5182 concordata,
1051 5100 1204 5164 volebant
1227 5102 1333 5187 potius
1356 5101 1390 5165 in
1413 5100 1633 5166 misericordia
1657 5100 1729 5182 Dei,
1747 5108 1779 5164 ct
1802 5122 1913 5166 eorum
1935 5109 2024 5167 statu
2048 5125 2178 5169 manere

360 5217 392 5273 et
411 5217 513 5292 stare,
537 5229 634 5295 quam
657 5206 830 5293 suscipere,
856 5228 912 5270 seu
936 5215 1127 5293 supportare
1148 5209 1275 5294 jugum,
1299 5208 1385 5293 qnod
1409 5229 1474 5273 nou
1497 5215 1629 5294 possent
1651 5209 1855 5294 postmodum
1878 5209 2032 5294 tolerare,
2056 5233 2114 5298 pro
2139 5233 2177 5276 eo

359 5317 539 5402 presertim,
563 5314 659 5400 quod,
683 5321 718 5378 ut
742 5313 902 5396 dicebant,
927 5313 1066 5398 quedam
1089 5315 1232 5380 clausule
1256 5321 1348 5379 erant
1372 5337 1430 5402 per
1453 5315 1574 5380 dictum
1597 5316 1761 5380 dominum
1786 5317 1980 5399 Ostiensem,
1997 5325 2030 5382 et
2052 5318 2178 5403 aliquos

361 5425 442 5488 alios
466 5423 612 5487 dominos
636 5421 825 5486 Cardinales
850 5421 957 5484 addite
981 5427 1013 5484 et
1035 5422 1138 5508 posite
1163 5423 1195 5485 in
1218 5423 1319 5486 literis
1343 5423 1521 5509 prelibatis,
1545 5430 1717 5509 postquam
1742 5424 1870 5488 fuerant
1893 5425 2037 5510 capitula
2065 5447 2178 5512 supra·

360 5533 446 5595 dicta
470 5529 664 5595 concordata
688 5549 758 5593 eum
784 5528 912 5593 domino
937 5536 1046 5593 nostro
1069 5528 1161 5615 Papa
1181 5537 1214 5594 et
1237 5530 1514 5595 ambasiatoribus
1537 5537 1569 5594 et
1585 5531 1708 5595 sindico
1725 5531 1927 5616 supradictis.
1946 5531 2054 5605 Quare
2071 5534 2178 5618 requi-

360 5640 476 5704 rebant
500 5645 531 5702 et
554 5636 715 5721 rogabant
738 5635 902 5701 dominum
925 5637 1086 5700 notarium
1110 5637 1267 5720 nuntium,
1292 5637 1378 5723 quod
1409 5638 1480 5724 ipsa
1504 5637 1609 5702 redire
1633 5638 1766 5703 deberet
1790 5638 1831 5701 ad
1856 5638 1986 5702 Curiam
2011 5661 2178 5704 romanam

361 5745 403 5810 cd
427 5744 592 5810 dominum
615 5749 760 5808 nostrum
782 5742 918 5829 Papam,
936 5751 969 5808 et
991 5744 1173 5830 supplicare
1196 5751 1228 5808 et
1251 5746 1371 5809 instare
1395 5745 1482 5831 apud
1505 5766 1579 5808 eum
1603 5767 1661 5830 pro
1680 5744 1911 5829 moderatione,
1929 5746 2177 5830 modificatione,

360 5875 398 5918 ac
421 5852 639 5917 declaratione
662 5851 881 5915 clausularum
905 5851 1138 5937 predictarum;
1156 5859 1187 5915 ct
1211 5852 1296 5937 quod
1320 5853 1528 5917 nihilominus
1551 5853 1763 5934 mirabantur,
1781 5875 1880 5939 quare
1897 5854 2031 5918 indicta
2048 5855 2178 5920 civitate

360 5968 487 6025 tantum
512 5959 699 6024 morabatur
715 5965 747 6022 et
770 5979 834 6022 non
858 5958 984 6023 redibat
1007 5959 1048 6022 ad
1071 5981 1239 6024 romanam
1263 5959 1394 6025 Curiam
1417 5960 1606 6047 predictam,
1624 5961 1709 6025 dicto
1730 5961 1859 6025 domino
1877 5963 2001 6025 notario
2018 5969 2051 6025 et
2066 5964 2179 6028 nuntio

360 6089 488 6154 semper
512 6073 545 6130 et
568 6066 718 6131 continue
740 6073 772 6130 at
795 6087 868 6130 cum
891 6066 1045 6130 instantia
1068 6067 1267 6154 requirente,
1293 6067 1379 6153 quod
1402 6068 1505 6132 dictas
1529 6068 1640 6132 literas
1663 6069 1856 6155 apostolica·
1882 6068 1993 6132 audire
2021 6076 2054 6133 et
2084 6070 2177 6134 intel-

359 6176 462 6260 ligere
485 6175 616 6256 vellent,
641 6180 673 6238 et
696 6179 848 6238 contenta
872 6173 904 6236 in
928 6175 975 6237 eis
998 6175 1195 6239 ratificarent
1218 6181 1250 6239 et
1274 6175 1502 6261 approbarent,
1530 6183 1562 6239 et
1585 6175 1788 6261 integraliter
1811 6177 1956 6240 lacerent
1982 6183 2014 6240 et
2037 6177 2177 6262 complc-

360 6290 442 6366 rcnt,
463 6303 524 6368 que
549 6280 660 6346 audire
685 6288 717 6345 ct
740 6281 847 6345 facere
871 6303 905 6344 se
928 6282 1014 6346 nolle
1037 6282 1189 6346 dixerunt
1213 6303 1375 6369 expresse,
1400 6289 1435 6346 ut
1459 6303 1557 6369 supra
1580 6282 1707 6365 dicitur,
1731 6281 1888 6368 siquidem
1911 6281 2063 6347 dominus
2086 6291 2177 6346 nota-

361 6391 428 6454 rius
452 6394 485 6453 et
507 6389 638 6453 nuntius
662 6388 745 6452 dixit
768 6395 844 6452 tnnc
868 6395 900 6452 et
924 6389 1005 6453 alias
1029 6388 1231 6474 frequenter,
1256 6389 1342 6475 quod
1364 6411 1422 6475 per
1445 6411 1519 6453 cum
1542 6410 1606 6453 non
1630 6389 1755 6472 stabat,
1780 6410 1838 6452 nec
1866 6395 1983 6471 staret,
2008 6390 2179 6475 quominus

360 6497 507 6585 predicta
530 6495 768 6581 complerentur
790 6502 823 6559 et
846 6495 970 6589 fierent,
995 6502 1027 6560 et
1050 6496 1089 6560 de
1113 6496 1151 6560 iis
1175 6496 1237 6560 fuit
1260 6503 1336 6560 tunc
1360 6503 1392 6560 et
1415 6495 1496 6560 alias
1519 6517 1673 6582 expresse
1697 6504 1729 6560 et
1752 6496 1878 6581 publice
1902 6502 2110 6582 protestatus.

441 6633 509 6674 rou.
529 6635 561 6671 11.
2064 6625 2096 6673 14
