5544 7750
999 673 1082 724 sua.
1113 671 1185 723 cru.
1214 671 1261 720 66
1291 670 1375 720 666.
1405 669 1512 720 neos.
2088 647 2163 718 339

457 828 542 903 VII.
572 827 814 924 MCCCXV.,
843 828 972 902 XXX.
1002 827 1164 901 ianuarii.
1192 826 1432 900 Bliobarixius
1461 849 1584 898 rursus
1613 825 1758 899 arbiter.

458 953 562 1027 VIII.
592 953 835 1050 MCCCXV.,
865 954 921 1026 die
949 953 1057 1027 XIII.
1088 952 1254 1028 octobris.
1284 951 1493 1049 Apostoliea
1521 951 1611 1024 Sede
1641 960 1791 1024 vacante
1824 952 1993 1048 Pastore,
2022 951 2167 1028 Blioba-

350 1078 462 1152 rixius
490 1087 526 1152 et
554 1087 706 1176 quatuor
733 1078 793 1152 alii
821 1079 872 1152 ire
900 1079 1068 1152 iubentur
1090 1077 1200 1174 legati
1227 1077 1272 1150 ad
1300 1075 1573 1149 Romandiolam
1602 1077 1649 1148 ad
1677 1077 1901 1150 concordiam
1929 1079 2168 1153 revocandam

348 1204 442 1278 inter
470 1204 602 1277 amicos
631 1204 746 1277 dictae
774 1203 978 1301 prouinciae
993 1201 1043 1275 (1).

454 1329 523 1402 IX.
552 1328 794 1424 MCCCXX,
816 1329 940 1401 eodem
968 1353 1088 1402 mense
1117 1327 1265 1401 octobri.
1287 1326 1378 1399 Cum
1404 1326 1493 1400 XII.
1515 1351 1579 1424 pro
1605 1326 1761 1423 quolibet
1781 1329 1961 1424 quarterio
1982 1329 2167 1426 Sapientes

349 1454 518 1527 ordinarii
546 1453 649 1528 electi
678 1464 807 1550 essent,
837 1453 879 1526 iis
907 1477 1036 1526 novem
1065 1452 1124 1526 alii
1153 1460 1235 1526 6661
1264 1452 1404 1547 adiecti,
1434 1461 1541 1548 atque
1569 1451 1605 1523 in
1633 1451 1688 1524 his
1716 1450 2023 1528 Bliobarixiusl²l

391 1641 393 1644 .
455 1579 504 1652 X.
534 1578 775 1678 MCCCXV.,
796 1578 919 1651 ultimo
950 1579 1116 1652 octobris.
1148 1577 1283 1666 Quibus
1311 1577 1538 1675 Sapientibus
1567 1576 1738 1649 beneficia
1766 1584 1801 1650 61
1831 1577 2017 1675 privilegia
2046 1581 2130 1654 6661
2150 1623 2166 1636 -

349 1711 496 1799 666166,
526 1704 763 1800 61666,16166
792 1703 879 1800 6116,
909 1703 1091 1776 deferendi
1120 1726 1341 1799 quocumque
1370 1702 1406 1773 in
1435 1700 1511 1774 loco
1540 1726 1641 1774 arma
1668 1726 1931 1799 quaecumque,
1962 1728 2026 1777 666
2055 1705 2168 1779 66166

348 1828 432 1926 ipsis
460 1829 720 1902 6666661166
750 1828 956 1926 propinquis
971 1825 1022 1901 (3).

456 1953 525 2026 XI.
553 1952 796 2048 MCCCXV.,
822 1953 947 2024 ultima
975 1952 1182 2025 decembris,
1214 1952 1462 2049 Superioribus
1482 1951 1605 2024 diebus
1625 1959 1799 2024 statutum
1818 1952 1936 2025 166661
1956 1953 1991 2025 16
2012 1954 2167 2029 Consilio

348 2076 470 2174 populi
489 2079 534 2150 ab
554 2078 716 2151 omnibus
737 2085 772 2150 et
791 2077 938 2172 singulis
959 2077 1001 2149 (16
1021 2076 1176 2150 Consilio
1196 2076 1384 2149 solvendos
1403 2101 1478 2149 esse
1500 2076 1714 2174 depositaria
1735 2075 1940 2149 Communis
1959 2078 2076 2153 soldos
2096 2080 2166 2178 X.;

349 2201 566 2276 ConsiliariIs
595 2202 756 2274 omnibus
784 2200 921 2273 licitum
948 2201 1023 2273 fore
1053 2225 1152 2272 arma
1181 2225 1423 2297 quaecumque
1452 2199 1611 2296 deferre,
1642 2202 1686 2272 ab
1706 2200 1878 2273 Α6616616
1897 2211 1933 2273 61
1955 2200 2167 2276 Consulibus

349 2327 546 2425 praesentis
582 2327 712 2400 mensis
749 2326 832 2422 eligi
860 2351 961 2424 posse
991 2326 1176 2424 Sapientes
1206 2350 1445 2422 quoscumque
1474 2326 1669 2422 voluerint,
1700 2326 1760 2422 qui
1787 2326 1921 2398 dictum
1950 2327 2076 2424 Populi
2106 2329 2167 2401 de-

348 2461 484 2525 cretum
513 2453 715 2548 expendere
745 2451 908 2547 valeant,
939 2461 974 2524 61
1003 2451 1046 2524 (16
1076 2475 1116 2522 eo
1145 2451 1335 2556 decernere
1372 2451 1424 2523 uti
1456 2451 1542 2548 ipsis
1572 2451 1760 2524 videbitur.
1791 2452 1951 2524 Tandem
1981 2451 2167 2550 Sapientes

348 2576 398 2648 sic
427 2575 557 2649 electos
585 2577 723 2648 futuros
753 2585 788 2648 et
816 2575 997 2649 habendos
1027 2600 1103 2649 6666
1133 2576 1174 2648 (16
1204 2574 1370 2648 Consilia.
1400 2574 1500 2647 Inter
1529 2575 1714 2672 Sapientes
1743 2568 1928 2673 princeps:

453 2700 694 2774 Bliobarixius
725 2701 767 2774 (16
796 2701 1023 2795 Azaoguidis,
1053 2700 1172 2796 legum
1201 2701 1336 2796 doctor,
1367 2701 1410 2772 de
1439 2700 1619 2796 quarterio
1648 2701 1762 2773 sancti
1791 2700 1901 2797 Petri,

455 2826 584 2899 Petrus
613 2827 656 2898 de
684 2825 925 2920 Montebellio,
955 2826 1075 2920 iudex,
1108 2826 1165 2921 [de
1195 2825 1390 2921 quarterio]
1421 2825 1539 2921 Sterii,

452 2951 668 3024 Benedictus
697 2951 875 3047 quondam
904 2950 1039 3023 Bertoli
1067 2951 1195 3045 Faber,
1226 2950 1345 3045 iudex,
1377 2949 1434 3045 [de
1464 2951 1644 3046 quarterio
1673 2950 1811 3048 portae]
1843 2953 2048 3024 ravennatis
2063 2950 2113 3026 (4).

453 3076 541 3148 XII.
570 3074 833 3170 MCCCXVI.,
864 3074 893 3148 I.
923 3076 1020 3147 iunii.
1061 3074 1286 3148 Bliobarz'nio
1323 3083 1359 3147 et
1391 3075 1503 3148 tribus
1541 3074 1618 3148 aliis
1653 3100 1722 3148 non
1762 3076 1965 3148 doctoribus
2000 3077 2167 3171 generale

347 3202 531 3276 arbitrium
569 3200 687 3273 fuerat
725 3201 935 3272 attributum
973 3201 1067 3273 circa
1104 3199 1338 3293 defensionem
1369 3206 1555 3271 61616166
1595 3202 1787 3272 criticorum
1817 3201 1859 3272 (16
1888 3200 2108 3276 Lornbardia
2137 3211 2168 3275 61

345 3328 497 3400 civitatis
525 3332 555 3398 et
584 3325 764 3398 districtas
793 3325 990 3398 Bononiae.
1018 3324 1110 3397 Cum
1140 3332 1260 3397 autern
1286 3325 1404 3397 omnia
1425 3348 1544 3420 perse
1565 3325 1733 3421 expedire
1753 3350 1822 3398 non
1842 3337 1999 3422 possent,
2020 3336 2166 3400 ventum

346 3457 400 3523 661
433 3450 478 3522 ad
510 3447 718 3521 electionem
751 3449 952 3546 aliquorum
973 3449 1204 3546 provideram
1233 3455 1263 3522 61
1291 3449 1538 3545 discreptoranr
1567 3451 1740 3545 virorum,
1769 3451 1830 3547 qui
1854 3450 2039 3547 Antianis,
2070 3450 2164 3524 Con-

345 3574 480 3647 sulibus
508 3582 544 3647 et
572 3573 799 3671 Sapientibus
827 3573 1040 3670 praedictis,
1069 3573 1176 3646 iniis
1205 3599 1296 3669 6666
1334 3574 1518 3669 166666161,
1548 3575 1794 3671 obtemperare
1834 3576 2023 3672 deberent,
2054 3585 2164 3673 utque

345 3699 511 3772 libentius
539 3698 673 3772 faciant
701 3705 737 3770 61
765 3698 934 3794 securius,
965 3698 1238 3770 deferendorum
1266 3722 1447 3771 armorum
1475 3707 1652 3796 potestate
1682 3700 1860 3772 donantur
1875 3698 1925 3773 (ὅ).

452 3823 559 3896 XIII.
589 3821 849 3919 MCCCXVI.,
870 3832 1021 3918 augusto
1040 3823 1196 3896 ineunte.
1227 3823 1530 3896 Universitatibus
1549 3825 1739 3898 canonicae
1760 3833 1795 3897 et
1819 3825 1913 3897 civili
1932 3825 2163 3920 gravissimae

345 3950 520 4045 quaedam
547 3948 696 4021 iniuriae
726 3948 972 4020 66661166166
1011 3973 1032 4020 6
1067 3948 1256 4044 Ρ6661666,
1287 3951 1461 4021 occasione
1494 3949 1675 4044 Girrffredi
1704 3950 1888 4022 6616661666
1921 3949 2095 4023 Tolosatis
2122 3951 2164 4023 de

342 4073 490 4168 faniilia
516 4072 647 4167 fratris
677 4071 774 4144 Petri
802 4073 1091 4168 canraldalensis,
1120 4097 1189 4170 666
1218 4075 1392 4146 occasione
1419 4073 1530 4146 66116
1569 4081 1670 4146 erant
1705 4077 1836 4172 6661616
1874 4081 1904 4146 61
1929 4077 2165 4170 pronunciata

344 4206 464 4271 contra
501 4199 680 4295 religiosos
714 4197 941 4294 Bodalpbam
978 4205 1009 4269 61
1033 4197 1251 4270 ,1466616166
1280 4198 1452 4270 scholares
1473 4199 1747 4296 pedemontanae
1774 4207 1805 4272 61
1832 4205 1951 4272 cosdra
1980 4199 2166 4272 66666166

343 4325 456 4396 sancti
476 4322 662 4394 Michaelis
681 4321 773 4395 della
798 4320 942 4394 Cdiasa.
963 4320 1083 4416 (Nihil
1103 4322 1244 4395 omnino
1270 4323 1317 4394 ad
1346 4322 1436 4395 hanc
1465 4347 1540 4396 rem
1568 4324 1815 4396 illustrandam
1843 4324 2000 4420 reperire
2029 4325 2162 4422 potui).

344 4447 460 4544 Igitur
479 4448 522 4520 ob
542 4471 602 4520 666
622 4447 769 4518 iniurias
789 4447 1075 4520 Universitatum
1095 4447 1268 4519 Rectores
1296 4448 1420 4520 urbem
1450 4449 1693 4544 deseruerant,
1714 4450 1968 4544 Argentaeque
1998 4449 2164 4522 consede·

342 4580 444 4645 rant:
483 4572 615 4645 caeteri
651 4581 772 4644 autem
805 4570 984 4644 scholares
1017 4595 1054 4644 se
1088 4573 1195 4645 etiam
1228 4573 1386 4646 abituros
1419 4573 1646 4646 iureiurando
1675 4573 1938 4646 confirmarant.
1970 4572 2165 4647 Consilium

343 4698 463 4793 itaque
492 4695 637 4794 Populi,
666 4704 706 4768 ut
744 4697 995 4792 gravissimum
1032 4697 1201 4769 damnum
1229 4707 1432 4793 averteret,
1462 4699 1556 4794 quod
1583 4723 1626 4771 ea
1654 4723 1700 4770 ex
1728 4722 1766 4771 re
1794 4699 1998 4795 impendere
2028 4697 2165 4771 civitati

345 4822 500 4917 videbat,
530 4820 668 4916 legatos
695 4823 896 4917 Argentam
925 4822 970 4895 ad
999 4823 1171 4895 Rectores
1200 4821 1393 4920 placandos
1420 4823 1471 4895 ire
1500 4824 1609 4896 iubet.
1635 4823 1684 4896 Iis
1712 4823 1872 4921 placatis,
1895 4821 2164 4920 Bononiamque

343 4945 508 5042 reversis,
530 4970 610 5018 cum
638 4954 674 5019 et
703 4945 835 5018 eisdem
864 4947 1060 5020 satisfactio
1079 4955 1172 5020 esset
1201 4947 1330 5043 danda,
1353 4957 1388 5021 et
1416 4973 1438 5020 6
1465 4948 1637 5021 similibus
1664 4949 1801 5021 iniuriis
1829 4948 1865 5019 in
1894 4956 2076 5044 posterum
2104 4971 2163 5020 ca-

344 5070 511 5165 vendum,
543 5069 740 5143 Concilium
767 5071 1017 5166 gravissimum
1045 5080 1099 5144 est
1128 5079 1301 5168 coactum,
1322 5073 1388 5168 cui,
1411 5082 1554 5170 praeter
1575 5097 1696 5145 omnes
1715 5073 1957 5169 magistratus,
1980 5072 2165 5170 Sapientes

344 5219 492 5267 numero
512 5195 557 5267 ad
576 5195 702 5268 XXV.
724 5195 974 5269 interfuerunt.
995 5196 1157 5268 Fuerunt
1175 5204 1295 5269 autem
1315 5196 1501 5294 Sapientes
1518 5197 1573 5269 hi:

1094 5319 1274 5393 11616116
1304 5319 1422 5394 Steria

529 5443 749 5539 Bonagratia
779 5444 1022 5540 (16Ῥ16616111,
1048 5444 1237 5543 proconsul
1363 5445 1536 5520 Albertus
1564 5446 1664 5519 Petri
1692 5447 1726 5518 d’
1743 5445 1930 5544 Argelata,

637 5568 881 5664 Notariorum,
1363 5571 1497 5644 Paulus
1524 5572 1680 5668 Riccius,

532 5694 733 5769 Ubaldinus
762 5694 961 5791 Malavolti,
1362 5695 1563 5770 Ubaldinus
1592 5696 1637 5769 da
1667 5696 1826 5793 Stiatico,

531 5821 685 5893 Dainese
715 5819 758 5892 de
787 5819 1025 5917 Passipoveri,
1364 5819 1494 5893 Gerius
1522 5821 1666 5917 Aegidii
1695 5822 1749 5894 de'
1768 5820 2006 5918 Cla[ri]ssimi,

530 5945 686 6018 Jacobus
715 5943 970 6040 Buttrigarius,
1359 5945 1656 6020 Bartholomaeus
1685 5948 1740 6020 de’
1758 5947 1944 6021 Romanzi.

532 6070 749 6142 Rambertus
780 6069 825 6142 da
853 6069 979 6166 Canta,

423 6300 462 6365 (1)
482 6298 543 6350 Lib.
562 6297 624 6363 Bes.
643 6299 677 6363 †,
695 6315 757 6367 pag.
778 6301 829 6350 269
851 6315 876 6350 r.
896 6302 924 6349 et
943 6301 993 6350 211
1014 6315 1039 6351 r.
1359 6301 1398 6366 (1)
1417 6299 1478 6352 Lib.
1497 6300 1558 6366 Res.
1577 6301 1603 6352 A
1621 6303 1655 6366 †‚
1674 6318 1737 6372 pag.
1757 6305 1788 6354 61
1810 6318 1835 6354 r.

423 6388 462 6454 (2)
481 6387 565 6453 Ibid,
584 6403 647 6456 pag.
667 6389 726 6438 215.
1360 6391 1400 6456 ((1)
1418 6389 1503 6456 Ι1)1(1.,
1522 6407 1585 6460 pag.
1605 6394 1639 6443 tr
1657 6408 1683 6444 v.

424 6479 463 6544 (11)
483 6476 566 6543 Ibid,
585 6492 648 6546 pag.
668 6478 718 6528 297
739 6479 846 6543 61299,
866 6477 914 6528 lin.
933 6477 1105 6546 antepenult.
