5544 7750
613 638 688 710 352
1362 659 1475 708 vrrnu
1503 658 1684 707 mumma

610 819 739 915 guidus
767 842 860 890 anno
889 814 1180 889 MCCCXLVII.
1211 815 1355 888 obiisset
1370 813 1421 909 (¹),
1442 816 1618 887 loannem
1646 813 1820 911 Pepulum
1857 813 1931 886 eius
1968 813 2073 886 sunus
2106 813 2263 885 maxima
2299 836 2429 910 pompa

610 968 753 1017 curasse
782 953 817 1016 et
847 943 934 1016 duos
963 944 1007 1015 ab
1037 967 1078 1014 eo
1108 940 1248 1014 relictos
1277 939 1445 1038 parvulos
1473 939 1562 1014 filios
1588 939 1847 1012 Bliobarixium
1875 949 1911 1012 et
1935 939 2167 1012 Thaddaeum
2186 963 2294 1036 supra
2314 939 2430 1035 ipsum

610 1069 724 1167 patris
751 1068 977 1167 sepulchrum
1006 1068 1142 1164 equites
1171 1065 1308 1140 fecisse.
1338 1065 1497 1138 Primum
1527 1065 1556 1138 si
1584 1067 1675 1138 tanti
1702 1064 1846 1138 honoris
1870 1089 2031 1138 caussam
2050 1090 2095 1137 ex
2114 1065 2340 1160 Maragnano
2359 1063 2428 1138 III.

609 1205 764 1294 repetas,
795 1194 954 1266 invenies
982 1192 1234 1264 validissimam
1263 1215 1361 1284 esse;
1382 1191 1412 1264 si
1440 1216 1485 1264 ex
1514 1191 1585 1286 II.,
1606 1215 1675 1264 non
1705 1191 1795 1264 adeo
1818 1189 1984 1264 validam.
2006 1189 2144 1286 Nempe
2165 1189 2322 1262 Joannes
2341 1213 2430 1262 uxo·

609 1345 685 1394 rem
713 1321 869 1394 habebat
898 1319 1054 1392 Ghixam
1084 1318 1298 1413 blacagnani
1327 1317 1396 1390 III.
1427 1315 1649 1392 sororem(2l.
1679 1317 1806 1414 Itaque
1834 1316 1920 1389 nihil
1949 1316 2076 1388 mirum
2106 1317 2134 1390 si
2163 1317 2306 1389 affinem
2341 1317 2431 1389 adeo

610 1447 838 1520 coniunctum
867 1453 966 1517 tanto
995 1443 1112 1516 studio
1140 1451 1194 1515 est
1223 1451 1442 1540 prosecutus.
1475 1444 1525 1515 At
1553 1443 1797 1538 Macagnanus
1816 1442 1865 1515 II.
1886 1443 1930 1515 ad
1951 1442 2126 1515 Ioannem
2147 1441 2323 1539 Pepulum
2343 1441 2431 1514 nihil

609 1574 797 1668 attinebat,
819 1571 886 1644 nisi
916 1570 1009 1667 quod
1038 1569 1112 1642 eius
1141 1569 1257 1666 neptis
1286 1593 1329 1640 ex
1359 1567 1471 1641 fratre
1500 1567 1719 1641 Bliobarixio
1748 1568 1862 1641 eidem
1882 1567 2013 1640 Jounni
2042 1575 2153 1665 nupta
2182 1577 2270 1641 eret.
2291 1568 2430 1642 Deinde

610 1723 691 1772 oum
719 1697 806 1769 duos
834 1695 877 1769 ab
907 1721 943 1768 eo
972 1696 1106 1767 relictos
1128 1694 1297 1792 paruulos
1322 1693 1417 1788 filios
1446 1695 1619 1790 audimus,
1641 1694 1719 1792 quis
1745 1693 1782 1766 in
1806 1694 1963 1766 animum
1983 1693 2128 1768 inducet
2148 1718 2270 1766 eorum
2291 1703 2431 1792 patrem

609 1847 730 1896 senem
759 1822 877 1920 potius
906 1821 1196 1916 octogennarium
1225 1819 1381 1913 credere,
1403 1844 1508 1916 quam
1537 1819 1701 1892 iuvenem
1730 1844 1903 1892 annorum
1932 1819 2144 1892 XXXVI?
2168 1818 2261 1891 Nam
2283 1821 2431 1894 totidem

610 1949 743 2022 habere
771 1948 924 2020 debebat
952 1970 1044 2019 anno
1073 1943 1383 2038 macoma,
1415 1969 1494 2016 cum
1523 1953 1660 2017 constet
1688 1953 1812 2017 natum
1840 1944 1949 2018 fuisse
1978 1969 2071 2018 anno
2100 1944 2302 2020 MCCCXI.

717 2074 823 2147 VIII.
852 2073 954 2145 Haeo
982 2071 1079 2166 mihi,
1100 2081 1139 2144 ut
1168 2071 1253 2165 dixi,
1274 2069 1478 2142 verisimilia
1509 2071 1692 2165 videntur;
1715 2073 1775 2144 sed
1797 2097 1875 2144 cum
1897 2072 2002 2144 meris
2023 2072 2183 2144 nitantur
2202 2071 2428 2167 coniecturis,

610 2225 655 2274 ex
683 2201 726 2273 iis
754 2199 836 2271 sciri
865 2206 961 2271 certo
990 2222 1059 2269 non
1081 2205 1209 2294 potest,
1230 2213 1335 2293 quem
1355 2195 1399 2268 'sd
1419 2221 1550 2269 annum
1571 2197 1798 2295 producenda
1817 2197 1862 2268 sit
1881 2196 2087 2270 alterutrius
2106 2197 2321 2292 Maragnani
2341 2197 2426 2271 vita.

530 2347 535 2354 ·
609 2325 703 2398 Illud
732 2349 796 2422 pro
825 2333 922 2397 certo
952 2323 1078 2418 habea,
1109 2321 1204 2394 ultra
1237 2321 1528 2396 MCCOXLVII.
1558 2323 1719 2395 neutrius
1756 2347 1833 2395 esse
1866 2324 2143 2420 producendam.
2174 2325 2267 2398 Nam
2306 2327 2351 2399 ab
2387 2351 2428 2400 eo

610 2475 724 2546 anno,
754 2474 929 2546 nusquam
959 2449 1028 2522 iam
1066 2447 1217 2544 amplius
1256 2448 1410 2520 occurrit
1447 2449 1578 2520 mentio
1616 2447 1842 2544 Macagnani.
1873 2449 2000 2545 Itaque
2029 2460 2134 2549 prout
2163 2477 2215 2546 ea,
2246 2479 2337 2550 quse
2370 2481 2428 2530 su-

610 2576 729 2674 perius
757 2583 941 2671 tamquam
969 2574 1106 2646 ineerta
1134 2573 1250 2670 posita
1274 2581 1367 2666 sunt,
1390 2571 1552 2645 alterutri
1580 2574 1890 2670 adiudicabuntur,
1920 2574 2012 2646 illius
2040 2601 2135 2649 mors
2164 2579 2306 2652 omnino
2335 2605 2430 2655 anno

609 2699 902 2773 MCCCXLVII.
933 2700 1124 2772 statuenda
1152 2699 1237 2792 erit,
1267 2696 1413 2770 alterius
1443 2722 1526 2770 vero
1555 2707 1637 2772 ante
1667 2701 1782 2796 ipsum
1811 2724 1955 2773 annum.

1312 2946 1387 3019 DE
1430 2946 1728 3022 SCRIPTIS.

718 3201 786 3274 IX.
816 3200 987 3274 Testetur
1014 3198 1278 3296 Diploratatius
1307 3223 1387 3295 pag.
1412 3201 1487 3270 214
1516 3198 1778 3294 Maeagnanum
1806 3201 1936 3274 orireltas
1955 3203 2231 3306 Disputationes,
2251 3213 2430 3308 scripsisse

609 3351 762 3425 quorum
791 3328 908 3423 copia,
937 3325 1073 3422 inquit,
1102 3349 1190 3396 rara
1221 3331 1289 3418 est,-
1315 3331 1346 3396 et
1373 3347 1449 3396 curu
1481 3324 1664 3397 Bononiae
1692 3327 1729 3397 in
1756 3329 1893 3424 praetio
1922 3331 2097 3425 existeret,
2125 3336 2265 3430 scripsit
2293 3338 2430 3410 utiliter

608 3477 714 3550 super
734 3455 858 3550 prima
882 3460 986 3550 porte
1016 3451 1152 3548 Dipesti
1181 3452 1301 3522 ueteris
1329 3457 1359 3522 et
1380 3451 1569 3548 praecipue
1601 3453 1637 3522 iu
1667 3453 1720 3524 tit.
1749 3451 1804 3525 De
1834 3453 1998 3550 arbitris,
2031 3463 2166 3529 etcum
2199 3483 2303 3558 super
2335 3463 2431 3536 ordi·

611 3580 730 3650 nariis
757 3577 906 3650 scribere
934 3579 1104 3674 coepisset,
1132 3582 1240 3648 oriorte
1262 3583 1473 3672 praecentus
1500 3577 1628 3649 onrisit.
1659 3575 1796 3650 Multas
1823 3603 1956 3676 quoque
1984 3579 2249 3680 disputationes,
2277 3611 2429 3684 quorum

613 3706 711 3802 eopia
740 3727 829 3776 roro
858 3709 942 3776 esset
976 3698 1109 3778 vidisse
1144 3725 1181 3774 se
1212 3709 1364 3774 testatur
1392 3700 1629 3798 Ganzalupus,
1661 3725 1722 3774 seu
1752 3701 1997 3802 Carrialupus,
2028 3707 2062 3777 in
2093 3707 2189 3781 Hist.
2219 3710 2372 3810 interpr.
2402 3721 2433 3785 et

613 3827 764 3901 Glossat.
776 3887 786 3924 ,
806 3853 887 3926 pag.
911 3829 999 3922 507,
1025 3826 1120 3924 apud
1149 3824 1454 3922 Mazzuchellium,
1484 3825 1553 3899 vol.
1574 3827 1603 3899 Ι.
1625 3851 1708 3923 pars
1728 3826 1797 3924 II.,
1826 3854 1906 3926 pag.
1931 3833 2045 3904 1290.
2069 3832 2128 3904 dd
2157 3833 2246 3907 haec
2269 3837 2427 3912 Ioannes

609 3954 652 4027 de
672 3954 796 4026 Arena
825 3961 860 4026 et
887 3952 1075 4025 Albericus
1104 3952 1329 4044 Quaestiones
1348 3952 1570 4050 ¹Mecagneni
1590 3951 1713 4049 citant,
1734 3954 1884 4027 testibus
1904 3955 2065 4029 Alidosio
2085 3966 2120 4030 et
2139 3957 2427 4037 Mazzucchellio.

608 4077 736 4176 Itaque
766 4078 921 4152 dubitari
949 4103 1019 4151 non
1047 4087 1166 4176 potest
1190 4077 1275 4174 quin
1303 4076 1436 4174 aliquid
1464 4077 1581 4174 reipsa
1608 4079 1643 4152 in
1672 4079 1760 4152 Iure
1790 4079 1971 4177 scripserit
1996 4082 2253 4178 Macagnenus.
2276 4088 2344 4160 Sed
2374 4113 2429 4163 se·

608 4206 790 4278 eundusne
826 4229 870 4277 an
907 4203 1058 4276 tertius?
1086 4203 1164 4298 Ego
1202 4203 1366 4299 equidem
1402 4203 1545 4274 tertium
1584 4204 1748 4278 arbitror.
1778 4203 1873 4277 Nam
1911 4206 2063 4303 primum
2100 4211 2253 4308 scriptor
2289 4212 2347 4286 ille
2382 4240 2426 4288 ex

608 4329 854 4426 Diplovatatio
889 4327 955 4401 fuit
993 4350 1100 4425 pener
1132 4326 1342 4420 Placidum,-
1370 4327 1495 4398 deinde
1532 4351 1577 4399 ex
1614 4329 1776 4402 omnibus
1814 4330 2036 4426 auctoribus,
2067 4356 2142 4404 euru
2177 4359 2344 4432 ruapuaur
2372 4340 2430 4410 sui

608 4457 874 4552 expectationem
900 4455 1047 4550 fecisset,
1076 4454 1265 4525 immatura
1295 4461 1408 4525 morte
1438 4461 1561 4551 raptus
1589 4453 1674 4549 Iuit3
1704 4478 1854 4550 quorum
1882 4455 1967 4527 illud
1998 4457 2095 4554 prius
2119 4458 2154 4530 in
2175 4460 2287 4532 solum
2308 4461 2430 4536 blaca-

607 4605 765 4676 gnanum
793 4580 861 4654 III.
893 4580 1019 4653 cadere
1048 4603 1151 4676 posse
1180 4604 1226 4650 ex
1255 4577 1318 4674 iis,
1348 4602 1439 4674 quae
1468 4578 1572 4650 modo
1601 4578 1772 4674 diximus,
1802 4581 1947 4678 propius
1974 4579 2078 4653 fidem
2108 4593 2182 4678 est,
2213 4583 2279 4657 hoe
2309 4597 2429 4659 autem

609 4706 785 4802 posterius
814 4706 856 4779 de
885 4705 1040 4779 seeundo
1070 4703 1137 4776 dici
1166 4727 1236 4776 non
1266 4711 1402 4800 potest,
1433 4727 1538 4799 quem
1567 4703 1708 4776 omnino
1737 4727 1857 4776 senem
1886 4705 2012 4778 obiisse
2037 4731 2082 4778 ex
2110 4708 2185 4780 eius
2216 4711 2315 4782 Actis
2348 4735 2429 4808 per·

606 4831 726 4929 spicue
755 4839 905 4904 constat.
937 4831 1055 4920 Quare
1086 4829 1346 4924 Maeagnanum
1367 4828 1435 4901 III.
1458 4853 1533 4900 esse
1555 4837 1651 4925 puto,
1673 4829 1772 4901 cuius
1791 4830 1971 4924 ingenium
1991 4838 2026 4903 et
2046 4831 2242 4906 doctrinam
2264 4846 2427 4910 auctores

607 4981 729 5030 omnes
748 4982 827 5030 cum
847 4956 961 5029 exteri
980 4963 1056 5028 tum
1077 4953 1262 5028 domestici
1282 4954 1368 5024 mire
1389 4954 1607 5051 praedicant,
1623 4963 1658 5026 et
1678 4953 1721 5025 de
1741 4978 1810 5050 quo
1833 4953 2031 5028 Achillinus
2051 4957 2146 5029 canit
2166 4959 2200 5029 in
2227 4959 2430 5035 Viridorio:

1139 5157 1222 5230 Quel
1241 5156 1277 5220 -d'
1291 5157 1470 5242 Azzoguidi
1494 5178 1587 5220 nome
1612 5158 1654 5220 ha
1677 5155 1893 5242 Macagnano,

1136 5264 1250 5337 Questi
1273 5263 1335 5328 due
1359 5264 1490 5328 scrisser
1515 5264 1613 5328 molto
1637 5263 1669 5328 di
1694 5286 1752 5328 sua
1777 5287 1883 5330 mano.

712 5457 761 5529 X.
791 5455 877 5529 Illas
906 5449 972 5550 ego
994 5455 1260 5551 Disputationes
1279 5477 1367 5549 quas
1386 5455 1456 5527 iam
1476 5453 1711 5551 Caccialupus
1730 5479 1822 5528 saec.
1844 5455 1929 5528 XV.
1951 5465 1987 5527 et
2010 5454 2300 5552 Diplovetaecius
2320 5461 2426 5534 XVI.

604 5606 712 5655 rarus
735 5579 973 5679 appellarunt,
995 5604 1152 5676 quasque
1181 5579 1390 5651 Paneirolus
1405 5577 1444 5642 (³)
1464 5580 1587 5652 eodem
1617 5579 1722 5652 XVI.
1743 5579 1884 5653 saeculo
1904 5580 2105 5678 deperditas
2130 5583 2289 5677 eredidit,
2311 5585 2428 5682 reipsa

606 5707 736 5781 nostris
765 5706 862 5780 hisce
892 5705 1110 5802 temporibus
1135 5703 1355 5776 intercidisse
1375 5704 1559 5777 existimo:
1581 5729 1662 5776 nam
1684 5705 1744 5777 diu
1763 5704 2029 5800 diligentissime
2049 5708 2266 5803 conquisitas
2286 5711 2427 5784 omnino

605 5833 761 5930 reperire
801 5857 872 5904 non
909 5830 1019 5927 potui.
1064 5829 1157 5902 Nam
1197 5830 1290 5925 quod
1325 5829 1603 5901 Mazauchellius
1640 5830 1781 5902 coniicit
1820 5854 1890 5902 non
1928 5829 2150 5904 intercidisse
2193 5834 2285 5930 quod
2333 5837 2427 5932 apud

606 5983 658 6031 co.
689 5957 934 6053 Augustinum
962 5955 1126 6028 Fontana
1141 5953 1180 6018 (⁴)
1200 5954 1269 6025 duo
1300 5953 1519 6051 ilIucapnani
1551 5957 1714 6052 Gregorii
1745 5955 1964 6027 Bliolrorixii
1993 5957 2192 6054 Areopuidi
2230 5983 2338 6055 opera
2374 5960 2426 6033 al-

605 6093 722 6157 terum
752 6083 805 6154 De
834 6081 1009 6154 conruruni
1038 6082 1209 6177 opinione,
1238 6077 1388 6151 alterum
1419 6080 1666 6171 eraestionurn
1689 6081 1790 6178 juris
1826 6079 2007 6152 Bononiae
2042 6082 2138 6154 edite
2173 6094 2425 6180 memorentur,

688 6402 727 6466 (1)
749 6399 810 6450 Vid.
829 6414 903 6466 sup,
922 6397 936 6463 ξ
956 6395 1005 6448 IV.
1624 6399 1662 6463 (3)
1681 6395 1722 6448 De
1741 6396 1815 6448 Clar.
1835 6396 1898 6463 Lep.
1919 6396 2047 6464 Iuterpr.,
2066 6398 2113 6449 lib.
2133 6398 2179 6464 11,
2198 6415 2222 6451 e.
2242 6402 2285 6450 65.

688 6491 727 6555 (2)
747 6486 808 6540 Vid.
828 6487 856 6538 in
875 6486 1180 6552 siracusanum.
1623 6488 1663 6552 (4)
1683 6486 1714 6537 In
1734 6485 1898 6538 Bibliotheca
1918 6486 2022 6553 Lepali,
2042 6491 2060 6537 t.
2080 6486 2111 6548 1.‚
2131 6489 2181 6539 col.
2202 6491 2245 6539 52.
