5492 7750
776 635 1007 688 snuounnum
1035 637 1086 687 AD
1114 636 1370 688 Paorussoans
1398 636 1504 689 sulus
1532 636 1666 688 CIVILIS
2077 618 2125 692 25

313 795 429 854 statem
451 789 565 856 Abbas
588 791 692 856 sancti
716 791 873 878 Stephani
896 791 1038 856 intrandi
1067 793 1312 879 possessionem.
1337 791 1380 856 Et
1403 793 1449 857 sic
1472 793 1503 857 si
1525 790 1704 856 Leonensis
1727 791 1840 856 Abbas
1864 792 2029 879 licentjam
2053 817 2128 860 con-

314 897 419 962 cessit.

401 1003 473 1090 Ego
497 1003 673 1069 Gunterius
695 1004 873 1070 Leoneusis
896 1007 1084 1073 monasterii
1107 1006 1221 1073 Abbas
1244 1008 1370 1073 666661
1394 1015 1492 1096 atque
1515 1011 1701 1098 subscripsi.

402 1110 474 1198 Ego
497 1111 614 1176 Frater
636 1111 793 1178 Osbertus
816 1135 914 1178 manu
937 1135 1010 1179 mea
1033 1114 1219 1202 subscripsi.
1674 1140 1677 1146 ·

403 1217 458 1300 (L.
475 1218 498 1299 †
514 1217 562 1301 S.)
584 1217 656 1304 Ego
679 1218 809 1283 Blasius
832 1220 1008 1306 imperialis
1031 1222 1115 1286 sacri
1138 1223 1252 1310 palatii
1276 1223 1420 1288 notarius
1443 1223 1577 1310 interluj
1600 1231 1634 1289 et
1657 1232 1791 1311 rogatus
1814 1227 1939 1313 scripsj.

1198 1545 1239 1610 V.

1051 1759 1147 1844 1189,
1172 1761 1191 1823 1
1214 1759 1387 1825 decembris.

564 1973 617 2038 Ex
641 1974 816 2040 Tabulario
840 1977 929 2042 Max.
953 1977 1090 2063 bonon,
1115 1979 1148 2043 in
1173 1974 1313 2060 chistrc
1339 1962 1452 2044 Croeso
1465 1976 1515 2061 (1),
1539 1976 1594 2042 lib.
1618 1979 1664 2061 l.,
1690 1999 1754 2044 car.
1780 1981 1822 2043 58
1846 1999 1876 2042 6.

400 2195 572 2260 Millesimo
596 2195 771 2260 centesimo
794 2193 976 2278 1666661116,
999 2193 1148 2258 kalendis
1172 2193 1361 2277 decembris,
1379 2194 1552 2260 indictione
1576 2195 1633 2281 vij.
1658 2195 1813 2260 Consules
1831 2195 1988 2279 Bononio,
2005 2196 2129 2261 scilicet

311 2304 458 2369 dominus
475 2301 640 2367 Gerendus
655 2301 841 2382 Rolandini,
859 2301 880 2365 J
882 2301 1002 2366 acobns
1018 2300 1188 2384 Bernardi,
1206 2301 1440 2384 Cananimicus,
1458 2301 1718 2386 Boccaderunco,
1736 2303 1932 2368 Rambertus
1949 2303 1988 2368 de
2004 2303 2129 2368 Albaro

312 2419 345 2476 ct
366 2411 509 2476 Jacobus
531 2411 661 2474 Alberli
683 2409 723 2474 de
747 2409 843 2493 Urso,
859 2410 1026 2474 voluntate
1050 2415 1084 2473 ct
1107 2429 1265 2473 consensu
1289 2409 1388 2474 totius
1413 2409 1556 2494 Consilii,
1580 2410 1797 2497 promiserunt
1820 2411 1949 2477 domino
1972 2411 2129 2477 Lothario

313 2519 522 2600 cremonensi,
539 2517 624 2604 quod
641 2538 745 2603 neque
768 2517 839 2603 ipsi,
857 2537 961 2602 neque
985 2515 1102 2602 aliquis
1126 2537 1292 2581 successor
1314 2537 1426 2582 eorum
1449 2524 1566 2604 cogent
1587 2517 1766 2604 predictum
1786 2519 1977 2584 Lotharium
1998 2517 2129 2606 aliquod

312 2632 549 2692 sacramentnm
569 2625 676 2690 facere
698 2645 757 2711 per
780 2624 866 2710 quod
893 2625 998 2710 magis
1021 2625 1063 2690 sit
1087 2624 1251 2688 districtus
1275 2624 1446 2689 Communi
1468 2645 1573 2711 neque
1596 2646 1671 2690 eum
1693 2626 1920 2712 prohibebunt,
1937 2627 1990 2691 661
2013 2635 2130 2713 cogent

310 2755 424 2820 regere
449 2732 598 2798 Studium
619 2732 653 2796 in
680 2731 810 2796 civitate
837 2730 1001 2816 Bononio,
1025 2739 1058 2796 et
1080 2738 1157 2796 tunc
1188 2732 1400 2797 incontinenti
1424 2733 1547 2816 juravit
1569 2733 1732 2820 predictus
1754 2733 1928 2798 Letharius
1952 2734 2128 2799 secundum

312 2850 457 2909 tenorem
480 2840 736 2926 infrascriptum:
761 2838 842 2905 Juro
865 2861 926 2925 ego
949 2840 1098 2905 dominus
1120 2839 1294 2905 Lotherius
1318 2839 1405 2926 quod
1428 2840 1469 2904 ab
1493 2841 1553 2905 hoc
1575 2841 1676 2906 diein
1693 2848 1869 2906 66166666
1889 2863 2002 2927 regam
2025 2842 2128 2907 scolas

311 2951 438 3036 Legum
461 2950 494 3013 in
518 2948 626 3034 aliquo
650 2947 732 3030 loce,
748 2947 811 3011 nisi
833 2946 990 3012 Bononia
1006 2947 1076 3013 Nec
1100 2969 1154 3012 ero
1180 2949 1211 3012 in
1236 2947 1369 3012 consilio
1392 2954 1429 3011 ut
1452 2947 1602 3012 Studium
1625 2949 1723 3034 hujus
1746 2949 1885 3014 civitatis
1905 2950 2079 3033 minuatur,
2096 2957 2129 3015 et

311 3059 338 3123 si
362 3058 485 3123 scivero
512 3055 653 3142 aliquem
678 3054 782 3141 ipsum
804 3054 949 3119 minuere
973 3055 1067 3138 velle,
1093 3054 1287 3120 Consulibus
1310 3054 1363 3119 vel
1386 3054 1546 3120 Potestati
1569 3056 1624 3141 qui
1647 3077 1706 3143 pro
1729 3063 1873 3142 tempore
1897 3063 2006 3140 crunt,
2031 3078 2129 3144 quarn

310 3166 403 3231 citius
426 3172 549 3252 potero,
573 3162 729 3227 nuntiabo
753 3169 785 3226 ct
807 3161 893 3226 bona
916 3161 979 3227 fide
1003 3162 1179 3245 destruam,
1200 3162 1404 3245 Consulibus,
1421 3162 1475 3227 661
1498 3162 1671 3247 Potestati,
1693 3165 1749 3251 qui
1771 3185 1830 3250 pro
1854 3170 1999 3251 tempore
2023 3171 2127 3248 erunt,

310 3275 395 3338 bona
417 3272 480 3336 lide
503 3270 672 3336 consilium
695 3277 728 3334 et
751 3269 947 3334 adiutorium
962 3269 1046 3334 dabo
1063 3269 1103 3334 de
1125 3269 1284 3353 omnibus,
1301 3292 1363 3356 que
1381 3292 1400 3334 a
1417 3291 1467 3334 me
1484 3271 1639 3357 petierint
1653 3278 1686 3335 et
1706 3270 1905 3336 credentiam
1929 3272 1975 3336 eis
1999 3273 2126 3338 tenebo.

399 3379 472 3466 Ego
496 3377 602 3443 Cnido
624 3375 808 3460 F[riderici]
831 3376 1041 3464 Imperatoris
1065 3385 1098 3442 et
1120 3398 1206 3442 nunc
1231 3377 1417 3443 Communis
1445 3378 1591 3443 Bononie
1615 3379 1769 3462 notarius,
1792 3379 1885 3464 jussu
1906 3386 1938 3444 et
1960 3381 2127 3445 voluntate

311 3487 525 3574 predictorum
552 3483 727 3549 Consulum
751 3491 783 3548 61
805 3484 903 3549 666166
928 3484 1073 3568 Consilii,
1098 3485 1222 3570 scripsi.

399 3593 564 3658 Presbiter
588 3590 744 3676 Crassus,
760 3591 921 3676 Ugolinus
945 3591 984 3655 de
1007 3591 1120 3674 Vade,
1141 3592 1355 3677 Henrigettus
1379 3591 1587 3675 Bonazuntc,
1613 3591 1692 3656 Saul
1715 3599 1747 3656 et
1770 3593 1974 3657 Baruncinus
1998 3593 2037 3658 de
2060 3593 2127 3658 Pil-

310 3701 386 3765 lano
409 3698 646 3785 adlegandum
669 3705 702 3762 et
724 3697 948 3763 ascultandum
978 3699 1063 3764 hanc
1091 3707 1274 3786 presentem
1305 3719 1423 3763 novam
1453 3705 1576 3764 cartam
1608 3721 1681 3764 cum
1709 3701 1811 3764 reteri
1842 3699 2071 3783 interfuerunt,
2096 3707 2129 3766 et

278 3879 279 3884 .
311 3809 407 3893 hujus
431 3807 479 3871 rei
501 3813 598 3872 testes
622 3806 729 3891 rogati
751 3805 893 3870 luerunt.

398 3915 470 4001 Ego
490 3913 686 3996 Wilielmus,
704 3912 796 3978 Sacri
811 3911 931 3977 Palatii
947 3920 979 3977 et
995 3933 1080 3978 nunc
1097 3913 1284 3978 Communis
1304 3913 1451 3978 Bononia
1474 3914 1629 3997 notarius,
1647 3915 1823 3979 secundum
1843 3916 1929 4002 quod
1945 3915 2011 3979 vidi
2027 3915 2126 4001 scrip·

310 4029 379 4086 tum
399 4043 459 4109 per
481 4042 613 4086 manum
632 4019 790 4085 (luidonis
812 4020 931 4084 notarii
947 4019 1134 4085 Communis
1150 4019 1297 4085 Bononio
1313 4021 1427 4106 scripsi
1443 4027 1475 4084 et
1492 4021 1693 4106 exemplari;
1710 4044 1770 4086 neo
1786 4022 1908 4108 aliquid
1927 4015 1961 4087 iri
1981 4021 2129 4087 fraudem

310 4129 434 4213 addidi,
457 4130 510 4194 vel
537 4128 681 4193 diminui.
706 4128 802 4192 Anno
833 4127 964 4192 Domini
994 4127 1056 4193 MC
1096 4128 1305 4213 nonagesimo
1333 4115 1471 4212 octavo,
1495 4129 1553 4214 xij.
1586 4129 1743 4194 kalendas
1778 4131 1930 4216 augusti,
1954 4130 2127 4194 indictione

309 4257 424 4324 prrma.

1185 4445 1245 4512 VI.

1082 4661 1180 4746 1198,
1206 4661 1248 4725 16
1270 4663 1351 4726 iulii.

725 4874 914 4941 Excedam
937 4875 1078 4962 Reqcistro
1104 4876 1227 4960 Grosso,
1251 4876 1307 4940 lib.
1332 4875 1378 4959 I.,
1403 4897 1429 4940 c.
1456 4879 1497 4940 66
1521 4897 1552 4941 6.
1577 4898 1595 4940 6
1620 4877 1711 4941 616.

398 5091 485 5173 (16.6
502 5090 549 5174 Β.)
573 5089 613 5154 Ι6
636 5090 765 5154 nomine
788 5095 898 5155 sancte
922 5095 955 5154 66
977 5089 1142 5154 individue
1167 5089 1346 5173 Trinitatis,
1371 5111 1456 5154 anno
1479 5089 1613 5154 Domini
1636 5089 1807 5154 millesimo
1831 5091 2005 5155 centesimo
2026 5112 2126 5156 nona·

309 5199 431 5284 gesimo
463 5205 588 5281 octavo,
611 5196 850 5283 quintodecimo
883 5196 1041 5261 kalendas
1073 5198 1204 5283 augusti
1226 5197 1402 5262 indictione
1426 5197 1453 5262 I.
1477 5197 1546 5262 Nos
1570 5196 1728 5262 Consules
1750 5196 1980 5281 Montisbcllii,
2004 5198 2127 5263 scilieet

225 5295 228 5304 ’
309 5306 509 5391 Ρ616661666,
527 5306 604 5372 olim
626 5305 717 5372 Petri
740 5305 780 5370 de
803 5305 1014 5370 Montebcllio
1037 5306 1133 5390 61166,
1156 5328 1193 5371 66
1219 5306 1441 5392 chregettus
1462 5306 1502 5370 de
1518 5302 1675 5389 Pennola,
1693 5306 1885 5371 auctoritate
1908 5313 1941 5370 et
1959 5307 2126 5387 uoluntate

309 5413 453 5478 comunis
469 5413 603 5479 Consilii
617 5412 826 5496 Montisbelli,
843 5419 876 5477 61
895 5412 1085 5478 nominatim
1102 5412 1283 5478 Cinardctti
1307 5412 1477 5496 sinibaldi,
1495 5412 1614 5497 Joculi,
1635 5412 1765 5478 Alberti
1787 5412 1915 5478 domine
1938 5413 2021 5498 Elic,
2046 5413 2126 5479 Cui·

309 5520 394 5585 dccti
417 5519 621 5605 Tigrimutii,
645 5520 850 5604 Portunarii,
875 5519 1052 5604 Cnidonis,
1077 5521 1285 5603 Rainaldini,
1310 5527 1342 5584 et
1367 5520 1541 5586 Cerardini
1564 5520 1603 5584 dc
1629 5519 1783 5585 Trullone
1812 5521 2001 5586 confitemur
2024 5527 2128 5586 totum

309 5635 449 5692 castrum
472 5635 505 5692 et
528 5627 708 5693 districtum
732 5649 789 5692 scu
813 5626 1065 5693 iurisdictionem
1088 5627 1301 5693 Montisbellii
1318 5636 1350 5692 et
1373 5628 1534 5711 cucherle,
1551 5649 1588 5692 ac
1604 5627 1724 5692 Montis
1748 5627 1901 5692 lllaurslli
1924 5629 1965 5693 ab
1994 5629 2126 5715 antiquo

309 5735 408 5799 luisse
431 5735 563 5800 detenta
590 5742 623 5800 66
645 5735 824 5800 exercitata
847 5755 905 5820 pro
929 5733 1099 5800 Communi
1118 5735 1276 5800 Bononio.
1301 5735 1369 5801 Nos
1392 5756 1520 5822 quoque
1545 5755 1638 5800 omne
1661 5735 1712 5798 ins
1736 5735 1804 5798 6166
1827 5736 2034 5822 proprietatis
2058 5737 2127 5801 6166

308 5841 524 5929 emphyteusis
555 5843 624 5908 sive
655 5841 827 5927 cujuslibet
858 5842 991 5906 alterius
1014 5843 1260 5926 iurisdictionis,
1283 5843 1351 5908 sive
1376 5843 1526 5927 districti,
1551 5842 1643 5907 nobis
1667 5842 1699 5905 in
1723 5841 1801 5928 ipsis
1825 5842 1987 5907 montibus
2012 5850 2045 5907 et
2073 5864 2127 5908 cu-

308 5949 417 6012 666616
441 5971 479 6012 66
503 5956 592 6014 66616
616 5955 800 6035 competens
823 5949 897 6033 jure
920 5949 1021 6035 ipsius
1050 5950 1237 6016 Communis
1270 5951 1322 6015 661
1350 5951 1423 6036 jure
1454 5949 1656 6035 singulorum
1688 5955 1851 6031 nostrum,
1874 5949 1966 6014 66616
1997 5949 2127 6016 domino

308 6055 432 6120 Uberto
455 6055 646 6121 Vicecomiti
667 6055 845 6138 Placentia,
862 6054 1009 6121 Bonouie
1024 6057 1195 6142 Potestati,
1212 6058 1381 6144 recipienti
1404 6057 1533 6121 nominc
1558 6055 1744 6121 Communis
1760 6054 1917 6139 Bononio,
1934 6063 2126 6144 tuorumque

308 6183 530 6228 successorum
552 6184 612 6250 pro
635 6163 805 6229 Communi
828 6161 975 6229 Bononia
999 6165 1175 6248 donamus,
1199 6164 1424 6247 concedimus,
1448 6170 1546 6250 atque
1569 6162 1794 6227 transierimus
1827 6162 2071 6249 inperpetuum,
2095 6171 2128 6229 61

388 6485 427 6552 (1)
445 6483 490 6536 166
507 6483 665 6536 inscribitur
683 6489 857 6554 pervetustus
876 6486 962 6538 codex
983 6485 1207 6538 membranaceus
1227 6483 1366 6537 stnlarii
1386 6484 1499 6537 Maximi
1518 6485 1617 6536 bonon.
1639 6484 1698 6535 iura
1719 6481 1877 6534 Communis
1897 6481 2048 6534 continens.

460 6695 529 6734 nors.
546 6697 579 6734 11.
1955 6686 1971 6733 4
