5544 7750
604 623 678 694 326

599 799 642 865 D.
667 800 834 865 Johanues
856 797 1055 881 Hermandi,
1079 796 1252 862 canonicus
1276 803 1482 884 carpentora-

707 907 835 972 6166616.

599 1015 640 1081 D.
665 1015 832 1081 Johauues
861 1015 899 1079 de
930 1015 1069 1098 Brocia,
1093 1013 1275 1100 prepositus
1306 1013 1481 1098 Calestrio,

704 1123 817 1188 doctor
839 1123 960 1208 legum.

596 1232 638 1297 D.
662 1232 828 1297 Johannes
853 1231 892 1296 de
915 1230 1068 1295 Forlivio.

596 1340 638 1406 D.
662 1340 829 1406 Johanues
853 1340 892 1404 de
916 1347 1027 1403 sancto
1053 1337 1250 1403 Guillielmo.

460 1475 462 1480 ’
596 1449 637 1514 D.
662 1448 829 1515 Johaunes
853 1447 966 1512 Marci.

596 1556 638 1622 D.
662 1556 830 1622 Johannes
852 1555 892 1620 de
916 1555 1054 1619 Beuton.

595 1665 637 1731 D.
663 1664 829 1729 Johannes
851 1663 891 1728 do
908 1661 1079 1745 Romaxio,
1096 1667 1201 1726 rector
1217 1659 1351 1726 ecclesie
1367 1667 1478 1724 666616

703 1771 825 1836 Crucis.

594 1881 636 1946 D.
660 1879 826 1944 Johaunes
849 1877 989 1942 Arnaldi
1011 1877 1050 1942 de
1074 1875 1210 1942 Assisio.

594 1988 636 2053 D.
659 1987 853 2052 Lambertus
877 1985 916 2049 de
941 1984 1135 2049 0166166616.

593 2097 681 2182 Mag.
705 2092 929 2180 Landulphus,
946 2092 1067 2158 domiui
1090 2092 1180 2178 Papa
1204 2091 1419 2156 subdiaconus
1443 2096 1476 2154 et

701 2202 899 2289 capellanus.

592 2311 634 2376 D.
658 2309 791 2376 166166
816 2308 855 2373 16
881 2307 985 2372 Senis.

591 2419 633 2484 D.
657 2417 848 2483 Lconardus
872 2416 993 2481 domiui
1016 2415 1182 2480 Richardi.

591 2527 632 2592 D.
657 2527 780 2592 Masius
805 2525 844 2590 16
868 2525 963 2590 Pisis.

591 2634 633 2700 D.
658 2634 821 2698 Mattheus
837 2633 877 2697 de
892 2631 1041 2714 Busaria,
1059 2629 1231 2696 canonicus
1248 2629 1474 2694 noviomensis.

590 2741 632 2807 D.
657 2742 821 2807 Mattheus
846 2739 1038 2806 Carazzolus
1062 2738 1102 2802 (16
1124 2736 1273 2824 Neapoli.

591 2849 632 2914 D.
656 2849 831 2930 Mattheus,
856 2847 1028 2912 canonicus
1053 2843 1298 2931 andegavensis.

590 2957 632 3022 D.
655 2957 833 3022 Merolinus
857 2955 978 3020 domini
1001 2954 1135 3019 1616616
1158 2953 1198 3017 16
1222 2951 1402 3018 Camerino.

589 3065 678 3151 Mag.
703 3064 792 3129 11661
816 3063 855 3128 16
878 3063 989 3127 Prato.

588 3172 631 3239 D.
655 3172 766 3237 Monte
790 3171 830 3235 de
854 3170 963 3234 Massa
986 3167 1156 3233 Trabaria.

588 3280 630 3345 D.
652 3280 793 3346 Obertus
810 3279 849 3343 de
867 3277 1040 3360 06666616,
1057 3275 1229 3341 666661666
1246 3275 1470 3341 belluacensis.

590 3388 632 3454 D.
658 3387 843 3453 Octohouus
867 3386 906 3450 de
929 3385 1113 3468 Placentia,
1137 3383 1310 3448 canonicus
1334 3384 1472 3448 suessio-

698 3495 817 3560 666616.

591 3604 632 3670 D.
658 3603 751 3670 Oddo
776 3600 959 3683 cardinalis,
982 3599 1067 3663 filius
1090 3598 1212 3663 domini
1235 3597 1379 3663 Oddonis
1403 3619 1472 3662 car·

698 3710 826 3774 dinalis.

590 3819 631 3884 D.
657 3818 749 3885 Oddo
775 3817 943 3902 06666166,
960 3815 1132 3880 666661666
1155 3820 1265 3879 666616
1282 3815 1384 3879 Marie
1400 3815 1470 3878 Ma·

694 3925 775 4010 joris
798 3925 838 3989 de
862 3923 962 3988 Urbe.

587 4033 630 4099 D.
654 4033 817 4099 Oliverius
841 4031 880 4095 de
904 4031 1079 4094 Aramone.

586 4140 628 4205 D.
653 4141 815 4206 Olirerius
840 4139 879 4203 de
902 4138 1018 4220 Bosco,
1043 4137 1201 4222 anglicus.

586 4247 628 4314 D.
653 4248 774 4335 Opizus
798 4247 837 4310 de
866 4245 1025 4327 06616116,
1050 4243 1222 4308 666661666
1253 4245 1469 4329 16666666616,

695 4355 806 4420 166166
829 4354 1041 4418 decretorum.

585 4462 628 4527 D.
653 4462 734 4528 Octo
760 4461 843 4526 Oldo
867 4461 906 4525 de
931 4459 1048 4524 066616
1071 4457 1331 4523 mediolanensis.

586 4570 629 4635 D.
653 4570 776 4634 Paulus
793 4569 832 4632 de
849 4567 1038 4650 Gaderossa,
1056 4566 1228 4631 canonicus
1244 4566 1468 4631 cavilonensis.

585 4678 627 4743 D.
651 4678 773 4743 Paulus
797 4675 918 4741 domini
942 4674 1086 4761 Philippi
1107 4674 1147 4738 de
1172 4673 1315 4760 Spoleto.

584 4785 626 4851 D.
649 4785 773 4850 Paulus
796 4783 836 4848 de
862 4782 1066 4869 Scrignasco.

584 4893 626 4957 D.
650 4892 802 4957 Perottus
827 4890 866 4955 do
890 4897 1001 4955 sancto
1024 4888 1188 4953 Pivcrino.

522 5007 524 5012 '
584 5001 672 5086 Mag.
696 5000 813 5063 Petrus
838 4998 878 5061 de
901 4997 1020 5062 Jauua.

582 5107 624 5172 D.
649 5106 766 5172 Petrus
790 5106 830 5170 de
855 5103 1016 5187 Treschis,
1040 5103 1212 5168 canonicus
1236 5103 1400 5170 uticensis.

545 5267 548 5274 ,
583 5215 625 5280 D.
649 5215 767 5279 Petrus
790 5214 830 5278 de
854 5213 976 5296 Marca,
999 5212 1170 5298 agenensis
1194 5211 1340 5276 (11666616.

581 5322 623 5387 Ι).
647 5321 765 5386 161666
788 5320 828 5386 16
851 5320 977 5402 Alosto,
1002 5319 1220 5405 provincialis.

581 5429 623 5494 D.
647 5429 764 5494 Petrus
788 5428 828 5492 de
852 5427 962 5492 Monte
979 5425 1149 5510 Guidouis,
1165 5426 1338 5491 canonicus
1354 5433 1466 5492 sancte

687 5535 903 5622 Radcgunde.

579 5644 621 5709 D.
646 5643 763 5707 Petrus
787 5642 827 5706 16
850 5641 973 5706 Reoho.

579 5750 621 5815 D.
644 5751 762 5814 Petrus
787 5748 930 5813 Geraldi.

578 5857 620 5922 D.
645 5857 763 5921 Petrus
784 5856 824 5921 16
848 5855 1002 5942 06661116.

578 5965 620 6030 D.
643 5964 761 6029 Petrus
785 5963 824 6028 16
848 5962 1059 6028 1666616666.

578 6072 619 6136 D.
643 6071 762 6136 Petrus
786 6071 825 6135 16
850 6070 1010 6154 06116616,
1035 6070 1213 6134 catalenus.

576 6180 619 6245 D.
642 6179 815 6264 Philippus
838 6179 877 6242 do
902 6178 1009 6243 016611
1031 6179 1071 6242 16
1095 6177 1191 6242 Pisis.

576 6287 618 6352 D.
641 6287 779 6351 Pontius
803 6287 842 6350 de
865 6286 1047 6351 Mirabello.

576 6394 618 6460 D.
642 6393 778 6458 Pontius
802 6393 966 6459 Fulconis.

574 6502 616 6567 D.
640 6501 777 6566 Pontius
802 6500 913 6566 Severi
937 6501 976 6566 de
1000 6501 1138 6566 Pooolis.

1295 641 1508 694 8010111118
1538 641 1741 694 munerans

1546 795 1588 860 D.
1612 796 1748 861 Pontius
1772 795 1931 862 Johauuis
1955 795 1994 860 16
2018 802 2128 860 666616
2154 795 2296 860 0166616.

1545 904 1587 969 D.
1611 904 1747 969 Pontius
1771 903 1891 968 domini
1916 902 2051 968 Antonii
2074 903 2113 968 16
2137 903 2358 968 Moutcfalchi.

1545 1012 1587 1077 D.
1610 1013 1747 1077 Pontius
1770 1011 1920 1076 Barnerii
1944 1011 1983 1076 16
2008 1011 2189 1076 Mirabello.

1545 1120 1586 1186 D.
1610 1121 1823 1207 Raymundus
1847 1120 1887 1185 de
1910 1120 2102 1204 Marmaria,
2126 1128 2296 1207 preceptor
2318 1121 2428 1184 valen-

1652 1230 1797 1295 11666616.

1543 1336 1586 1403 D.
1610 1336 1823 1423 Raymundus
1847 1337 1987 1420 Fredoli,
2012 1335 2185 1400 canonicus
2209 1337 2382 1420 agatensis.

1544 1444 1586 1510 D.
1610 1445 1823 1532 Raymundus
1847 1445 1887 1510 16
1910 1445 2023 1510 Portu.

1544 1550 1585 1616 D.
1608 1552 1821 1638 Raymundus
1847 1553 1886 1618 de
1910 1553 2071 1618 Treschis.

1544 1658 1586 1724 D.
1610 1659 1823 1746 Raymundus
1846 1661 2041 1726 Aldemaris.

1543 1766 1586 1832 D.
1609 1767 1822 1852 Raymundus
1845 1768 1885 1832 16
1909 1790 1934 1832 6.
1953 1768 2103 1849 Martiuo,
2127 1768 2393 1834 carcassonensis.

1542 1873 1584 1939 D.
1615 1874 1829 1960 Raymundus
1864 1874 2060 1961 066666616,
2085 1883 2254 1961 preceptor
2290 1875 2424 1940 valenti·

1651 1983 1768 2048 nensis.

1541 2090 1583 2155 D.
1606 2090 1838 2176 Raymundus,
1864 2091 2108 2156 archidiaconus
2144 2091 2423 2176 sandomiricnsis,

1648 2197 1687 2262 de
1711 2198 1859 2264 Polonia.

1539 2304 1581 2370 D.
1604 2305 1818 2392 Raymundus
1841 2305 1881 2370 de
1905 2304 2071 2370 Mortaria.

1539 2412 1581 2477 D.
1604 2413 1818 2498 Raymundus
1841 2413 1951 2496 Bovis,
1977 2413 2191 2499 girondensis.

1539 2520 1581 2586 D.
1605 2521 1795 2607 1661161166
1819 2521 1858 2585 16
1883 2521 2081 2606 0666666316
2105 2521 2145 2585 16
2169 2521 2361 2588 Mediolano.

1539 2629 1580 2694 D.
1605 2628 1788 2716 166666166
1813 2628 1975 2714 816316611,
2000 2628 2173 2694 666661666
2197 2631 2361 2696 remensis.

1537 2736 1579 2803 D.
1603 2737 1788 2823 Royuerius
1811 2737 1851 2802 de
1876 2737 2048 2802 1616111616.

1538 2844 1579 2909 Ι).
1603 2844 1786 2930 166666166
1809 2844 2014 2930 Β6611636611.

1538 2951 1626 3037 Mag.
1651 2951 1852 3037 Roginaldus
1876 2953 1915 3016 de
1939 2953 2142 3036 Vcrdcliaco,
2160 2955 2331 3019 canonicus
2353 2955 2421 3018 lau-

1645 3059 1808 3124 dunensis.

1537 3167 1578 3232 D.
1602 3167 1785 3232 Richardus
1808 3167 1848 3231 de
1871 3167 1975 3232 Ponte
2000 3169 2118 3234 Oorbo.

1536 3274 1578 3339 D.
1601 3275 1764 3340 Robertus
1788 3275 1827 3338 de
1852 3275 2010 3340 0666111116
2034 3277 2231 3342 6666666616.

1534 3382 1623 3468 Mag.
1647 3382 1840 3468 Rodulphus
1865 3383 1905 3446 de
1934 3383 2065 3468 Pargii,
2090 3386 2263 3450 canonicus
2294 3386 2418 3451 bellua-

1643 3489 1758 3554 censis.

1535 3596 1576 3661 D.
1601 3597 1761 3684 16366166
1786 3597 1889 3662 dictur
1906 3597 2040 3680 061666,
2057 3601 2229 3665 canonicus
2246 3602 2418 3670 furnensis.

1535 3704 1577 3770 D.
1601 3705 1721 3791 Rumpi
1744 3705 2054 3770 1616161166661661
2077 3705 2117 3770 16
2142 3707 2283 3793 8661616.

1534 3811 1576 3876 D.
1602 3812 1889 3877 81166166161161.

1533 3919 1576 3984 D.
1602 3919 1723 4002 Simon,
1748 3941 1855 3984 comcs
1879 3919 2019 4006 spanglf.

1533 4026 1576 4091 D.
1602 4026 1788 4091 Sinibaldus
1812 4027 1852 4091 de
1876 4027 1995 4092 Labro.

1534 4134 1575 4199 D.
1601 4134 1768 4200 Sorlionus
1792 4135 1831 4200 16
1855 4134 1973 4200 111666.

1533 4241 1575 4306 D.
1601 4241 1785 4328 Stephanus
1808 4242 1848 4306 de
1874 4243 2042 4329 Gagliaco,
2066 4244 2176 4330 legum
2199 4245 2319 4312 doctor.

1532 4349 1574 4413 D.
1600 4349 1889 4415 16116661661161
1915 4350 2064 4416 Simonis.

1531 4456 1574 4522 D.
1598 4456 1753 4522 16111166
1777 4457 1962 4540 16111666,
1987 4460 2159 4524 666661666
2184 4461 2415 4532 lincolniensis.

1532 4565 1621 4650 Mag.
1646 4564 1794 4628 Thomax
1817 4564 1976 4646 Donodci,
2001 4573 2118 4631 scotus.

1531 4670 1573 4735 D.
1598 4671 1747 4735 Thornax
1771 4672 1810 4735 de
1836 4671 1935 4736 Gioiis
1959 4672 1999 4736 de
2022 4672 2152 4738 Parma.

1530 4778 1619 4864 Mag.
1644 4779 1844 4842 Thomaxius
1868 4779 2032 4844 Balduini.

1531 4886 1618 4972 Mag.
1644 4886 1846 4951 Thonraxius
1870 4886 2009 4970 0616661,
2034 4888 2161 4972 anglus.

1530 4993 1585 5058 Fr.
1609 4993 1752 5058 0166166
1776 4993 1815 5057 16
1840 5001 1951 5058 666616
1976 4994 2153 5081 81661666,
2170 5017 2324 5063 monacus
2348 5000 2416 5066 frn-

1637 5101 1838 5165 ctuaricnsis.

1530 5207 1571 5272 D.
1597 5209 1700 5272 Zaous
1724 5208 1764 5272 de
1787 5208 1986 5273 Falconeriis
2009 5209 2049 5273 de
2073 5209 2249 5274 Florentia.

1822 5477 2119 5543 MOOLXXXVII.

1528 5745 1570 5810 D.
1594 5747 1707 5812 Abbas
1730 5748 1884 5831 16661161,
1908 5748 2081 5812 canonieus
2104 5769 2292 5814 aversanus.

1529 5855 1616 5940 Mag.
1643 5856 1871 5942 Aghinolphus
1895 5855 1934 5920 de
1958 5855 2074 5921 Roma.

1527 5962 1614 6048 Mag.
1638 5964 1831 6048 1661661666
1856 5964 2028 6048 Sanglerii,
2046 5964 2219 6029 canonicus
2243 5965 2412 6030 remensis.

1526 6069 1568 6134 D.
1593 6070 1735 6134 Alardus
1758 6070 1797 6134 de
1822 6070 2031 6158 0616163166,
2056 6072 2183 6156 663166.

1526 6177 1613 6263 Mag.
1638 6177 1793 6241 Alhertus
1817 6178 1856 6242 de
1880 6178 2036 6242 Muxello.

1524 6285 1613 6370 Mag.
1637 6285 1812 6349 Amaurius
1836 6285 2007 6349 Walcrani
2030 6285 2069 6349 de
2092 6286 2269 6351 Bclvacho.

1525 6391 1567 6457 D.
1591 6392 1788 6456 Beltrandus
1812 6392 1851 6457 16
1875 6392 2101 6478 1666663616.

1524 6498 1565 6563 D.
1578 6498 1775 6563 Beltrandus
1792 6499 1831 6564 de
1844 6499 2007 6583 Guardiis,
2021 6499 2195 6564 canonicus
2207 6500 2412 6565 mutinensis.
