5484 7746
1426 620 1666 672 neumare

729 771 812 837 Itcm
833 774 858 858 j.
883 774 1053 860 Digestum
1078 781 1180 838 vetus.

729 879 813 945 Item
837 902 936 945 unum
958 879 1047 945 aliud
1070 901 1128 968 por
1152 881 1372 946 Decretalium
1395 903 1468 946 oum
1492 881 1662 968 Apparatu
1685 882 1856 948 Bernerdi.

727 987 811 1054 Item
833 1010 933 1052 unum
957 1009 1016 1075 par
1038 987 1258 1052 Decretalium
1282 987 1454 1074 Mangotti.

728 1096 811 1161 Item
831 1097 857 1181 j.
880 1117 940 1182 par
962 1095 1183 1160 Decretalium
1206 1095 1433 1182 Antiquarum.

728 1201 812 1268 Item
835 1203 914 1268 dnos
938 1203 1096 1267 missales.

728 1309 811 1375 Item
835 1331 934 1374 unum
957 1310 1092 1374 Librum
1116 1309 1317 1374 Sermonum.

727 1417 810 1482 Item
833 1439 933 1482 unum
956 1417 1091 1482 Librum
1114 1417 1287 1482 Moralium
1310 1417 1413 1482 sancti
1437 1416 1600 1503 Gregorii.

727 1523 811 1590 Item
833 1525 984 1610 xxxviiij.
1010 1525 1208 1612 quintornoe.

727 1630 811 1697 Item
834 1633 914 1696 duos
938 1633 1074 1698 aesinos.

726 1739 809 1805 Item
832 1761 932 1804 unum
956 1739 1127 1805 cerdonem
1151 1739 1191 1804 de
1214 1745 1281 1804 sete
1295 1739 1344 1804 (¹).

726 1845 810 1912 Item
834 1868 933 1912 unum
957 1847 1090 1912 calicem
1114 1854 1304 1933 argenteum
1327 1847 1528 1912 deauratum.

726 1955 809 2018 Item
833 1955 867 2040 ij.
891 1954 1016 2041 petiues
1039 1955 1231 2020 heburneos.

727 2062 810 2128 Item
833 2083 931 2127 unam
955 2063 1085 2128 bursam
1108 2063 1148 2128 de
1173 2063 1259 2128 corio
1283 2063 1387 2149 nigro.

726 2169 810 2235 Item
831 2171 877 2255 iij.
903 2171 1016 2236 bursae
1040 2169 1079 2234 de
1104 2177 1182 2236 seta.

726 2278 809 2344 Item
833 2279 869 2363 ij.
892 2279 1006 2344 bursas
1029 2277 1069 2342 de
1092 2284 1162 2343 seta
1185 2278 1330 2343 laborate
1344 2275 1383 2342 (2)
1399 2299 1495 2364 super
1518 2298 1626 2364 panno
1649 2277 1689 2342 de
1714 2277 1790 2342 lino.

725 2385 808 2450 Item
832 2392 897 2450 tres
920 2385 1069 2450 h'ursclssl
1085 2384 1124 2450 de
1148 2393 1217 2450 seta
1241 2391 1355 2450 tesute.

726 2492 809 2557 Item
832 2513 930 2556 unam
953 2492 1085 2557 bursam
1108 2493 1148 2556 de
1173 2500 1243 2557 seta
1266 2492 1386 2557 factam
1410 2513 1430 2555 a
1453 2491 1626 2578 quarterio.

726 2601 808 2665 ltem
832 2600 912 2665 duos
935 2599 1072 2666 cnsincs.

724 2709 809 2773 Item
832 2729 931 2772 unam
952 2709 1096 2794 toaglam
1119 2729 1255 2794 parvam
1278 2728 1298 2772 a
1321 2706 1408 2772 disco
1432 2715 1463 2772 et
1484 2706 1509 2792 j.
1534 2728 1554 2772 a
1578 2728 1685 2790 manu,
1709 2713 1742 2772 et
1765 2707 1828 2772 dno
1851 2707 2038 2794 capitergia.

725 2816 809 2880 Item
832 2816 912 2880 dues
936 2817 1069 2880 cexhas.

724 2922 808 2989 Item
830 2945 931 2988 uuum
954 2922 1112 2989 amilon).

724 3030 808 3096 Item
832 3032 912 3095 duas
936 3031 1064 3097 tabulas
1087 3029 1155 3115 a[d]
1179 3030 1411 3095 comedendum
1434 3031 1595 3118 superius.

724 3139 809 3203 Item
831 3146 969 3224 quatuor
993 3145 1135 3224 vegetes.

723 3244 807 3311 Item
829 3246 898 3330 viij.
922 3245 1038 3310 asides.

724 3352 808 3418 Item
831 3353 894 3419 duc
918 3373 1022 3417 asera.

718 3461 803 3526 Item
825 3483 925 3526 unum
949 3461 1072 3526 discum
1095 3461 1162 3546 a[d]
1186 3461 1370 3548 legendum,
1394 3468 1426 3524 et
1448 3481 1547 3524 unam
1571 3459 1701 3544 rota[m]
1724 3460 1766 3524 ad
1790 3461 1966 3526 tenendum
1989 3461 2100 3526 libros.

718 3568 803 3632 Item
826 3589 926 3632 unum
949 3569 1120 3650 sericeum,
1144 3569 1178 3632 in
1202 3590 1265 3653 quo
1289 3574 1364 3632 sunt
1387 3567 1450 3632 dno
1473 3567 1597 3632 lebetes
1621 3567 1660 3632 dc
1685 3575 1789 3654 petra.

718 3676 802 3741 Item
822 3678 847 3762 j.
872 3677 1028 3763 patellam
1041 3677 1080 3740 (5)
1105 3684 1137 3740 et
1166 3697 1266 3740 unum
1295 3675 1531 3758 bennolum(⁶l‚
1556 3683 1592 3740 nt
1620 3676 1645 3760 j.
1669 3675 1861 3761 parolitum,
1886 3681 1918 3739 et
1939 3676 1965 3760 j.
1993 3675 2136 3740 catinum
2166 3676 2206 3740 de
2235 3697 2345 3760 ramo,
2370 3686 2403 3743 et
2429 3681 2456 3764 j.

631 3783 851 3870 stagnata[rn]‚
865 3785 889 3868 j.
907 3783 1022 3866 bacile,
1037 3785 1061 3869 j.
1079 3782 1294 3848 canevarieU)
1308 3783 1347 3847 de
1364 3783 1461 3866 ferro,
1476 3783 1500 3868 j.
1519 3783 1639 3869 spitum
1655 3782 1694 3846 de
1718 3782 1814 3866 ferro,
1828 3783 1854 3868 j.
1870 3781 2051 3868 gradellam
2066 3783 2105 3848 de
2122 3783 2219 3868 ferro,
2233 3785 2259 3870 j.
2276 3784 2456 3851 berhaoum

631 3891 828 3974 aocudittu,
851 3898 884 3956 et
905 3893 930 3977 j.
955 3892 1127 3956 cathenam
1150 3890 1189 3955 de
1214 3890 1314 3956 ferro.

719 3998 803 4064 Item
827 4006 892 4064 tres
915 4000 1066 4064 culcitras
1090 4006 1122 4064 et
1144 3999 1193 4084 iij.
1218 3999 1390 4085 capizales.

720 4106 804 4170 Item
827 4106 1053 4192 iiij.⁰‘auullos
1077 4107 1116 4171 de
1141 4127 1221 4171 anro
1245 4114 1276 4170 et
1299 4107 1324 4191 j.
1349 4107 1388 4170 de
1411 4113 1559 4192 argento.

719 4213 802 4278 Item
824 4215 849 4298 j.
875 4213 988 4277 Irisum
1012 4220 1214 4298 argenteum.

720 4321 803 4385 Item
825 4321 850 4406 j.
874 4329 1015 4385 tesutum
1039 4321 1287 4386 membratatum
1310 4321 1350 4385 dc
1374 4321 1645 4406 argentotsslcnm
1668 4320 1755 4385 liuba
1779 4329 1812 4386 et
1835 4321 1978 4408 euspello
2001 4342 2073 4384 cum
2098 4342 2164 4386 una
2186 4321 2287 4386 bursa
2309 4323 2350 4387 de
2371 4333 2455 4389 seta.

720 4427 804 4492 Item
828 4449 927 4492 tinum
951 4429 1149 4492 tamaritium
1172 4449 1244 4492 eum
1268 4450 1332 4492 nno
1355 4427 1504 4515 capizali.

722 4535 805 4599 Item
828 4557 885 4599 xx.
910 4536 1022 4600 corbes
1046 4535 1211 4600 frumenti.

721 4644 804 4709 Item
827 4644 912 4729 iiij.or
926 4643 1038 4708 corbes
1063 4644 1205 4730 segallis.

720 4751 804 4816 Item
826 4774 859 4815 x.
883 4752 996 4817 corbes
1020 4752 1106 4816 fabe.

720 4858 804 4924 Item
825 4880 924 4924 uuam
947 4859 1077 4923 situlam
1100 4859 1140 4923 de
1165 4881 1249 4945 aqua
1272 4867 1305 4924 et
1325 4860 1350 4944 j.
1375 4879 1496 4922 canam.

719 4967 803 5031 Item
826 4973 996 5052 argentum
1021 4967 1053 5030 in
1077 4966 1274 5048 mambretis,
1298 4964 1441 5053 euspello
1464 4972 1496 5029 et
1520 4965 1618 5030 liuba.

720 5076 803 5140 Item
828 5075 1094 5162 iiij.⁰‘pancerias
1119 5075 1158 5138 de
1183 5074 1279 5139 lerro.

720 5183 803 5248 Item
826 5183 918 5269 xviij.
943 5183 1057 5248 corbes
1080 5183 1195 5268 spelte.

719 5290 772 5354 Ex
795 5291 985 5355 istrnmento
1009 5289 1092 5353 dicte
1117 5289 1320 5371 confesionis,
1336 5289 1456 5376 scripto
1478 5309 1577 5352 manu
1599 5287 1749 5374 Dayuisij
1773 5287 1936 5372 quondam
1957 5287 2048 5352 Petri
2072 5287 2201 5354 (leveze
2218 5291 2348 5374 notarii,
2365 5293 2457 5358 facto

630 5398 726 5464 hodie
752 5397 783 5462 in
807 5398 901 5463 domo
925 5397 1080 5462 heredum
1104 5395 1269 5460 hliehelini
1299 5396 1339 5460 de
1369 5396 1609 5478 Laumaudino,
1632 5396 1836 5482 presentibus
1867 5395 1996 5460 dominc
2027 5395 2239 5460 Lambertino
2267 5398 2380 5482 jndice
2412 5401 2457 5466 de

630 5505 757 5585 Beruis,
773 5505 795 5572 J
797 5505 897 5570 acobo
921 5503 1084 5589 qnondam
1107 5503 1265 5566 chzonis
1287 5502 1412 5584 IIelicc,
1430 5502 1654 5587 Bombologno
1677 5502 1840 5588 quondam
1854 5501 1945 5566 Petri
1961 5501 2175 5586 Lambertini,
2190 5502 2369 5570 Francisco
2385 5507 2457 5572 filio

630 5614 751 5678 domini
774 5612 946 5698 Adigherij
970 5619 1002 5676 et
1025 5611 1216 5697 Bouapresa
1237 5610 1406 5676 Michaelis
1424 5610 1464 5674 de
1480 5608 1683 5674 Lamandino
1698 5609 1845 5692 testibus,
1861 5616 1894 5672 et
1909 5609 1955 5673 sic
1971 5609 2108 5695 predicti
2123 5609 2277 5676 dixerunt
2301 5620 2333 5676 et
2355 5615 2458 5678 scribi

631 5722 786 5786 fecerunt.

721 5828 783 5893 Die
807 5827 957 5892 mercurii
979 5847 1035 5890 xx.
1053 5825 1242 5890 decembris.
1258 5829 1310 5900 (ἵ
1321 5825 1437 5888 Frater
1459 5823 1649 5888 Albertinus
1672 5823 1813 5888 sindicus
1836 5830 1868 5887 et
1890 5831 2081 5910 procurator
2100 5825 2264 5910 generalis
2288 5826 2406 5891 domus
2422 5837 2459 5893 et

711 6135 749 6198 (l,
768 6135 784 6184 8
804 6138 831 6186 ct
851 6135 878 6198 8)
898 6133 951 6184 Sit.
1645 6131 1685 6193 (6)
1704 6127 1829 6179 Βανυιοῖα
1848 6132 1964 6192 tautuua
1983 6144 2033 6196 pro
2047 6143 2135 6194 parm
2153 6127 2251 6194 dnum,
2270 6129 2300 6181 in
2319 6132 2458 6199 gloectrio

711 6225 750 6288 (4)
770 6223 862 6273 ,irrite
880 6223 951 6275 idest
969 6224 1113 6273 set-inerms.
1563 6220 1748 6287 suprascripto
1768 6219 1884 6270 habetur
1903 6217 1941 6283 (1,
1952 6219 2025 6283 561).

713 6315 752 6379 (5)
772 6312 893 6364 terbum
922 6312 983 6373 boc,
1008 6313 1059 6364 hac
1088 6311 1295 6380 significatione,
1319 6311 1348 6362 iu
1374 6308 1514 6362 Glaesaria
1646 6312 1686 6376 (l)
1707 6310 1758 6361 Sic.

631 6407 665 6459 el.
685 6405 731 6456 Du
749 6402 841 6472 Gange
861 6402 1040 6466 desideratur,
1059 6403 1106 6454 sed
1122 6402 1225 6469 patella
1243 6418 1292 6470 pro
1311 6401 1392 6451 arula
1406 6405 1513 6452 uatum
1648 6402 1687 6465 (8)
1707 6399 1914 6451 Harudrmutum
1939 6398 2009 6449 idest
2034 6397 2080 6448 filo
2103 6397 2217 6450 lamella
2235 6403 2370 6468 argentea
2389 6420 2461 6457 eon.

631 6497 749 6548 notutur.
1569 6495 1683 6556 textum,
1702 6493 1733 6542 ut
1752 6490 1899 6540 marnbretc
1918 6488 2032 6541 inferius
2051 6503 2101 6556 pro
2119 6487 2239 6540 lamellis
2257 6493 2400 6546 uotum.
