<?xml version="1.0" encoding="UTF-8"?>
<!DOCTYPE html PUBLIC "-//W3C//DTD XHTML 1.0 Transitional//EN"
    "http://www.w3.org/TR/xhtml1/DTD/xhtml1-transitional.dtd">
<html xmlns="http://www.w3.org/1999/xhtml" xml:lang="en" lang="en">
 <head>
  <title>
</title>
<meta http-equiv="Content-Type" content="text/html;charset=utf-8" />
  <meta name='ocr-system' content='tesseract 3.04.00' />
  <meta name='ocr-capabilities' content='ocr_page ocr_carea ocr_par ocr_line ocrx_word'/>
</head>
<body>
  <div class='ocr_page' id='page_1' title='image "./declarisarchigy01albigoog_0086.png"; bbox 0 0 5492 7750; ppageno 0'>
   <div class='ocr_carea' id='block_1_1' title="bbox 575 637 1602 708">
    <p class='ocr_par' dir='ltr' id='par_1_1' title="bbox 575 637 1602 708">
     <span class='ocr_line' id='line_1_1' title="bbox 575 637 1602 708; baseline -0.002 0"><span class='ocrx_word' id='word_1_1' title='bbox 575 637 622 708; x_wconf 83' lang='grc'>76</span> <span class='ocrx_word' id='word_1_2' title='bbox 1363 655 1602 708; x_wconf 80' lang='lat' dir='ltr'>mouumnurn</span> 
     </span>
    </p>
   </div>
   <div class='ocr_carea' id='block_1_2' title="bbox 569 809 2465 3571">
    <p class='ocr_par' dir='ltr' id='par_1_2' title="bbox 569 809 2465 3571">
     <span class='ocr_line' id='line_1_2' title="bbox 575 809 2388 900; baseline 0.002 -26"><span class='ocrx_word' id='word_1_3' title='bbox 575 811 722 897; x_wconf 82' lang='lat' dir='ltr'>proxime</span> <span class='ocrx_word' id='word_1_4' title='bbox 747 811 874 874; x_wconf 84' lang='lat' dir='ltr'>venturi</span> <span class='ocrx_word' id='word_1_5' title='bbox 888 809 926 874; x_wconf 84' lang='lat'>(¹)</span> <span class='ocrx_word' id='word_1_6' title='bbox 950 819 982 874; x_wconf 89' lang='lat' dir='ltr'>ct</span> <span class='ocrx_word' id='word_1_7' title='bbox 1005 809 1145 874; x_wconf 87' lang='lat' dir='ltr'>finiendo</span> <span class='ocrx_word' id='word_1_8' title='bbox 1171 811 1276 896; x_wconf 90' lang='lat' dir='ltr'>ipsum</span> <span class='ocrx_word' id='word_1_9' title='bbox 1307 817 1381 874; x_wconf 90' lang='lat' dir='ltr'>ante</span> <span class='ocrx_word' id='word_1_10' title='bbox 1412 809 1540 874; x_wconf 82' lang='lat' dir='ltr'>Pascha</span> <span class='ocrx_word' id='word_1_11' title='bbox 1567 809 1793 875; x_wconf 90' lang='lat' dir='ltr'>Resurcsionis</span> <span class='ocrx_word' id='word_1_12' title='bbox 1816 809 1986 875; x_wconf 90' lang='lat' dir='ltr'>Dominice</span> <span class='ocrx_word' id='word_1_13' title='bbox 2010 811 2157 897; x_wconf 80' lang='lat' dir='ltr'>proxime</span> <span class='ocrx_word' id='word_1_14' title='bbox 2182 813 2314 877; x_wconf 88' lang='lat' dir='ltr'>instanti</span> <span class='ocrx_word' id='word_1_15' title='bbox 2337 837 2388 900; x_wconf 76' lang='lat' dir='ltr'>pei</span> 
     </span>
     <span class='ocr_line' id='line_1_3' title="bbox 576 917 2392 1004; baseline 0.001 -21"><span class='ocrx_word' id='word_1_16' title='bbox 576 926 630 984; x_wconf 93' lang='lat' dir='ltr'>oto</span> <span class='ocrx_word' id='word_1_17' title='bbox 654 918 732 982; x_wconf 92' lang='lat' dir='ltr'>dies.</span> <span class='ocrx_word' id='word_1_18' title='bbox 750 917 792 981; x_wconf 84' lang='lat' dir='ltr'>Ilt</span> <span class='ocrx_word' id='word_1_19' title='bbox 815 917 1034 1004; x_wconf 79' lang='lat' dir='ltr'>reincipiendo</span> <span class='ocrx_word' id='word_1_20' title='bbox 1058 917 1166 1002; x_wconf 86' lang='lat' dir='ltr'>legere</span> <span class='ocrx_word' id='word_1_21' title='bbox 1190 917 1311 980; x_wconf 88' lang='lat' dir='ltr'>dictum</span> <span class='ocrx_word' id='word_1_22' title='bbox 1335 917 1452 981; x_wconf 88' lang='lat' dir='ltr'>librum</span> <span class='ocrx_word' id='word_1_23' title='bbox 1476 917 1560 980; x_wconf 86' lang='lat' dir='ltr'>infra</span> <span class='ocrx_word' id='word_1_24' title='bbox 1584 925 1636 981; x_wconf 90' lang='lat' dir='ltr'>oto</span> <span class='ocrx_word' id='word_1_25' title='bbox 1657 917 1725 982; x_wconf 89' lang='lat' dir='ltr'>dies</span> <span class='ocrx_word' id='word_1_26' title='bbox 1748 925 1820 1003; x_wconf 90' lang='lat' dir='ltr'>post</span> <span class='ocrx_word' id='word_1_27' title='bbox 1844 917 1964 982; x_wconf 91' lang='lat' dir='ltr'>dictum</span> <span class='ocrx_word' id='word_1_28' title='bbox 1987 918 2125 1000; x_wconf 81' lang='lat' dir='ltr'>Pascha,</span> <span class='ocrx_word' id='word_1_29' title='bbox 2144 927 2176 982; x_wconf 91' lang='lat' dir='ltr'>et</span> <span class='ocrx_word' id='word_1_30' title='bbox 2191 921 2392 986; x_wconf 89' lang='lat' dir='ltr'>terminando</span> 
     </span>
     <span class='ocr_line' id='line_1_4' title="bbox 575 1023 2394 1111; baseline 0.002 -22"><span class='ocrx_word' id='word_1_31' title='bbox 575 1027 680 1111; x_wconf 93' lang='lat' dir='ltr'>ipsum</span> <span class='ocrx_word' id='word_1_32' title='bbox 705 1047 802 1111; x_wconf 88' lang='lat' dir='ltr'>quam</span> <span class='ocrx_word' id='word_1_33' title='bbox 825 1024 941 1088; x_wconf 89' lang='lat' dir='ltr'>melius</span> <span class='ocrx_word' id='word_1_34' title='bbox 964 1025 1099 1110; x_wconf 87' lang='lat' dir='ltr'>poterit,</span> <span class='ocrx_word' id='word_1_35' title='bbox 1125 1025 1186 1088; x_wconf 93' lang='lat' dir='ltr'>nisi</span> <span class='ocrx_word' id='word_1_36' title='bbox 1218 1023 1403 1088; x_wconf 88' lang='lat' dir='ltr'>infirmitate</span> <span class='ocrx_word' id='word_1_37' title='bbox 1436 1023 1533 1088; x_wconf 86' lang='lat' dir='ltr'>fuerit</span> <span class='ocrx_word' id='word_1_38' title='bbox 1564 1023 1746 1110; x_wconf 89' lang='lat' dir='ltr'>impeditus.</span> <span class='ocrx_word' id='word_1_39' title='bbox 1772 1024 1968 1088; x_wconf 85' lang='lat' dir='ltr'>Promittens</span> <span class='ocrx_word' id='word_1_40' title='bbox 1992 1027 2094 1090; x_wconf 89' lang='lat' dir='ltr'>eciam</span> <span class='ocrx_word' id='word_1_41' title='bbox 2119 1027 2222 1092; x_wconf 90' lang='lat' dir='ltr'>dictus</span> <span class='ocrx_word' id='word_1_42' title='bbox 2246 1028 2394 1093; x_wconf 88' lang='lat' dir='ltr'>dominus</span> 
     </span>
     <span class='ocr_line' id='line_1_5' title="bbox 576 1131 2394 1217; baseline 0.001 -20"><span class='ocrx_word' id='word_1_43' title='bbox 576 1133 758 1198; x_wconf 86' lang='lat' dir='ltr'>Chabrinus</span> <span class='ocrx_word' id='word_1_44' title='bbox 782 1132 886 1195; x_wconf 89' lang='lat' dir='ltr'>eidem</span> <span class='ocrx_word' id='word_1_45' title='bbox 911 1132 1065 1217; x_wconf 84' lang='lat' dir='ltr'>magistro</span> <span class='ocrx_word' id='word_1_46' title='bbox 1088 1131 1186 1196; x_wconf 87' lang='lat' dir='ltr'>Petro</span> <span class='ocrx_word' id='word_1_47' title='bbox 1211 1153 1274 1194; x_wconf 94' lang='lat' dir='ltr'>non</span> <span class='ocrx_word' id='word_1_48' title='bbox 1299 1131 1407 1216; x_wconf 85' lang='lat' dir='ltr'>legere</span> <span class='ocrx_word' id='word_1_49' title='bbox 1432 1131 1553 1194; x_wconf 91' lang='lat' dir='ltr'>dictum</span> <span class='ocrx_word' id='word_1_50' title='bbox 1576 1131 1694 1195; x_wconf 90' lang='lat' dir='ltr'>librum</span> <span class='ocrx_word' id='word_1_51' title='bbox 1717 1131 1966 1196; x_wconf 82' lang='lat' dir='ltr'>InstitucIonum</span> <span class='ocrx_word' id='word_1_52' title='bbox 1986 1132 2070 1197; x_wconf 81' lang='lat' dir='ltr'>inira</span> <span class='ocrx_word' id='word_1_53' title='bbox 2086 1133 2206 1198; x_wconf 81' lang='lat' dir='ltr'>dIctum</span> <span class='ocrx_word' id='word_1_54' title='bbox 2222 1135 2394 1199; x_wconf 78' lang='lat' dir='ltr'>termidum</span> 
     </span>
     <span class='ocr_line' id='line_1_6' title="bbox 574 1238 2393 1325; baseline 0.002 -21"><span class='ocrx_word' id='word_1_55' title='bbox 574 1240 608 1304; x_wconf 90' lang='lat' dir='ltr'>in</span> <span class='ocrx_word' id='word_1_56' title='bbox 632 1240 793 1325; x_wconf 81' lang='lat' dir='ltr'>aliquibus</span> <span class='ocrx_word' id='word_1_57' title='bbox 818 1240 935 1304; x_wconf 92' lang='lat' dir='ltr'>scholis</span> <span class='ocrx_word' id='word_1_58' title='bbox 959 1238 1012 1304; x_wconf 80' lang='lat' dir='ltr'>vel</span> <span class='ocrx_word' id='word_1_59' title='bbox 1035 1239 1113 1303; x_wconf 92' lang='lat' dir='ltr'>loeis</span> <span class='ocrx_word' id='word_1_60' title='bbox 1137 1239 1276 1303; x_wconf 86' lang='lat' dir='ltr'>civitatis</span> <span class='ocrx_word' id='word_1_61' title='bbox 1299 1239 1445 1304; x_wconf 89' lang='lat' dir='ltr'>Bononie</span> <span class='ocrx_word' id='word_1_62' title='bbox 1470 1259 1566 1324; x_wconf 87' lang='lat' dir='ltr'>quam</span> <span class='ocrx_word' id='word_1_63' title='bbox 1595 1239 1628 1303; x_wconf 92' lang='lat' dir='ltr'>in</span> <span class='ocrx_word' id='word_1_64' title='bbox 1658 1238 1829 1325; x_wconf 80' lang='lat' dir='ltr'>predictis,</span> <span class='ocrx_word' id='word_1_65' title='bbox 1853 1247 1885 1302; x_wconf 88' lang='lat' dir='ltr'>et</span> <span class='ocrx_word' id='word_1_66' title='bbox 1917 1261 1980 1303; x_wconf 87' lang='lat' dir='ltr'>nou</span> <span class='ocrx_word' id='word_1_67' title='bbox 2011 1240 2160 1304; x_wconf 83' lang='lat' dir='ltr'>recedere</span> <span class='ocrx_word' id='word_1_68' title='bbox 2192 1241 2231 1305; x_wconf 92' lang='lat' dir='ltr'>dc</span> <span class='ocrx_word' id='word_1_69' title='bbox 2264 1241 2393 1307; x_wconf 88' lang='lat' dir='ltr'>civitate</span> 
     </span>
     <span class='ocr_line' id='line_1_7' title="bbox 572 1347 2393 1434; baseline 0.002 -23"><span class='ocrx_word' id='word_1_70' title='bbox 572 1348 738 1429; x_wconf 85' lang='lat' dir='ltr'>Bononie3</span> <span class='ocrx_word' id='word_1_71' title='bbox 760 1348 788 1411; x_wconf 86' lang='lat' dir='ltr'>si</span> <span class='ocrx_word' id='word_1_72' title='bbox 812 1348 940 1412; x_wconf 89' lang='lat' dir='ltr'>recedet</span> <span class='ocrx_word' id='word_1_73' title='bbox 950 1348 999 1429; x_wconf 78' lang='lat'>(2),</span> <span class='ocrx_word' id='word_1_74' title='bbox 1016 1355 1092 1410; x_wconf 88' lang='lat' dir='ltr'>tunc</span> <span class='ocrx_word' id='word_1_75' title='bbox 1116 1347 1218 1433; x_wconf 89' lang='lat' dir='ltr'>possit</span> <span class='ocrx_word' id='word_1_76' title='bbox 1241 1355 1327 1410; x_wconf 87' lang='lat' dir='ltr'>stare</span> <span class='ocrx_word' id='word_1_77' title='bbox 1352 1354 1384 1410; x_wconf 90' lang='lat' dir='ltr'>et</span> <span class='ocrx_word' id='word_1_78' title='bbox 1407 1347 1526 1410; x_wconf 89' lang='lat' dir='ltr'>morari</span> <span class='ocrx_word' id='word_1_79' title='bbox 1550 1353 1643 1410; x_wconf 76' lang='lat' dir='ltr'>extra</span> <span class='ocrx_word' id='word_1_80' title='bbox 1667 1347 1832 1411; x_wconf 82' lang='lat' dir='ltr'>civitatem</span> <span class='ocrx_word' id='word_1_81' title='bbox 1854 1347 2000 1412; x_wconf 86' lang='lat' dir='ltr'>Bononio</span> <span class='ocrx_word' id='word_1_82' title='bbox 2024 1370 2082 1434; x_wconf 90' lang='lat' dir='ltr'>per</span> <span class='ocrx_word' id='word_1_83' title='bbox 2106 1355 2158 1413; x_wconf 90' lang='lat' dir='ltr'>oto</span> <span class='ocrx_word' id='word_1_84' title='bbox 2183 1349 2261 1430; x_wconf 86' lang='lat' dir='ltr'>dies,</span> <span class='ocrx_word' id='word_1_85' title='bbox 2279 1357 2311 1414; x_wconf 87' lang='lat' dir='ltr'>et</span> <span class='ocrx_word' id='word_1_86' title='bbox 2330 1373 2393 1414; x_wconf 91' lang='lat' dir='ltr'>non</span> 
     </span>
     <span class='ocr_line' id='line_1_8' title="bbox 575 1453 2393 1540; baseline 0.001 -22"><span class='ocrx_word' id='word_1_87' title='bbox 575 1455 671 1536; x_wconf 85' lang='lat' dir='ltr'>ultra,</span> <span class='ocrx_word' id='word_1_88' title='bbox 696 1454 943 1519; x_wconf 89' lang='lat' dir='ltr'>chonstituendo</span> <span class='ocrx_word' id='word_1_89' title='bbox 968 1453 1039 1536; x_wconf 83' lang='lat' dir='ltr'>sibi,</span> <span class='ocrx_word' id='word_1_90' title='bbox 1057 1475 1128 1518; x_wconf 90' lang='lat' dir='ltr'>cum</span> <span class='ocrx_word' id='word_1_91' title='bbox 1152 1454 1314 1536; x_wconf 87' lang='lat' dir='ltr'>receserit,</span> <span class='ocrx_word' id='word_1_92' title='bbox 1332 1453 1494 1539; x_wconf 87' lang='lat' dir='ltr'>ydoneum</span> <span class='ocrx_word' id='word_1_93' title='bbox 1517 1453 1736 1536; x_wconf 88' lang='lat' dir='ltr'>substitutum,</span> <span class='ocrx_word' id='word_1_94' title='bbox 1753 1461 1888 1538; x_wconf 80' lang='lat' dir='ltr'>excepto</span> <span class='ocrx_word' id='word_1_95' title='bbox 1913 1475 2009 1540; x_wconf 89' lang='lat' dir='ltr'>quam</span> <span class='ocrx_word' id='word_1_96' title='bbox 2034 1455 2065 1518; x_wconf 90' lang='lat' dir='ltr'>iu</span> <span class='ocrx_word' id='word_1_97' title='bbox 2090 1454 2172 1520; x_wconf 84' lang='lat' dir='ltr'>festo</span> <span class='ocrx_word' id='word_1_98' title='bbox 2195 1455 2393 1540; x_wconf 78' lang='lat' dir='ltr'>Natiuitatis,</span> 
     </span>
     <span class='ocr_line' id='line_1_9' title="bbox 574 1559 2393 1647; baseline 0.001 -21"><span class='ocrx_word' id='word_1_99' title='bbox 574 1562 626 1626; x_wconf 80' lang='lat' dir='ltr'>vel</span> <span class='ocrx_word' id='word_1_100' title='bbox 652 1561 878 1626; x_wconf 86' lang='lat' dir='ltr'>Resuresionis</span> <span class='ocrx_word' id='word_1_101' title='bbox 910 1560 1090 1625; x_wconf 90' lang='lat' dir='ltr'>Dominice.</span> <span class='ocrx_word' id='word_1_102' title='bbox 1114 1561 1291 1625; x_wconf 80' lang='lat' dir='ltr'>Versavice</span> <span class='ocrx_word' id='word_1_103' title='bbox 1322 1561 1426 1624; x_wconf 86' lang='lat' dir='ltr'>dietus</span> <span class='ocrx_word' id='word_1_104' title='bbox 1458 1559 1605 1624; x_wconf 91' lang='lat' dir='ltr'>dominus</span> <span class='ocrx_word' id='word_1_105' title='bbox 1637 1561 1792 1646; x_wconf 90' lang='lat' dir='ltr'>magister</span> <span class='ocrx_word' id='word_1_106' title='bbox 1822 1561 1940 1624; x_wconf 89' lang='lat' dir='ltr'>Petrus</span> <span class='ocrx_word' id='word_1_107' title='bbox 1971 1563 2117 1647; x_wconf 90' lang='lat' dir='ltr'>promisit</span> <span class='ocrx_word' id='word_1_108' title='bbox 2148 1562 2234 1626; x_wconf 89' lang='lat' dir='ltr'>dicto</span> <span class='ocrx_word' id='word_1_109' title='bbox 2265 1563 2393 1628; x_wconf 92' lang='lat' dir='ltr'>domino</span> 
     </span>
     <span class='ocr_line' id='line_1_10' title="bbox 575 1667 2393 1755; baseline 0 -21"><span class='ocrx_word' id='word_1_110' title='bbox 575 1669 739 1734; x_wconf 89' lang='lat' dir='ltr'>Chabrino</span> <span class='ocrx_word' id='word_1_111' title='bbox 763 1668 840 1732; x_wconf 85' lang='lat' dir='ltr'>dare</span> <span class='ocrx_word' id='word_1_112' title='bbox 865 1669 969 1732; x_wconf 90' lang='lat' dir='ltr'>eidem</span> <span class='ocrx_word' id='word_1_113' title='bbox 993 1668 1120 1732; x_wconf 89' lang='lat' dir='ltr'>scholas</span> <span class='ocrx_word' id='word_1_114' title='bbox 1144 1668 1244 1732; x_wconf 90' lang='lat' dir='ltr'>libere</span> <span class='ocrx_word' id='word_1_115' title='bbox 1269 1675 1301 1731; x_wconf 92' lang='lat' dir='ltr'>et</span> <span class='ocrx_word' id='word_1_116' title='bbox 1325 1667 1424 1731; x_wconf 91' lang='lat' dir='ltr'>semel</span> <span class='ocrx_word' id='word_1_117' title='bbox 1448 1668 1480 1730; x_wconf 92' lang='lat' dir='ltr'>in</span> <span class='ocrx_word' id='word_1_118' title='bbox 1504 1667 1556 1730; x_wconf 92' lang='lat' dir='ltr'>die</span> <span class='ocrx_word' id='word_1_119' title='bbox 1579 1667 1654 1731; x_wconf 92' lang='lat' dir='ltr'>hine</span> <span class='ocrx_word' id='word_1_120' title='bbox 1678 1667 1719 1730; x_wconf 89' lang='lat' dir='ltr'>ad</span> <span class='ocrx_word' id='word_1_121' title='bbox 1743 1667 1862 1732; x_wconf 90' lang='lat' dir='ltr'>dictum</span> <span class='ocrx_word' id='word_1_122' title='bbox 1887 1669 2069 1732; x_wconf 91' lang='lat' dir='ltr'>terminum.</span> <span class='ocrx_word' id='word_1_123' title='bbox 2085 1669 2160 1734; x_wconf 87' lang='lat' dir='ltr'>Non</span> <span class='ocrx_word' id='word_1_124' title='bbox 2176 1669 2318 1755; x_wconf 89' lang='lat' dir='ltr'>recipere</span> <span class='ocrx_word' id='word_1_125' title='bbox 2335 1670 2393 1734; x_wconf 84' lang='lat' dir='ltr'>ali-</span> 
     </span>
     <span class='ocr_line' id='line_1_11' title="bbox 574 1773 2394 1863; baseline 0.001 -23"><span class='ocrx_word' id='word_1_126' title='bbox 574 1798 670 1863; x_wconf 86' lang='lat' dir='ltr'>quem</span> <span class='ocrx_word' id='word_1_127' title='bbox 693 1777 855 1860; x_wconf 87' lang='lat' dir='ltr'>legentem</span> <span class='ocrx_word' id='word_1_128' title='bbox 879 1775 999 1840; x_wconf 90' lang='lat' dir='ltr'>dictum</span> <span class='ocrx_word' id='word_1_129' title='bbox 1023 1774 1140 1838; x_wconf 89' lang='lat' dir='ltr'>librum</span> <span class='ocrx_word' id='word_1_130' title='bbox 1165 1775 1197 1838; x_wconf 91' lang='lat' dir='ltr'>in</span> <span class='ocrx_word' id='word_1_131' title='bbox 1220 1774 1313 1838; x_wconf 85' lang='lat' dir='ltr'>dictis</span> <span class='ocrx_word' id='word_1_132' title='bbox 1337 1774 1455 1838; x_wconf 92' lang='lat' dir='ltr'>scholis</span> <span class='ocrx_word' id='word_1_133' title='bbox 1480 1774 1571 1857; x_wconf 87' lang='lat' dir='ltr'>hora,</span> <span class='ocrx_word' id='word_1_134' title='bbox 1596 1796 1694 1860; x_wconf 89' lang='lat' dir='ltr'>quam</span> <span class='ocrx_word' id='word_1_135' title='bbox 1718 1775 1785 1860; x_wconf 77' lang='lat' dir='ltr'>ipae</span> <span class='ocrx_word' id='word_1_136' title='bbox 1809 1773 1957 1839; x_wconf 86' lang='lat' dir='ltr'>domiuus</span> <span class='ocrx_word' id='word_1_137' title='bbox 1982 1775 2164 1840; x_wconf 88' lang='lat' dir='ltr'>Chabrinus</span> <span class='ocrx_word' id='word_1_138' title='bbox 2181 1777 2242 1842; x_wconf 90' lang='lat' dir='ltr'>sibi</span> <span class='ocrx_word' id='word_1_139' title='bbox 2259 1777 2394 1862; x_wconf 84' lang='lat' dir='ltr'>elegerit</span> 
     </span>
     <span class='ocr_line' id='line_1_12' title="bbox 573 1881 2393 1971; baseline 0 -23"><span class='ocrx_word' id='word_1_140' title='bbox 573 1906 632 1971; x_wconf 91' lang='lat' dir='ltr'>pro</span> <span class='ocrx_word' id='word_1_141' title='bbox 649 1884 733 1948; x_wconf 93' lang='lat' dir='ltr'>dicto</span> <span class='ocrx_word' id='word_1_142' title='bbox 750 1884 832 1947; x_wconf 89' lang='lat' dir='ltr'>libro</span> <span class='ocrx_word' id='word_1_143' title='bbox 849 1883 997 1968; x_wconf 86' lang='lat' dir='ltr'>legendo,</span> <span class='ocrx_word' id='word_1_144' title='bbox 1014 1882 1090 1946; x_wconf 90' lang='lat' dir='ltr'>dum</span> <span class='ocrx_word' id='word_1_145' title='bbox 1106 1881 1201 1947; x_wconf 93' lang='lat' dir='ltr'>modo</span> <span class='ocrx_word' id='word_1_146' title='bbox 1219 1905 1281 1947; x_wconf 93' lang='lat' dir='ltr'>non</span> <span class='ocrx_word' id='word_1_147' title='bbox 1299 1885 1399 1968; x_wconf 90' lang='lat' dir='ltr'>possit</span> <span class='ocrx_word' id='word_1_148' title='bbox 1416 1885 1483 1969; x_wconf 90' lang='lat' dir='ltr'>ipse</span> <span class='ocrx_word' id='word_1_149' title='bbox 1500 1884 1647 1948; x_wconf 91' lang='lat' dir='ltr'>dominus</span> <span class='ocrx_word' id='word_1_150' title='bbox 1665 1881 1846 1946; x_wconf 88' lang='lat' dir='ltr'>Chabrinus</span> <span class='ocrx_word' id='word_1_151' title='bbox 1863 1882 1976 1946; x_wconf 88' lang='lat' dir='ltr'>horam</span> <span class='ocrx_word' id='word_1_152' title='bbox 1992 1882 2052 1946; x_wconf 90' lang='lat' dir='ltr'>sibi</span> <span class='ocrx_word' id='word_1_153' title='bbox 2069 1905 2127 1969; x_wconf 90' lang='lat' dir='ltr'>per</span> <span class='ocrx_word' id='word_1_154' title='bbox 2143 1905 2216 1947; x_wconf 91' lang='lat' dir='ltr'>cum</span> <span class='ocrx_word' id='word_1_155' title='bbox 2237 1884 2393 1968; x_wconf 88' lang='lat' dir='ltr'>elleta[m]</span> 
     </span>
     <span class='ocr_line' id='line_1_13' title="bbox 574 1987 2394 2078; baseline 0.001 -24"><span class='ocrx_word' id='word_1_156' title='bbox 574 1997 711 2054; x_wconf 85' lang='lat' dir='ltr'>mutare.</span> <span class='ocrx_word' id='word_1_157' title='bbox 735 1990 819 2054; x_wconf 83' lang='lat' dir='ltr'>Item</span> <span class='ocrx_word' id='word_1_158' title='bbox 843 1989 929 2074; x_wconf 87' lang='lat' dir='ltr'>qnod</span> <span class='ocrx_word' id='word_1_159' title='bbox 952 1988 1116 2074; x_wconf 80' lang='lat' dir='ltr'>permittet</span> <span class='ocrx_word' id='word_1_160' title='bbox 1140 1987 1208 2073; x_wconf 89' lang='lat' dir='ltr'>ipse</span> <span class='ocrx_word' id='word_1_161' title='bbox 1232 1989 1388 2074; x_wconf 86' lang='lat' dir='ltr'>magister</span> <span class='ocrx_word' id='word_1_162' title='bbox 1410 1989 1527 2053; x_wconf 88' lang='lat' dir='ltr'>Petrus</span> <span class='ocrx_word' id='word_1_163' title='bbox 1552 1989 1657 2053; x_wconf 89' lang='lat' dir='ltr'>eidem</span> <span class='ocrx_word' id='word_1_164' title='bbox 1681 1988 1810 2052; x_wconf 89' lang='lat' dir='ltr'>domino</span> <span class='ocrx_word' id='word_1_165' title='bbox 1834 1987 1998 2052; x_wconf 87' lang='lat' dir='ltr'>Chabriae</span> <span class='ocrx_word' id='word_1_166' title='bbox 2021 1989 2128 2053; x_wconf 84' lang='lat' dir='ltr'>facere</span> <span class='ocrx_word' id='word_1_167' title='bbox 2152 1989 2312 2054; x_wconf 87' lang='lat' dir='ltr'>choletam</span> <span class='ocrx_word' id='word_1_168' title='bbox 2336 2013 2394 2078; x_wconf 93' lang='lat' dir='ltr'>pro</span> 
     </span>
     <span class='ocr_line' id='line_1_14' title="bbox 573 2095 2392 2182; baseline 0.001 -21"><span class='ocrx_word' id='word_1_169' title='bbox 573 2099 645 2182; x_wconf 87' lang='lat' dir='ltr'>ejus</span> <span class='ocrx_word' id='word_1_170' title='bbox 669 2097 788 2161; x_wconf 84' lang='lat' dir='ltr'>salario</span> <span class='ocrx_word' id='word_1_171' title='bbox 813 2119 832 2160; x_wconf 89' lang='lat' dir='ltr'>a</span> <span class='ocrx_word' id='word_1_172' title='bbox 856 2095 1058 2160; x_wconf 81' lang='lat' dir='ltr'>scholaribus</span> <span class='ocrx_word' id='word_1_173' title='bbox 1082 2095 1123 2158; x_wconf 90' lang='lat' dir='ltr'>ab</span> <span class='ocrx_word' id='word_1_174' title='bbox 1148 2116 1186 2159; x_wconf 91' lang='lat' dir='ltr'>eo</span> <span class='ocrx_word' id='word_1_175' title='bbox 1210 2096 1415 2159; x_wconf 87' lang='lat' dir='ltr'>audientibus</span> <span class='ocrx_word' id='word_1_176' title='bbox 1440 2096 1560 2160; x_wconf 92' lang='lat' dir='ltr'>dictum</span> <span class='ocrx_word' id='word_1_177' title='bbox 1584 2095 1702 2159; x_wconf 90' lang='lat' dir='ltr'>librum</span> <span class='ocrx_word' id='word_1_178' title='bbox 1726 2095 1824 2158; x_wconf 86' lang='lat' dir='ltr'>tocies</span> <span class='ocrx_word' id='word_1_179' title='bbox 1845 2095 1975 2180; x_wconf 90' lang='lat' dir='ltr'>quocies</span> <span class='ocrx_word' id='word_1_180' title='bbox 1991 2095 2053 2159; x_wconf 92' lang='lat' dir='ltr'>sibi</span> <span class='ocrx_word' id='word_1_181' title='bbox 2068 2096 2237 2182; x_wconf 81' lang='lat' dir='ltr'>placuerit,</span> <span class='ocrx_word' id='word_1_182' title='bbox 2253 2097 2392 2163; x_wconf 91' lang='lat' dir='ltr'>dumodo</span> 
     </span>
     <span class='ocr_line' id='line_1_15' title="bbox 573 2201 2393 2290; baseline 0 -22"><span class='ocrx_word' id='word_1_183' title='bbox 573 2227 636 2269; x_wconf 92' lang='lat' dir='ltr'>non</span> <span class='ocrx_word' id='word_1_184' title='bbox 662 2206 767 2290; x_wconf 84' lang='lat' dir='ltr'>esigat</span> <span class='ocrx_word' id='word_1_185' title='bbox 791 2204 851 2268; x_wconf 90' lang='lat' dir='ltr'>nisi</span> <span class='ocrx_word' id='word_1_186' title='bbox 875 2203 974 2267; x_wconf 91' lang='lat' dir='ltr'>semel</span> <span class='ocrx_word' id='word_1_187' title='bbox 999 2203 1159 2266; x_wconf 91' lang='lat' dir='ltr'>choletam</span> <span class='ocrx_word' id='word_1_188' title='bbox 1185 2203 1225 2266; x_wconf 87' lang='lat' dir='ltr'>ab</span> <span class='ocrx_word' id='word_1_189' title='bbox 1250 2203 1358 2287; x_wconf 85' lang='lat' dir='ltr'>aliquo</span> <span class='ocrx_word' id='word_1_190' title='bbox 1383 2203 1578 2266; x_wconf 86' lang='lat' dir='ltr'>scholarium</span> <span class='ocrx_word' id='word_1_191' title='bbox 1603 2203 1706 2268; x_wconf 91' lang='lat' dir='ltr'>abeo</span> <span class='ocrx_word' id='word_1_192' title='bbox 1731 2201 1934 2266; x_wconf 88' lang='lat' dir='ltr'>audiencium</span> <span class='ocrx_word' id='word_1_193' title='bbox 1958 2203 2078 2267; x_wconf 89' lang='lat' dir='ltr'>dietum</span> <span class='ocrx_word' id='word_1_194' title='bbox 2101 2204 2219 2268; x_wconf 90' lang='lat' dir='ltr'>librum</span> <span class='ocrx_word' id='word_1_195' title='bbox 2239 2226 2297 2290; x_wconf 92' lang='lat' dir='ltr'>pro</span> <span class='ocrx_word' id='word_1_196' title='bbox 2313 2227 2393 2269; x_wconf 79' lang='lat' dir='ltr'>riua-</span> 
     </span>
     <span class='ocr_line' id='line_1_16' title="bbox 574 2309 2394 2398; baseline 0 -22"><span class='ocrx_word' id='word_1_197' title='bbox 574 2333 702 2398; x_wconf 86' lang='lat' dir='ltr'>quaque</span> <span class='ocrx_word' id='word_1_198' title='bbox 725 2312 841 2395; x_wconf 87' lang='lat' dir='ltr'>letura,</span> <span class='ocrx_word' id='word_1_199' title='bbox 859 2317 890 2374; x_wconf 91' lang='lat' dir='ltr'>et</span> <span class='ocrx_word' id='word_1_200' title='bbox 915 2309 1002 2396; x_wconf 89' lang='lat' dir='ltr'>qnod</span> <span class='ocrx_word' id='word_1_201' title='bbox 1025 2310 1189 2395; x_wconf 87' lang='lat' dir='ltr'>permittet</span> <span class='ocrx_word' id='word_1_202' title='bbox 1212 2310 1241 2372; x_wconf 92' lang='lat' dir='ltr'>ei</span> <span class='ocrx_word' id='word_1_203' title='bbox 1264 2317 1394 2394; x_wconf 87' lang='lat' dir='ltr'>portare</span> <span class='ocrx_word' id='word_1_204' title='bbox 1420 2310 1537 2373; x_wconf 91' lang='lat' dir='ltr'>librum</span> <span class='ocrx_word' id='word_1_205' title='bbox 1561 2331 1617 2374; x_wconf 89' lang='lat' dir='ltr'>seu</span> <span class='ocrx_word' id='word_1_206' title='bbox 1642 2310 1741 2374; x_wconf 91' lang='lat' dir='ltr'>libros</span> <span class='ocrx_word' id='word_1_207' title='bbox 1765 2309 1961 2373; x_wconf 82' lang='lat' dir='ltr'>scholarium</span> <span class='ocrx_word' id='word_1_208' title='bbox 1983 2309 2044 2374; x_wconf 91' lang='lat' dir='ltr'>sibi</span> <span class='ocrx_word' id='word_1_209' title='bbox 2068 2311 2250 2374; x_wconf 80' lang='lat' dir='ltr'>volcacium</span> <span class='ocrx_word' id='word_1_210' title='bbox 2265 2313 2394 2376; x_wconf 84' lang='lat' dir='ltr'>satisfa-</span> 
     </span>
     <span class='ocr_line' id='line_1_17' title="bbox 573 2416 2465 2506; baseline 0 -23"><span class='ocrx_word' id='word_1_211' title='bbox 573 2441 645 2483; x_wconf 88' lang='lat' dir='ltr'>cere</span> <span class='ocrx_word' id='word_1_212' title='bbox 669 2418 708 2482; x_wconf 95' lang='lat' dir='ltr'>de</span> <span class='ocrx_word' id='word_1_213' title='bbox 733 2418 833 2506; x_wconf 91' lang='lat' dir='ltr'>ipsius</span> <span class='ocrx_word' id='word_1_214' title='bbox 858 2417 977 2481; x_wconf 91' lang='lat' dir='ltr'>salario</span> <span class='ocrx_word' id='word_1_215' title='bbox 1002 2423 1034 2482; x_wconf 87' lang='lat' dir='ltr'>et</span> <span class='ocrx_word' id='word_1_216' title='bbox 1057 2417 1179 2500; x_wconf 86' lang='lat' dir='ltr'>labore,</span> <span class='ocrx_word' id='word_1_217' title='bbox 1203 2425 1235 2480; x_wconf 93' lang='lat' dir='ltr'>et</span> <span class='ocrx_word' id='word_1_218' title='bbox 1260 2416 1319 2481; x_wconf 88' lang='lat' dir='ltr'>ilos</span> <span class='ocrx_word' id='word_1_219' title='bbox 1342 2425 1452 2480; x_wconf 87' lang='lat' dir='ltr'>tenere</span> <span class='ocrx_word' id='word_1_220' title='bbox 1477 2417 1579 2480; x_wconf 91' lang='lat' dir='ltr'>donec</span> <span class='ocrx_word' id='word_1_221' title='bbox 1604 2417 1706 2480; x_wconf 90' lang='lat' dir='ltr'>eidem</span> <span class='ocrx_word' id='word_1_222' title='bbox 1733 2416 1830 2480; x_wconf 83' lang='lat' dir='ltr'>luerit</span> <span class='ocrx_word' id='word_1_223' title='bbox 1863 2417 1904 2480; x_wconf 96' lang='lat' dir='ltr'>ab</span> <span class='ocrx_word' id='word_1_224' title='bbox 1935 2417 2013 2502; x_wconf 75' lang='lat' dir='ltr'>ipsis</span> <span class='ocrx_word' id='word_1_225' title='bbox 2045 2417 2169 2502; x_wconf 83' lang='lat' dir='ltr'>integre</span> <span class='ocrx_word' id='word_1_226' title='bbox 2200 2418 2392 2484; x_wconf 85' lang='lat' dir='ltr'>satisfatum.</span> <span class='ocrx_word' id='word_1_227' title='bbox 2450 2481 2465 2492; x_wconf 79' lang='grc'>,,</span> 
     </span>
     <span class='ocr_line' id='line_1_18' title="bbox 572 2523 2393 2610; baseline 0 -20"><span class='ocrx_word' id='word_1_228' title='bbox 572 2526 674 2590; x_wconf 85' lang='lat' dir='ltr'>Facta</span> <span class='ocrx_word' id='word_1_229' title='bbox 697 2548 774 2591; x_wconf 73' lang='lat' dir='ltr'>sero</span> <span class='ocrx_word' id='word_1_230' title='bbox 799 2525 904 2590; x_wconf 90' lang='lat' dir='ltr'>eidem</span> <span class='ocrx_word' id='word_1_231' title='bbox 928 2524 1092 2588; x_wconf 87' lang='lat' dir='ltr'>solucione</span> <span class='ocrx_word' id='word_1_232' title='bbox 1117 2524 1158 2587; x_wconf 90' lang='lat' dir='ltr'>ab</span> <span class='ocrx_word' id='word_1_233' title='bbox 1182 2523 1274 2610; x_wconf 86' lang='lat' dir='ltr'>ipsis,</span> <span class='ocrx_word' id='word_1_234' title='bbox 1299 2531 1448 2588; x_wconf 81' lang='lat' dir='ltr'>teneatur</span> <span class='ocrx_word' id='word_1_235' title='bbox 1479 2525 1525 2588; x_wconf 84' lang='lat' dir='ltr'>eis</span> <span class='ocrx_word' id='word_1_236' title='bbox 1557 2525 1726 2588; x_wconf 86' lang='lat' dir='ltr'>restituere</span> <span class='ocrx_word' id='word_1_237' title='bbox 1758 2524 1844 2609; x_wconf 88' lang='lat' dir='ltr'>ipsos</span> <span class='ocrx_word' id='word_1_238' title='bbox 1875 2523 1985 2588; x_wconf 91' lang='lat' dir='ltr'>libros.</span> <span class='ocrx_word' id='word_1_239' title='bbox 2009 2523 2163 2588; x_wconf 88' lang='lat' dir='ltr'>Preterea</span> <span class='ocrx_word' id='word_1_240' title='bbox 2194 2525 2255 2590; x_wconf 90' lang='lat' dir='ltr'>hoc</span> <span class='ocrx_word' id='word_1_241' title='bbox 2286 2534 2393 2590; x_wconf 89' lang='lat' dir='ltr'>actum</span> 
     </span>
     <span class='ocr_line' id='line_1_19' title="bbox 572 2629 2392 2718; baseline 0 -21"><span class='ocrx_word' id='word_1_242' title='bbox 572 2633 672 2698; x_wconf 89' lang='lat' dir='ltr'>estitit</span> <span class='ocrx_word' id='word_1_243' title='bbox 696 2633 779 2696; x_wconf 88' lang='lat' dir='ltr'>inter</span> <span class='ocrx_word' id='word_1_244' title='bbox 803 2633 866 2715; x_wconf 89' lang='lat' dir='ltr'>eis,</span> <span class='ocrx_word' id='word_1_245' title='bbox 892 2631 978 2718; x_wconf 94' lang='lat' dir='ltr'>quod</span> <span class='ocrx_word' id='word_1_246' title='bbox 1006 2631 1109 2694; x_wconf 92' lang='lat' dir='ltr'>dictus</span> <span class='ocrx_word' id='word_1_247' title='bbox 1142 2630 1289 2693; x_wconf 87' lang='lat' dir='ltr'>dominus</span> <span class='ocrx_word' id='word_1_248' title='bbox 1317 2631 1480 2694; x_wconf 83' lang='lat' dir='ltr'>Gabrinus</span> <span class='ocrx_word' id='word_1_249' title='bbox 1513 2652 1576 2694; x_wconf 93' lang='lat' dir='ltr'>non</span> <span class='ocrx_word' id='word_1_250' title='bbox 1608 2631 1692 2716; x_wconf 90' lang='lat' dir='ltr'>posit</span> <span class='ocrx_word' id='word_1_251' title='bbox 1723 2630 1915 2716; x_wconf 87' lang='lat' dir='ltr'>compellere</span> <span class='ocrx_word' id='word_1_252' title='bbox 1948 2629 2089 2716; x_wconf 89' lang='lat' dir='ltr'>aliquem</span> <span class='ocrx_word' id='word_1_253' title='bbox 2120 2653 2161 2695; x_wconf 85' lang='lat' dir='ltr'>ex</span> <span class='ocrx_word' id='word_1_254' title='bbox 2193 2633 2392 2697; x_wconf 85' lang='lat' dir='ltr'>scholaribus</span> 
     </span>
     <span class='ocr_line' id='line_1_20' title="bbox 570 2737 2393 2822; baseline 0 -19"><span class='ocrx_word' id='word_1_255' title='bbox 570 2741 752 2804; x_wconf 90' lang='lat' dir='ltr'>intrinsecis</span> <span class='ocrx_word' id='word_1_256' title='bbox 776 2740 975 2804; x_wconf 88' lang='lat' dir='ltr'>abitantibus</span> <span class='ocrx_word' id='word_1_257' title='bbox 1000 2739 1032 2802; x_wconf 93' lang='lat' dir='ltr'>in</span> <span class='ocrx_word' id='word_1_258' title='bbox 1056 2738 1149 2801; x_wconf 88' lang='lat' dir='ltr'>dictis</span> <span class='ocrx_word' id='word_1_259' title='bbox 1173 2737 1293 2801; x_wconf 88' lang='lat' dir='ltr'>scholis</span> <span class='ocrx_word' id='word_1_260' title='bbox 1316 2760 1389 2801; x_wconf 90' lang='lat' dir='ltr'>eum</span> <span class='ocrx_word' id='word_1_261' title='bbox 1413 2739 1497 2802; x_wconf 89' lang='lat' dir='ltr'>dicto</span> <span class='ocrx_word' id='word_1_262' title='bbox 1531 2739 1685 2822; x_wconf 86' lang='lat' dir='ltr'>magistro</span> <span class='ocrx_word' id='word_1_263' title='bbox 1716 2737 1826 2821; x_wconf 90' lang='lat' dir='ltr'>Petro,</span> <span class='ocrx_word' id='word_1_264' title='bbox 1851 2744 1883 2801; x_wconf 88' lang='lat' dir='ltr'>et</span> <span class='ocrx_word' id='word_1_265' title='bbox 1910 2737 1951 2801; x_wconf 86' lang='lat' dir='ltr'>ab</span> <span class='ocrx_word' id='word_1_266' title='bbox 1979 2759 2017 2801; x_wconf 92' lang='lat' dir='ltr'>eo</span> <span class='ocrx_word' id='word_1_267' title='bbox 2045 2739 2250 2803; x_wconf 85' lang='lat' dir='ltr'>audientibus</span> <span class='ocrx_word' id='word_1_268' title='bbox 2273 2740 2393 2804; x_wconf 91' lang='lat' dir='ltr'>dictum</span> 
     </span>
     <span class='ocr_line' id='line_1_21' title="bbox 571 2844 2393 2934; baseline 0 -24"><span class='ocrx_word' id='word_1_269' title='bbox 571 2847 690 2910; x_wconf 87' lang='lat' dir='ltr'>librum</span> <span class='ocrx_word' id='word_1_270' title='bbox 713 2847 754 2910; x_wconf 87' lang='lat' dir='ltr'>ad</span> <span class='ocrx_word' id='word_1_271' title='bbox 779 2846 975 2910; x_wconf 88' lang='lat' dir='ltr'>solucionem</span> <span class='ocrx_word' id='word_1_272' title='bbox 1000 2846 1061 2909; x_wconf 91' lang='lat' dir='ltr'>sibi</span> <span class='ocrx_word' id='word_1_273' title='bbox 1086 2844 1127 2908; x_wconf 88' lang='lat' dir='ltr'>ab</span> <span class='ocrx_word' id='word_1_274' title='bbox 1152 2846 1197 2909; x_wconf 90' lang='lat' dir='ltr'>cis</span> <span class='ocrx_word' id='word_1_275' title='bbox 1222 2845 1405 2908; x_wconf 86' lang='lat' dir='ltr'>faciendam</span> <span class='ocrx_word' id='word_1_276' title='bbox 1428 2845 1513 2908; x_wconf 87' lang='lat' dir='ltr'>ultra</span> <span class='ocrx_word' id='word_1_277' title='bbox 1538 2845 1751 2930; x_wconf 84' lang='lat' dir='ltr'>quantitatem</span> <span class='ocrx_word' id='word_1_278' title='bbox 1778 2853 1831 2908; x_wconf 90' lang='lat' dir='ltr'>oto</span> <span class='ocrx_word' id='word_1_279' title='bbox 1864 2844 2039 2908; x_wconf 91' lang='lat' dir='ltr'>solidorum</span> <span class='ocrx_word' id='word_1_280' title='bbox 2070 2845 2310 2910; x_wconf 91' lang='lat' dir='ltr'>bononeuorum</span> <span class='ocrx_word' id='word_1_281' title='bbox 2335 2869 2393 2934; x_wconf 90' lang='lat' dir='ltr'>pro</span> 
     </span>
     <span class='ocr_line' id='line_1_22' title="bbox 571 2951 2393 3040; baseline 0.001 -24"><span class='ocrx_word' id='word_1_282' title='bbox 571 2954 716 3040; x_wconf 88' lang='lat' dir='ltr'>qualibet</span> <span class='ocrx_word' id='word_1_283' title='bbox 739 2954 853 3017; x_wconf 87' lang='lat' dir='ltr'>letura.</span> <span class='ocrx_word' id='word_1_284' title='bbox 872 2954 942 3027; x_wconf 87' lang='lat' dir='ltr'>Que</span> <span class='ocrx_word' id='word_1_285' title='bbox 967 2953 1076 3016; x_wconf 88' lang='lat' dir='ltr'>omnia</span> <span class='ocrx_word' id='word_1_286' title='bbox 1100 2959 1131 3015; x_wconf 91' lang='lat' dir='ltr'>et</span> <span class='ocrx_word' id='word_1_287' title='bbox 1156 2953 1285 3036; x_wconf 86' lang='lat' dir='ltr'>singula</span> <span class='ocrx_word' id='word_1_288' title='bbox 1310 2953 1530 3038; x_wconf 86' lang='lat' dir='ltr'>suprascripta</span> <span class='ocrx_word' id='word_1_289' title='bbox 1554 2952 1701 3037; x_wconf 89' lang='lat' dir='ltr'>promisit</span> <span class='ocrx_word' id='word_1_290' title='bbox 1725 2974 1808 3015; x_wconf 90' lang='lat' dir='ltr'>nnus</span> <span class='ocrx_word' id='word_1_291' title='bbox 1832 2952 1926 3015; x_wconf 88' lang='lat' dir='ltr'>alteri</span> <span class='ocrx_word' id='word_1_292' title='bbox 1946 2951 1986 3016; x_wconf 89' lang='lat' dir='ltr'>ad</span> <span class='ocrx_word' id='word_1_293' title='bbox 2004 2951 2141 3016; x_wconf 84' lang='lat' dir='ltr'>Invicem</span> <span class='ocrx_word' id='word_1_294' title='bbox 2159 2954 2322 3018; x_wconf 86' lang='lat' dir='ltr'>solenibus</span> <span class='ocrx_word' id='word_1_295' title='bbox 2338 2955 2393 3018; x_wconf 85' lang='lat' dir='ltr'>sti-</span> 
     </span>
     <span class='ocr_line' id='line_1_23' title="bbox 570 3059 2393 3148; baseline 0 -23"><span class='ocrx_word' id='word_1_296' title='bbox 570 3061 791 3148; x_wconf 86' lang='lat' dir='ltr'>pulationibus</span> <span class='ocrx_word' id='word_1_297' title='bbox 815 3060 888 3124; x_wconf 92' lang='lat' dir='ltr'>hinc</span> <span class='ocrx_word' id='word_1_298' title='bbox 914 3060 988 3124; x_wconf 91' lang='lat' dir='ltr'>inde</span> <span class='ocrx_word' id='word_1_299' title='bbox 1011 3059 1317 3141; x_wconf 86' lang='lat' dir='ltr'>intervenientibus,</span> <span class='ocrx_word' id='word_1_300' title='bbox 1343 3061 1434 3123; x_wconf 87' lang='lat' dir='ltr'>firmo</span> <span class='ocrx_word' id='word_1_301' title='bbox 1459 3069 1490 3124; x_wconf 90' lang='lat' dir='ltr'>et</span> <span class='ocrx_word' id='word_1_302' title='bbox 1513 3069 1585 3123; x_wconf 87' lang='lat' dir='ltr'>rata</span> <span class='ocrx_word' id='word_1_303' title='bbox 1609 3059 1747 3142; x_wconf 87' lang='lat' dir='ltr'>habere,</span> <span class='ocrx_word' id='word_1_304' title='bbox 1772 3060 1831 3123; x_wconf 90' lang='lat' dir='ltr'>sub</span> <span class='ocrx_word' id='word_1_305' title='bbox 1863 3081 1947 3145; x_wconf 86' lang='lat' dir='ltr'>pena</span> <span class='ocrx_word' id='word_1_306' title='bbox 1979 3060 2213 3146; x_wconf 86' lang='lat' dir='ltr'>quinquaginta</span> <span class='ocrx_word' id='word_1_307' title='bbox 2237 3061 2393 3126; x_wconf 87' lang='lat' dir='ltr'>librorum</span> 
     </span>
     <span class='ocr_line' id='line_1_24' title="bbox 569 3167 2392 3250; baseline 0 -17"><span class='ocrx_word' id='word_1_308' title='bbox 569 3169 813 3233; x_wconf 89' lang='lat' dir='ltr'>bononenorum</span> <span class='ocrx_word' id='word_1_309' title='bbox 838 3189 879 3231; x_wconf 87' lang='lat' dir='ltr'>ex</span> <span class='ocrx_word' id='word_1_310' title='bbox 904 3168 1116 3231; x_wconf 87' lang='lat' dir='ltr'>instrumento</span> <span class='ocrx_word' id='word_1_311' title='bbox 1141 3167 1298 3231; x_wconf 88' lang='lat' dir='ltr'>Anthonii</span> <span class='ocrx_word' id='word_1_312' title='bbox 1321 3167 1496 3230; x_wconf 88' lang='lat' dir='ltr'>Rolandini</span> <span class='ocrx_word' id='word_1_313' title='bbox 1528 3167 1757 3231; x_wconf 80' lang='lat' dir='ltr'>Beneventum</span> <span class='ocrx_word' id='word_1_314' title='bbox 1789 3167 1921 3250; x_wconf 88' lang='lat' dir='ltr'>notarii,</span> <span class='ocrx_word' id='word_1_315' title='bbox 1946 3167 2042 3231; x_wconf 92' lang='lat' dir='ltr'>hodie</span> <span class='ocrx_word' id='word_1_316' title='bbox 2073 3167 2159 3232; x_wconf 87' lang='lat' dir='ltr'>facto</span> <span class='ocrx_word' id='word_1_317' title='bbox 2190 3168 2336 3233; x_wconf 86' lang='lat' dir='ltr'>Bononia</span> <span class='ocrx_word' id='word_1_318' title='bbox 2361 3169 2392 3233; x_wconf 96' lang='lat' dir='ltr'>in</span> 
     </span>
     <span class='ocr_line' id='line_1_25' title="bbox 571 3273 2393 3361; baseline 0.001 -21"><span class='ocrx_word' id='word_1_319' title='bbox 571 3276 678 3340; x_wconf 89' lang='lat' dir='ltr'>curtili</span> <span class='ocrx_word' id='word_1_320' title='bbox 701 3275 954 3357; x_wconf 80' lang='lat' dir='ltr'>Parauensium,</span> <span class='ocrx_word' id='word_1_321' title='bbox 971 3275 1174 3361; x_wconf 89' lang='lat' dir='ltr'>presentibus</span> <span class='ocrx_word' id='word_1_322' title='bbox 1199 3275 1327 3338; x_wconf 91' lang='lat' dir='ltr'>domino</span> <span class='ocrx_word' id='word_1_323' title='bbox 1350 3275 1506 3358; x_wconf 85' lang='lat' dir='ltr'>magistro</span> <span class='ocrx_word' id='word_1_324' title='bbox 1531 3275 1660 3338; x_wconf 86' lang='lat' dir='ltr'>Isolano</span> <span class='ocrx_word' id='word_1_325' title='bbox 1682 3275 1721 3338; x_wconf 92' lang='lat' dir='ltr'>de</span> <span class='ocrx_word' id='word_1_326' title='bbox 1739 3273 1904 3356; x_wconf 82' lang='lat' dir='ltr'>Trident0,</span> <span class='ocrx_word' id='word_1_327' title='bbox 1921 3274 2089 3339; x_wconf 88' lang='lat' dir='ltr'>Bertoloto</span> <span class='ocrx_word' id='word_1_328' title='bbox 2113 3275 2152 3340; x_wconf 92' lang='lat' dir='ltr'>de</span> <span class='ocrx_word' id='word_1_329' title='bbox 2173 3274 2337 3340; x_wconf 89' lang='lat' dir='ltr'>Ghiroldis</span> <span class='ocrx_word' id='word_1_330' title='bbox 2354 3276 2393 3341; x_wconf 92' lang='lat' dir='ltr'>dc</span> 
     </span>
     <span class='ocr_line' id='line_1_26' title="bbox 570 3381 2392 3468; baseline 0 -21"><span class='ocrx_word' id='word_1_331' title='bbox 570 3382 740 3464; x_wconf 83' lang='lat' dir='ltr'>Cremona,</span> <span class='ocrx_word' id='word_1_332' title='bbox 756 3382 919 3467; x_wconf 88' lang='lat' dir='ltr'>Pasquale</span> <span class='ocrx_word' id='word_1_333' title='bbox 943 3382 983 3446; x_wconf 90' lang='lat' dir='ltr'>de</span> <span class='ocrx_word' id='word_1_334' title='bbox 1007 3381 1160 3446; x_wconf 87' lang='lat' dir='ltr'>Chariola</span> <span class='ocrx_word' id='word_1_335' title='bbox 1183 3382 1223 3445; x_wconf 91' lang='lat' dir='ltr'>de</span> <span class='ocrx_word' id='word_1_336' title='bbox 1248 3381 1397 3465; x_wconf 80' lang='lat' dir='ltr'>Trivisio,</span> <span class='ocrx_word' id='word_1_337' title='bbox 1415 3382 1499 3446; x_wconf 89' lang='lat' dir='ltr'>Buto</span> <span class='ocrx_word' id='word_1_338' title='bbox 1523 3381 1562 3445; x_wconf 91' lang='lat' dir='ltr'>dc</span> <span class='ocrx_word' id='word_1_339' title='bbox 1584 3381 1765 3464; x_wconf 87' lang='lat' dir='ltr'>Floreucia,</span> <span class='ocrx_word' id='word_1_340' title='bbox 1783 3388 1814 3445; x_wconf 90' lang='lat' dir='ltr'>et</span> <span class='ocrx_word' id='word_1_341' title='bbox 1830 3382 1981 3447; x_wconf 81' lang='lat' dir='ltr'>Iohanne</span> <span class='ocrx_word' id='word_1_342' title='bbox 1997 3381 2159 3468; x_wconf 87' lang='lat' dir='ltr'>Bompare</span> <span class='ocrx_word' id='word_1_343' title='bbox 2176 3383 2322 3447; x_wconf 87' lang='lat' dir='ltr'>testibus.</span> <span class='ocrx_word' id='word_1_344' title='bbox 2340 3383 2392 3447; x_wconf 86' lang='lat' dir='ltr'>Sic</span> 
     </span>
     <span class='ocr_line' id='line_1_27' title="bbox 569 3488 2045 3571; baseline 0 -17"><span class='ocrx_word' id='word_1_345' title='bbox 569 3490 646 3554; x_wconf 90' lang='lat' dir='ltr'>dicti</span> <span class='ocrx_word' id='word_1_346' title='bbox 671 3497 875 3554; x_wconf 88' lang='lat' dir='ltr'>coutracntes</span> <span class='ocrx_word' id='word_1_347' title='bbox 900 3510 965 3552; x_wconf 93' lang='lat' dir='ltr'>una</span> <span class='ocrx_word' id='word_1_348' title='bbox 989 3510 1062 3553; x_wconf 91' lang='lat' dir='ltr'>cum</span> <span class='ocrx_word' id='word_1_349' title='bbox 1086 3488 1171 3554; x_wconf 88' lang='lat' dir='ltr'>dicto</span> <span class='ocrx_word' id='word_1_350' title='bbox 1196 3489 1321 3552; x_wconf 86' lang='lat' dir='ltr'>notario</span> <span class='ocrx_word' id='word_1_351' title='bbox 1346 3495 1513 3571; x_wconf 79' lang='lat' dir='ltr'>venerunt,</span> <span class='ocrx_word' id='word_1_352' title='bbox 1538 3489 1689 3554; x_wconf 84' lang='lat' dir='ltr'>dixerunt</span> <span class='ocrx_word' id='word_1_353' title='bbox 1713 3498 1745 3552; x_wconf 93' lang='lat' dir='ltr'>et</span> <span class='ocrx_word' id='word_1_354' title='bbox 1768 3489 1866 3552; x_wconf 90' lang='lat' dir='ltr'>scribi</span> <span class='ocrx_word' id='word_1_355' title='bbox 1889 3489 2045 3554; x_wconf 86' lang='lat' dir='ltr'>fecerunt.</span> 
     </span>
    </p>
   </div>
   <div class='ocr_carea' id='block_1_3' title="bbox 773 3810 2143 4323">
    <p class='ocr_par' dir='ltr' id='par_1_3' title="bbox 773 3810 2143 4323">
     <span class='ocr_line' id='line_1_28' title="bbox 1401 3810 1559 3874; baseline 0 0"><span class='ocrx_word' id='word_1_356' title='bbox 1401 3810 1559 3874; x_wconf 82' lang='lat' dir='ltr'>XLVIII.</span> 
     </span>
     <span class='ocr_line' id='line_1_29' title="bbox 1341 4026 1621 4106; baseline 0.004 -18"><span class='ocrx_word' id='word_1_357' title='bbox 1341 4027 1438 4106; x_wconf 80' lang='lat'>1297,</span> <span class='ocrx_word' id='word_1_358' title='bbox 1464 4026 1507 4088; x_wconf 87' lang='grc'>21</span> <span class='ocrx_word' id='word_1_359' title='bbox 1531 4027 1621 4089; x_wconf 75' lang='lat' dir='ltr'>ideali.</span> 
     </span>
     <span class='ocr_line' id='line_1_30' title="bbox 773 4239 2143 4323; baseline -0.002 -18"><span class='ocrx_word' id='word_1_360' title='bbox 773 4240 826 4305; x_wconf 85' lang='lat' dir='ltr'>Ex</span> <span class='ocrx_word' id='word_1_361' title='bbox 850 4239 1026 4304; x_wconf 88' lang='lat' dir='ltr'>Tabulario</span> <span class='ocrx_word' id='word_1_362' title='bbox 1050 4239 1139 4304; x_wconf 84' lang='lat' dir='ltr'>Mox.</span> <span class='ocrx_word' id='word_1_363' title='bbox 1163 4240 1257 4322; x_wconf 87' lang='lat' dir='ltr'>ben,</span> <span class='ocrx_word' id='word_1_364' title='bbox 1283 4240 1550 4323; x_wconf 75' lang='lat' dir='ltr'>Refornnulionum</span> <span class='ocrx_word' id='word_1_365' title='bbox 1576 4239 1632 4303; x_wconf 93' lang='lat' dir='ltr'>lib.</span> <span class='ocrx_word' id='word_1_366' title='bbox 1657 4239 1687 4303; x_wconf 88' lang='lat' dir='ltr'><strong>A</strong></span> <span class='ocrx_word' id='word_1_367' title='bbox 1711 4239 1750 4322; x_wconf 84' lang='lat'>†,</span> <span class='ocrx_word' id='word_1_368' title='bbox 1775 4261 1801 4304; x_wconf 92' lang='lat' dir='ltr'>c.</span> <span class='ocrx_word' id='word_1_369' title='bbox 1828 4241 1891 4302; x_wconf 89' lang='grc'>313</span> <span class='ocrx_word' id='word_1_370' title='bbox 1917 4261 1942 4303; x_wconf 92' lang='lat' dir='ltr'>r.</span> <span class='ocrx_word' id='word_1_371' title='bbox 1967 4245 1999 4303; x_wconf 89' lang='lat' dir='ltr'>et</span> <span class='ocrx_word' id='word_1_372' title='bbox 2023 4242 2087 4303; x_wconf 87' lang='lat'>315</span> <span class='ocrx_word' id='word_1_373' title='bbox 2112 4261 2143 4302; x_wconf 82' lang='lat' dir='ltr'>v.</span> 
     </span>
    </p>
   </div>
   <div class='ocr_carea' id='block_1_4' title="bbox 567 4453 2390 5292">
    <p class='ocr_par' dir='ltr' id='par_1_4' title="bbox 570 4453 2390 4645">
     <span class='ocr_line' id='line_1_31' title="bbox 658 4453 2390 4540; baseline 0 -22"><span class='ocrx_word' id='word_1_374' title='bbox 658 4454 830 4518; x_wconf 86' lang='lat' dir='ltr'>Millesimo</span> <span class='ocrx_word' id='word_1_375' title='bbox 855 4455 1074 4519; x_wconf 88' lang='lat' dir='ltr'>ducentesimo</span> <span class='ocrx_word' id='word_1_376' title='bbox 1099 4453 1308 4538; x_wconf 82' lang='lat' dir='ltr'>nonagesimo</span> <span class='ocrx_word' id='word_1_377' title='bbox 1333 4455 1486 4540; x_wconf 90' lang='lat' dir='ltr'>septimo,</span> <span class='ocrx_word' id='word_1_378' title='bbox 1512 4453 1686 4518; x_wconf 88' lang='lat' dir='ltr'>indictione</span> <span class='ocrx_word' id='word_1_379' title='bbox 1714 4453 1856 4536; x_wconf 90' lang='lat' dir='ltr'>decima,</span> <span class='ocrx_word' id='word_1_380' title='bbox 1881 4454 1932 4517; x_wconf 91' lang='lat' dir='ltr'>die</span> <span class='ocrx_word' id='word_1_381' title='bbox 1956 4453 2112 4539; x_wconf 75' lang='lat' dir='ltr'>vigesimo</span> <span class='ocrx_word' id='word_1_382' title='bbox 2139 4453 2242 4540; x_wconf 89' lang='lat' dir='ltr'>primo</span> <span class='ocrx_word' id='word_1_383' title='bbox 2271 4456 2390 4518; x_wconf 88' lang='lat' dir='ltr'>mensis</span> 
     </span>
     <span class='ocr_line' id='line_1_32' title="bbox 570 4562 663 4645; baseline 0 -20"><span class='ocrx_word' id='word_1_384' title='bbox 570 4562 663 4645; x_wconf 89' lang='lat' dir='ltr'>iunij.</span> 
     </span>
    </p>

    <p class='ocr_par' dir='ltr' id='par_1_5' title="bbox 567 4667 2389 5292">
     <span class='ocr_line' id='line_1_33' title="bbox 659 4667 2388 4754; baseline -0.001 -22"><span class='ocrx_word' id='word_1_385' title='bbox 659 4668 836 4732; x_wconf 83' lang='lat' dir='ltr'>Consilium</span> <span class='ocrx_word' id='word_1_386' title='bbox 864 4668 975 4753; x_wconf 92' lang='lat' dir='ltr'>populi</span> <span class='ocrx_word' id='word_1_387' title='bbox 999 4675 1030 4731; x_wconf 89' lang='lat' dir='ltr'>et</span> <span class='ocrx_word' id='word_1_388' title='bbox 1054 4667 1161 4730; x_wconf 80' lang='lat' dir='ltr'>Ilasse</span> <span class='ocrx_word' id='word_1_389' title='bbox 1193 4667 1304 4754; x_wconf 93' lang='lat' dir='ltr'>populi</span> <span class='ocrx_word' id='word_1_390' title='bbox 1335 4668 1473 4732; x_wconf 84' lang='lat' dir='ltr'>civitatis</span> <span class='ocrx_word' id='word_1_391' title='bbox 1505 4667 1651 4731; x_wconf 88' lang='lat' dir='ltr'>Bononio</span> <span class='ocrx_word' id='word_1_392' title='bbox 1683 4668 1760 4732; x_wconf 85' lang='lat' dir='ltr'>fecit</span> <span class='ocrx_word' id='word_1_393' title='bbox 1790 4667 1937 4730; x_wconf 87' lang='lat' dir='ltr'>dominus</span> <span class='ocrx_word' id='word_1_394' title='bbox 1961 4667 2128 4732; x_wconf 84' lang='lat' dir='ltr'>Iohannes</span> <span class='ocrx_word' id='word_1_395' title='bbox 2159 4668 2198 4731; x_wconf 92' lang='lat' dir='ltr'>de</span> <span class='ocrx_word' id='word_1_396' title='bbox 2229 4668 2388 4750; x_wconf 83' lang='lat' dir='ltr'>Bolseno,</span> 
     </span>
     <span class='ocr_line' id='line_1_34' title="bbox 569 4774 2389 4861; baseline 0 -22"><span class='ocrx_word' id='word_1_397' title='bbox 569 4775 679 4840; x_wconf 84' lang='lat' dir='ltr'>Judex</span> <span class='ocrx_word' id='word_1_398' title='bbox 702 4783 733 4838; x_wconf 91' lang='lat' dir='ltr'>et</span> <span class='ocrx_word' id='word_1_399' title='bbox 756 4775 907 4838; x_wconf 79' lang='lat' dir='ltr'>Vicarius</span> <span class='ocrx_word' id='word_1_400' title='bbox 934 4774 1060 4838; x_wconf 89' lang='lat' dir='ltr'>Nobilis</span> <span class='ocrx_word' id='word_1_401' title='bbox 1089 4775 1149 4838; x_wconf 86' lang='lat' dir='ltr'>viri</span> <span class='ocrx_word' id='word_1_402' title='bbox 1178 4774 1298 4838; x_wconf 93' lang='lat' dir='ltr'>domini</span> <span class='ocrx_word' id='word_1_403' title='bbox 1325 4774 1461 4838; x_wconf 89' lang='lat' dir='ltr'>Berardi</span> <span class='ocrx_word' id='word_1_404' title='bbox 1489 4775 1528 4838; x_wconf 90' lang='lat' dir='ltr'>de</span> <span class='ocrx_word' id='word_1_405' title='bbox 1558 4775 1730 4839; x_wconf 85' lang='lat' dir='ltr'>Camarina</span> <span class='ocrx_word' id='word_1_406' title='bbox 1759 4774 1957 4838; x_wconf 89' lang='lat' dir='ltr'>honorabilis</span> <span class='ocrx_word' id='word_1_407' title='bbox 1981 4775 2150 4860; x_wconf 85' lang='lat' dir='ltr'>Capitonei</span> <span class='ocrx_word' id='word_1_408' title='bbox 2178 4775 2302 4861; x_wconf 87' lang='lat' dir='ltr'>popullj</span> <span class='ocrx_word' id='word_1_409' title='bbox 2325 4775 2389 4839; x_wconf 92' lang='lat' dir='ltr'>Bo-</span> 
     </span>
     <span class='ocr_line' id='line_1_35' title="bbox 568 4881 2389 4968; baseline -0.001 -20"><span class='ocrx_word' id='word_1_410' title='bbox 568 4883 663 4948; x_wconf 92' lang='lat' dir='ltr'>nonie</span> <span class='ocrx_word' id='word_1_411' title='bbox 694 4883 725 4945; x_wconf 95' lang='lat' dir='ltr'>in</span> <span class='ocrx_word' id='word_1_412' title='bbox 753 4882 889 4967; x_wconf 88' lang='lat' dir='ltr'>pallatio</span> <span class='ocrx_word' id='word_1_413' title='bbox 917 4903 1000 4946; x_wconf 85' lang='lat' dir='ltr'>novo</span> <span class='ocrx_word' id='word_1_414' title='bbox 1029 4882 1215 4945; x_wconf 88' lang='lat' dir='ltr'>Communis</span> <span class='ocrx_word' id='word_1_415' title='bbox 1242 4881 1388 4945; x_wconf 85' lang='lat' dir='ltr'>Bononio</span> <span class='ocrx_word' id='word_1_416' title='bbox 1417 4881 1457 4944; x_wconf 88' lang='lat' dir='ltr'>ad</span> <span class='ocrx_word' id='word_1_417' title='bbox 1486 4903 1598 4946; x_wconf 93' lang='lat' dir='ltr'>sonum</span> <span class='ocrx_word' id='word_1_418' title='bbox 1627 4903 1783 4968; x_wconf 88' lang='lat' dir='ltr'>campane</span> <span class='ocrx_word' id='word_1_419' title='bbox 1807 4889 1839 4945; x_wconf 89' lang='lat' dir='ltr'>et</span> <span class='ocrx_word' id='word_1_420' title='bbox 1861 4903 1940 4945; x_wconf 86' lang='lat' dir='ltr'>voce</span> <span class='ocrx_word' id='word_1_421' title='bbox 1964 4903 2138 4968; x_wconf 91' lang='lat' dir='ltr'>preconum</span> <span class='ocrx_word' id='word_1_422' title='bbox 2162 4890 2197 4946; x_wconf 93' lang='lat' dir='ltr'>ut</span> <span class='ocrx_word' id='word_1_423' title='bbox 2221 4883 2318 4945; x_wconf 91' lang='lat' dir='ltr'>moris</span> <span class='ocrx_word' id='word_1_424' title='bbox 2341 4892 2389 4946; x_wconf 90' lang='lat' dir='ltr'>est</span> 
     </span>
     <span class='ocr_line' id='line_1_36' title="bbox 568 4988 2389 5076; baseline -0.002 -20"><span class='ocrx_word' id='word_1_425' title='bbox 568 4990 778 5076; x_wconf 86' lang='lat' dir='ltr'>congregari:</span> <span class='ocrx_word' id='word_1_426' title='bbox 804 4989 836 5051; x_wconf 90' lang='lat' dir='ltr'>in</span> <span class='ocrx_word' id='word_1_427' title='bbox 861 5011 924 5074; x_wconf 95' lang='lat' dir='ltr'>quo</span> <span class='ocrx_word' id='word_1_428' title='bbox 949 4989 1078 5073; x_wconf 90' lang='lat' dir='ltr'>quidem</span> <span class='ocrx_word' id='word_1_429' title='bbox 1104 4989 1244 5052; x_wconf 89' lang='lat' dir='ltr'>Consilio</span> <span class='ocrx_word' id='word_1_430' title='bbox 1269 4988 1308 5052; x_wconf 88' lang='lat' dir='ltr'>de</span> <span class='ocrx_word' id='word_1_431' title='bbox 1332 4989 1498 5052; x_wconf 75' lang='lat' dir='ltr'>uoluntate</span> <span class='ocrx_word' id='word_1_432' title='bbox 1523 4989 1657 5052; x_wconf 88' lang='lat' dir='ltr'>duarum</span> <span class='ocrx_word' id='word_1_433' title='bbox 1686 4990 1825 5075; x_wconf 85' lang='lat' dir='ltr'>partium</span> <span class='ocrx_word' id='word_1_434' title='bbox 1851 4989 2066 5053; x_wconf 82' lang='lat' dir='ltr'>Antiauorum</span> <span class='ocrx_word' id='word_1_435' title='bbox 2090 4997 2122 5052; x_wconf 92' lang='lat' dir='ltr'>et</span> <span class='ocrx_word' id='word_1_436' title='bbox 2145 4989 2334 5053; x_wconf 86' lang='lat' dir='ltr'>Consullum</span> <span class='ocrx_word' id='word_1_437' title='bbox 2358 4999 2389 5053; x_wconf 88' lang='lat' dir='ltr'>et</span> 
     </span>
     <span class='ocr_line' id='line_1_37' title="bbox 568 5096 2389 5185; baseline -0.002 -22"><span class='ocrx_word' id='word_1_438' title='bbox 568 5100 602 5163; x_wconf 93' lang='lat' dir='ltr'>in</span> <span class='ocrx_word' id='word_1_439' title='bbox 626 5100 769 5185; x_wconf 88' lang='lat' dir='ltr'>ipsorum</span> <span class='ocrx_word' id='word_1_440' title='bbox 794 5098 957 5184; x_wconf 88' lang='lat' dir='ltr'>presentia</span> <span class='ocrx_word' id='word_1_441' title='bbox 981 5097 1147 5182; x_wconf 89' lang='lat' dir='ltr'>proposuit</span> <span class='ocrx_word' id='word_1_442' title='bbox 1171 5104 1203 5160; x_wconf 89' lang='lat' dir='ltr'>ct</span> <span class='ocrx_word' id='word_1_443' title='bbox 1223 5097 1287 5182; x_wconf 84' lang='lat' dir='ltr'>legi</span> <span class='ocrx_word' id='word_1_444' title='bbox 1305 5096 1380 5160; x_wconf 86' lang='lat' dir='ltr'>fecit</span> <span class='ocrx_word' id='word_1_445' title='bbox 1397 5096 1602 5183; x_wconf 85' lang='lat' dir='ltr'>infrascripta</span> <span class='ocrx_word' id='word_1_446' title='bbox 1619 5097 1852 5179; x_wconf 87' lang='lat' dir='ltr'>ordinamenta,</span> <span class='ocrx_word' id='word_1_447' title='bbox 1870 5119 1967 5183; x_wconf 89' lang='lat' dir='ltr'>super</span> <span class='ocrx_word' id='word_1_448' title='bbox 1983 5098 2099 5184; x_wconf 90' lang='lat' dir='ltr'>quibus</span> <span class='ocrx_word' id='word_1_449' title='bbox 2115 5098 2261 5162; x_wconf 86' lang='lat' dir='ltr'>omnibus</span> <span class='ocrx_word' id='word_1_450' title='bbox 2279 5104 2311 5161; x_wconf 92' lang='lat' dir='ltr'>ct</span> <span class='ocrx_word' id='word_1_451' title='bbox 2326 5097 2389 5162; x_wconf 92' lang='lat' dir='ltr'>sin-</span> 
     </span>
     <span class='ocr_line' id='line_1_38' title="bbox 567 5205 1238 5292; baseline -0.004 -22"><span class='ocrx_word' id='word_1_452' title='bbox 567 5206 652 5292; x_wconf 87' lang='lat' dir='ltr'>gulis</span> <span class='ocrx_word' id='word_1_453' title='bbox 677 5205 740 5269; x_wconf 93' lang='lat' dir='ltr'>sibi</span> <span class='ocrx_word' id='word_1_454' title='bbox 762 5206 857 5291; x_wconf 86' lang='lat' dir='ltr'>petiit</span> <span class='ocrx_word' id='word_1_455' title='bbox 880 5206 1052 5268; x_wconf 88' lang='lat' dir='ltr'>consilium</span> <span class='ocrx_word' id='word_1_456' title='bbox 1075 5205 1238 5268; x_wconf 87' lang='lat' dir='ltr'>exhiberi:</span> 
     </span>
    </p>
   </div>
   <div class='ocr_carea' id='block_1_5' title="bbox 566 5846 2391 6257">
    <p class='ocr_par' dir='ltr' id='par_1_6' title="bbox 566 5846 2391 6257">
     <span class='ocr_line' id='line_1_39' title="bbox 656 5846 2390 5933; baseline -0.002 -21"><span class='ocrx_word' id='word_1_457' title='bbox 656 5848 741 5912; x_wconf 92' lang='lat' dir='ltr'>Item</span> <span class='ocrx_word' id='word_1_458' title='bbox 766 5856 962 5912; x_wconf 87' lang='lat' dir='ltr'>excusentur</span> <span class='ocrx_word' id='word_1_459' title='bbox 985 5847 1143 5913; x_wconf 91' lang='lat' dir='ltr'>Doctores</span> <span class='ocrx_word' id='word_1_460' title='bbox 1168 5848 1328 5913; x_wconf 81' lang='lat' dir='ltr'>ordinarie</span> <span class='ocrx_word' id='word_1_461' title='bbox 1353 5856 1502 5933; x_wconf 86' lang='lat' dir='ltr'>regentes</span> <span class='ocrx_word' id='word_1_462' title='bbox 1527 5856 1559 5911; x_wconf 87' lang='lat' dir='ltr'>et</span> <span class='ocrx_word' id='word_1_463' title='bbox 1581 5848 1768 5932; x_wconf 88' lang='lat' dir='ltr'>Bachalarij</span> <span class='ocrx_word' id='word_1_464' title='bbox 1789 5855 1938 5932; x_wconf 87' lang='lat' dir='ltr'>regentes</span> <span class='ocrx_word' id='word_1_465' title='bbox 1957 5847 2214 5912; x_wconf 81' lang='lat' dir='ltr'>extraordinarie</span> <span class='ocrx_word' id='word_1_466' title='bbox 2234 5846 2390 5910; x_wconf 86' lang='lat' dir='ltr'>nominati</span> 
     </span>
     <span class='ocr_line' id='line_1_40' title="bbox 566 5953 2391 6042; baseline -0.002 -23"><span class='ocrx_word' id='word_1_467' title='bbox 566 5977 625 6042; x_wconf 90' lang='lat' dir='ltr'>per</span> <span class='ocrx_word' id='word_1_468' title='bbox 648 5954 804 6020; x_wconf 86' lang='lat' dir='ltr'>Rectores</span> <span class='ocrx_word' id='word_1_469' title='bbox 829 5955 1036 6038; x_wconf 86' lang='lat' dir='ltr'>scholarium,</span> <span class='ocrx_word' id='word_1_470' title='bbox 1053 5955 1121 6019; x_wconf 90' lang='lat' dir='ltr'>dati</span> <span class='ocrx_word' id='word_1_471' title='bbox 1143 5955 1177 6018; x_wconf 93' lang='lat' dir='ltr'>in</span> <span class='ocrx_word' id='word_1_472' title='bbox 1201 5956 1328 6040; x_wconf 89' lang='lat' dir='ltr'>scriptis</span> <span class='ocrx_word' id='word_1_473' title='bbox 1352 5977 1393 6018; x_wconf 85' lang='lat' dir='ltr'>ex</span> <span class='ocrx_word' id='word_1_474' title='bbox 1418 5963 1509 6041; x_wconf 87' lang='lat' dir='ltr'>parte</span> <span class='ocrx_word' id='word_1_475' title='bbox 1533 5955 1762 6019; x_wconf 79' lang='lat' dir='ltr'>Universitatis</span> <span class='ocrx_word' id='word_1_476' title='bbox 1786 5954 1981 6019; x_wconf 86' lang='lat' dir='ltr'>scholarium</span> <span class='ocrx_word' id='word_1_477' title='bbox 2005 5954 2133 6018; x_wconf 92' lang='lat' dir='ltr'>domino</span> <span class='ocrx_word' id='word_1_478' title='bbox 2158 5953 2335 6040; x_wconf 85' lang='lat' dir='ltr'>Capitoneo</span> <span class='ocrx_word' id='word_1_479' title='bbox 2360 5960 2391 6016; x_wconf 90' lang='lat' dir='ltr'>et</span> 
     </span>
     <span class='ocr_line' id='line_1_41' title="bbox 566 6059 2389 6148; baseline -0.002 -21"><span class='ocrx_word' id='word_1_480' title='bbox 566 6062 719 6128; x_wconf 85' lang='lat' dir='ltr'>Antianis</span> <span class='ocrx_word' id='word_1_481' title='bbox 742 6071 775 6127; x_wconf 92' lang='lat' dir='ltr'>et</span> <span class='ocrx_word' id='word_1_482' title='bbox 799 6063 994 6127; x_wconf 84' lang='lat' dir='ltr'>Consulibus</span> <span class='ocrx_word' id='word_1_483' title='bbox 1017 6063 1136 6148; x_wconf 90' lang='lat' dir='ltr'>Populi</span> <span class='ocrx_word' id='word_1_484' title='bbox 1159 6062 1365 6126; x_wconf 91' lang='lat' dir='ltr'>bononiensis</span> <span class='ocrx_word' id='word_1_485' title='bbox 1389 6069 1421 6126; x_wconf 92' lang='lat' dir='ltr'>et</span> <span class='ocrx_word' id='word_1_486' title='bbox 1445 6063 1541 6126; x_wconf 89' lang='lat' dir='ltr'>etiam</span> <span class='ocrx_word' id='word_1_487' title='bbox 1574 6063 1757 6126; x_wconf 87' lang='lat' dir='ltr'>stacionarii</span> <span class='ocrx_word' id='word_1_488' title='bbox 1783 6068 1815 6125; x_wconf 91' lang='lat' dir='ltr'>et</span> <span class='ocrx_word' id='word_1_489' title='bbox 1837 6059 1975 6125; x_wconf 90' lang='lat' dir='ltr'>hidellus</span> <span class='ocrx_word' id='word_1_490' title='bbox 1996 6061 2225 6125; x_wconf 86' lang='lat' dir='ltr'>Universitatis</span> <span class='ocrx_word' id='word_1_491' title='bbox 2246 6060 2389 6147; x_wconf 86' lang='lat' dir='ltr'>predicte</span> 
     </span>
     <span class='ocr_line' id='line_1_42' title="bbox 566 6169 1379 6257; baseline -0.002 -23"><span class='ocrx_word' id='word_1_492' title='bbox 566 6169 652 6234; x_wconf 88' lang='lat' dir='ltr'>iufra</span> <span class='ocrx_word' id='word_1_493' title='bbox 676 6170 855 6257; x_wconf 87' lang='lat' dir='ltr'>descriptis.</span> <span class='ocrx_word' id='word_1_494' title='bbox 880 6169 1021 6234; x_wconf 84' lang='lat' dir='ltr'>Nomina</span> <span class='ocrx_word' id='word_1_495' title='bbox 1045 6191 1182 6256; x_wconf 90' lang='lat' dir='ltr'>quorum</span> <span class='ocrx_word' id='word_1_496' title='bbox 1207 6177 1281 6234; x_wconf 89' lang='lat' dir='ltr'>sunt</span> <span class='ocrx_word' id='word_1_497' title='bbox 1304 6170 1379 6234; x_wconf 90' lang='lat' dir='ltr'>hec:</span> 
     </span>
    </p>
   </div>
   <div class='ocr_carea' id='block_1_6' title="bbox 647 6509 841 6574">
    <p class='ocr_par' dir='ltr' id='par_1_7' title="bbox 647 6509 841 6574">
     <span class='ocr_line' id='line_1_43' title="bbox 647 6509 841 6574; baseline -0.005 -14"><span class='ocrx_word' id='word_1_498' title='bbox 647 6511 673 6574; x_wconf 89' lang='lat' dir='ltr'>(l</span> <span class='ocrx_word' id='word_1_499' title='bbox 695 6513 722 6561; x_wconf 86' lang='lat' dir='ltr'>et</span> <span class='ocrx_word' id='word_1_500' title='bbox 742 6509 769 6574; x_wconf 84' lang='lat'>2)</span> <span class='ocrx_word' id='word_1_501' title='bbox 789 6509 841 6560; x_wconf 84' lang='lat' dir='ltr'>Sic.</span> 
     </span>
    </p>
   </div>
   <div class='ocr_carea' id='block_1_7' title="bbox 0 0 2750 7750">
    <p class='ocr_par' dir='ltr' id='par_1_8' title="bbox 0 0 2750 7750">
     <span class='ocr_line' id='line_1_44' title="bbox 0 0 2750 7750; baseline 0 2"><span class='ocrx_word' id='word_1_502' title='bbox 0 0 2750 7750; x_wconf 95' lang='lat' dir='ltr'> </span> 
     </span>
    </p>
   </div>
  </div>
 </body>
</html>
