5484 7746
665 686 895 738 SPECTANTIA
915 687 966 736 AD
987 683 1151 736 CLASSEM
1169 682 1535 734 aacflluraconoaum
1553 681 1655 731 ECCL.
1676 679 1814 729 Bonos.
2069 657 2144 726 265

327 865 424 930 super
441 843 573 907 decimis
589 843 664 908 talis
681 842 806 928 questio
822 849 1013 923 verteretur,
1029 841 1151 905 scilicet
1167 841 1252 926 quod
1268 840 1528 925 archipresbiter
1544 846 1576 903 et
1592 839 1756 922 Canonici,
1774 840 1901 904 nornine
1918 861 1974 904 sue
1991 840 2145 924 Ecclesie,

330 971 349 1014 a
373 951 517 1036 predicto
541 950 671 1014 Abbate
695 951 821 1034 atejus
845 956 1015 1030 conventu,
1040 949 1168 1012 nomine
1193 947 1378 1011 monasterii
1399 948 1458 1028 sui,
1482 948 1637 1034 petebant
1659 949 1799 1012 decimas
1824 950 1965 1012 omniurn
1989 957 2147 1012 terrarum

328 1065 360 1121 et
382 1057 636 1145 possessionum,
661 1079 741 1142 quas
766 1056 995 1120 monasterium
1019 1055 1123 1141 ipsum
1148 1055 1289 1119 habebat
1312 1060 1343 1118 et
1366 1055 1498 1118 tenebat
1521 1055 1554 1118 in
1577 1056 1709 1142 plebatu
1732 1057 1832 1143 ipsius
1856 1057 2061 1121 bononiensis
2085 1057 2147 1122 Ec-

328 1166 424 1229 clesia
448 1173 480 1229 et
504 1165 536 1228 in
553 1165 684 1251 plebatu
702 1164 861 1228 Medicina
885 1163 953 1228 sivo
976 1162 1079 1244 Bude,
1097 1183 1177 1248 quas
1198 1162 1338 1226 decimas
1354 1161 1505 1226 dicabant
1521 1162 1562 1225 ad
1579 1163 1764 1248 Capitulum
1780 1165 1986 1230 bononiensis
2002 1165 2147 1230 Ecclesia

328 1273 489 1358 pertinere
513 1273 631 1358 partim
652 1273 725 1356 jure
749 1273 892 1353 comuni,
909 1271 1027 1356 partim
1050 1291 1108 1356 per
1125 1270 1346 1334 concessiones
1363 1277 1395 1334 ct
1411 1270 1582 1356 privilegia
1597 1271 1831 1358 Episcoporum
1855 1274 2100 1339 bononiensium
2116 1283 2148 1340 et

329 1381 502 1444 multorum
520 1401 725 1444 romanorum
742 1377 945 1442 Pontificum.
963 1377 1058 1440 Unde
1075 1377 1258 1441 iamdictus
1275 1376 1388 1441 Abbas
1405 1377 1447 1440 ad
1464 1377 1648 1463 Capitulum
1666 1379 1770 1465 ipsum
1794 1379 1958 1445 humiliter
1979 1405 2016 1446 ac
2033 1383 2148 1448 devote

329 1488 495 1571 accedens,
512 1488 605 1575 petiit
623 1489 664 1552 ab
680 1486 812 1569 eisdem,
829 1494 865 1550 ut
881 1486 919 1549 de
942 1484 1090 1572 petendis
1114 1505 1133 1547 a
1156 1506 1190 1548 sc
1215 1493 1247 1548 et
1271 1484 1550 1570 predecessoribus
1574 1485 1640 1549 suis
1664 1487 1725 1550 sibi
1749 1488 1893 1553 facerent
1916 1491 2146 1578 remissionem,

330 1603 362 1660 et
385 1595 606 1681 persolvendis
630 1596 840 1681 imposterum
864 1593 1029 1657 anrniatirn
1054 1599 1174 1656 certam
1200 1593 1380 1678 reciperent
1413 1594 1636 1678 quantitatem.
1662 1593 1815 1659 (laconici
1840 1618 1916 1661 vero
1940 1600 2148 1685 petitionibus

330 1705 400 1788 ejus
425 1709 603 1767 annuentes
628 1703 736 1767 taliter
760 1703 844 1765 inter
867 1723 901 1764 se
925 1700 1140 1764 amicabiliter
1163 1707 1401 1782 convenerunt;
1425 1700 1547 1764 scilicet
1571 1702 1654 1786 quod
1680 1702 1765 1766 idern
1781 1704 1894 1768 Abhas
1910 1706 1950 1770 dc
1967 1716 2073 1774 cetero
2091 1733 2148 1775 an-

331 1811 453 1874 nuatim
477 1811 603 1874 solvere
628 1810 744 1874 debeat
768 1809 889 1873 eisdem
914 1808 1084 1873 Canonicis
1109 1813 1181 1893 post
1205 1806 1361 1871 kalendas
1386 1809 1587 1892 septembris,
1605 1830 1677 1873 cum
1698 1831 1717 1872 a
1742 1813 1853 1876 nuntio
1879 1814 2019 1899 ipsorum
2045 1818 2149 1884 Cano·

330 1919 475 1982 uicorum
498 1918 596 1982 inerit
618 1918 802 2004 requisitus,
821 1923 892 1981 octo
913 1915 1025 1980 corbes
1048 1916 1124 1980 boni
1148 1922 1180 1979 et
1202 1915 1329 2001 pulchri
1353 1915 1505 1979 frumenti
1529 1916 1597 1981 sine
1618 1918 1752 2000 malitia,
1770 1927 1802 1983 et
1818 1921 1894 1984 dicti
1912 1922 2064 1989 Canonici
2083 1929 2148 1991 suis

331 2026 481 2112 expensis
506 2026 626 2089 dicturn
649 2025 846 2088 frumentum
870 2023 992 2088 scilicet
1015 2023 1135 2088 deferri
1157 2022 1288 2104 faciant,
1306 2030 1337 2086 et
1355 2023 1459 2109 ipsum
1479 2027 1709 2089 monasterium
1734 2026 1773 2090 ad
1795 2028 1865 2110 hoc,
1884 2031 2005 2096 scilicet
2029 2033 2068 2096 ad
2094 2035 2148 2098 de-

331 2133 510 2216 ferendum,
535 2133 719 2196 nullatenus
744 2138 902 2196 teneatur.
919 2131 962 2194 Et
984 2131 1147 2216 predictus
1171 2130 1433 2216 Archipresbiter
1456 2137 1488 2194 et
1513 2131 1666 2196 Canonici
1691 2135 1883 2201 remiserunt
1900 2145 1931 2200 et
1947 2138 2150 2206 (locaverunt

331 2241 436 2304 eidem
461 2241 593 2322 Abbati,
610 2240 777 2326 recipienti
801 2240 929 2302 nominc
953 2260 1011 2302 siro
1035 2247 1067 2302 et
1091 2239 1277 2302 monasterii
1293 2239 1353 2320 sui,
1371 2259 1481 2302 ornnes
1505 2239 1652 2303 detentas
1677 2250 1762 2306 retro
1786 2243 1926 2309 decimas
1947 2255 1978 2310 et
1999 2251 2150 2336 quicquid

332 2349 417 2412 ultra
441 2349 561 2412 dictam
585 2349 799 2434 quantitatem
823 2346 950 2410 nomine
974 2346 1170 2410 decimarum
1195 2346 1326 2430 exigere
1349 2352 1481 2431 possent
1502 2347 1709 2433 imposterum
1727 2351 1768 2413 ab
1785 2351 1853 2437 ipso
1870 2353 2000 2419 Abbatc
2015 2359 2067 2421 vel
2084 2359 2150 2424 suis

332 2456 581 2538 successoribus,
599 2455 666 2518 sive
691 2461 850 2518 conventu
875 2453 926 2516 vel
951 2455 1144 2517 monasterio
1170 2453 1238 2539 ipso
1262 2475 1320 2539 pro
1343 2454 1599 2539 possessionibus
1624 2457 1826 2542 supradictis,
1851 2483 1930 2546 quas
1955 2463 2058 2549 ipsum
2083 2489 2150 2532 rno-

333 2563 508 2627 nasteriurn
532 2561 674 2648 possidet
698 2569 842 2646 tempora
866 2561 958 2622 istius
982 2559 1221 2646 compositionis
1245 2560 1276 2622 in
1293 2560 1445 2645 predictis
1461 2561 1655 2646 plebatibus,
1674 2570 1704 2626 ct
1721 2585 1779 2650 pro
1796 2569 2052 2651 possessionibus
2069 2594 2149 2658 quas

332 2670 453 2733 habent
476 2669 610 2733 ecclesie
635 2668 780 2752 ejusdem
805 2667 1000 2748 monasterii,
1021 2667 1143 2731 scilicet
1167 2667 1292 2753 capella
1316 2667 1419 2731 sancti
1442 2667 1561 2732 Rofelli
1585 2691 1685 2756 prope
1711 2671 1870 2736 Savenam
1895 2683 1927 2738 et
1950 2678 2085 2742 ccclesia
2110 2682 2150 2746 dc

333 2776 493 2840 Medicina
517 2784 548 2840 et
571 2775 739 2840 Baebiani.
763 2775 805 2838 Et
829 2773 1032 2860 supradictus
1056 2774 1168 2838 Abbas
1194 2796 1264 2837 curn
1286 2774 1440 2838 fratribus
1456 2776 1533 2858 suis,
1550 2777 1672 2840 scilicet
1687 2778 1816 2843 domino
1832 2781 1943 2846 Blasio
1960 2787 2076 2870 priore,
2094 2789 2150 2851 do·

332 2885 418 2946 rnino
442 2883 603 2966 stardo,
629 2883 757 2947 domine
781 2882 941 2965 Johannc,
959 2881 1088 2946 donrino
1111 2881 1258 2964 Alberto,
1276 2881 1405 2946 domino
1428 2883 1607 2966 Bernardo,
1629 2884 1758 2950 domino
1781 2887 2004 2974 Rarnbertino,
2021 2895 2150 2961 domino

333 2991 490 3055 Nicholao
516 2997 548 3054 et
570 2990 699 3054 domino
724 2990 832 3072 Petro,
857 2990 1022 3054 monachis
1046 2997 1078 3052 et
1102 2989 1255 3053 fratribus
1279 2991 1414 3075 predicti
1439 2992 1623 3055 monasterii
1653 2993 1684 3055 in
1707 2993 1855 3080 Capitule
1880 3001 2070 3084 constitutis,
2094 3026 2151 3090 per

333 3098 574 3184 stipulationem
605 3099 751 3184 promisit
782 3099 937 3182 magistro
962 3096 1089 3162 Oddoni
1113 3098 1303 3161 bononiensi
1329 3097 1501 3180 Canonico,
1526 3101 1693 3184 recipienti
1725 3103 1853 3167 nornine
1879 3105 2020 3192 Capituli
2050 3110 2150 3175 bono-

333 3206 453 3269 niensis
477 3206 632 3288 Ecclesie,
650 3206 774 3269 solvere
795 3205 987 3291 supradictis
1004 3204 1175 3268 Canonicis
1193 3205 1357 3268 onrrnatim
1376 3205 1415 3268 de
1432 3213 1538 3269 cetero
1557 3216 1628 3270 octo
1646 3209 1757 3272 corbes
1774 3210 1937 3297 frumenti,
1959 3217 2040 3280 sieut
2056 3240 2150 3305 supe-

334 3313 400 3375 rius
424 3313 544 3376 dictum
568 3320 626 3395 cst,
644 3313 703 3376 sub
728 3334 812 3398 pena
835 3313 945 3376 decern
969 3312 1124 3375 librarum
1148 3312 1399 3375 bononenorum.
1423 3311 1466 3375 Et
1488 3315 1643 3398 magister
1667 3315 1760 3379 Oddo
1784 3319 1998 3405 supradictus,
2023 3327 2150 3390 nominc

334 3421 475 3506 Capituli
507 3420 711 3484 bononiensis
735 3420 879 3484 Ecclesie
900 3427 933 3482 ct
956 3441 1031 3500 suo,
1055 3419 1257 3505 presentibus
1282 3419 1459 3504 presbitero
1492 3421 1616 3502 Zoene,
1640 3422 1768 3488 domino
1792 3425 1890 3491 Petro
1922 3428 1962 3492 de
1995 3430 2150 3517 Succida,

334 3529 463 3592 domiuo
481 3528 635 3592 Gnidotto
659 3528 699 3591 de
724 3527 870 3613 Corrigia
895 3528 1118 3591 concanonicis
1142 3535 1174 3590 et
1198 3526 1352 3590 fratribus
1377 3527 1453 3591 dicti
1469 3528 1616 3612 magistri
1633 3529 1787 3613 Oddonis,
1804 3535 1950 3618 promisit
1966 3541 2151 3624 supradicto

334 3637 473 3718 Abbati,
498 3635 665 3720 recipienti
690 3635 818 3699 nomine
842 3656 900 3697 suo
925 3642 955 3698 et
980 3634 1167 3698 monasterii
1191 3641 1222 3698 ct
1245 3655 1376 3698 suorum
1407 3656 1645 3719 successorum,
1670 3641 1888 3725 supradictam
1912 3646 2150 3735 remissionem,

334 3745 540 3808 donationem
564 3750 596 3806 et
620 3743 858 3806 concessionem
883 3743 969 3806 omni
993 3749 1136 3828 tempore
1161 3748 1264 3805 ratam
1289 3749 1321 3805 et
1343 3741 1469 3806 firmam
1491 3742 1612 3808 hahere
1636 3752 1668 3808 et
1690 3754 1810 3830 tenere,
1833 3758 1865 3814 et
1895 3753 1984 3816 nullo
2008 3760 2151 3843 ternpore

334 3852 557 3915 contravenire
581 3871 639 3936 per
662 3871 696 3914 sc
721 3856 753 3913 et
776 3871 850 3914 suos
875 3849 991 3913 fratres
1016 3857 1047 3912 et
1071 3871 1271 3914 successores
1288 3855 1320 3912 ct
1337 3848 1522 3935 Capitulum
1538 3851 1744 3917 bononiensis
1760 3855 1914 3940 Ecclesie,
1932 3860 1991 3924 sub
2008 3864 2152 3948 predicta

334 3980 418 4045 pena
443 3958 554 4022 dcccrn
578 3958 733 4022 librarum
757 3958 1011 4038 bononenorum,
1028 3962 1060 4020 et
1082 3977 1166 4042 pena
1190 3957 1295 4020 soluta
1319 3956 1361 4019 ab
1385 3977 1423 4020 ea
1446 3963 1549 4043 parte,
1567 3979 1629 4043 qne
1653 3968 1764 4025 contra
1780 3964 1925 4048 predicta
1946 3969 1998 4032 vel
2021 3970 2152 4056 aliquod

334 4066 550 4152 predictorum
575 4064 697 4146 fecerit,
721 4064 928 4150 supradicta
952 4064 1059 4127 omnia
1083 4064 1115 4126 iu
1139 4085 1198 4126 sua
1223 4064 1448 4127 nichilominus
1473 4073 1625 4129 maneant
1647 4067 1808 4133 firmitate.
1833 4071 1876 4134 Et
1900 4074 1927 4136 si
1951 4076 2152 4162 contingeret

333 4173 530 4259 Episcopum
553 4173 784 4236 bononiensem
815 4171 962 4235 evincere
994 4171 1134 4234 decimas
1163 4191 1182 4234 a
1212 4171 1297 4235 dicto
1329 4173 1540 4255 monasterio,
1566 4195 1629 4236 non
1654 4181 1802 4240 teneatur
1833 4184 2062 4248 monasterium
2090 4188 2153 4251 sol-

334 4303 409 4345 vcre
434 4280 583 4366 Capitale
607 4280 797 4344 bononiensi
821 4278 1040 4366 supradictam
1064 4279 1287 4364 quantitatem.
1312 4279 1355 4342 Et
1377 4279 1524 4364 promisit
1548 4280 1651 4344 dietus
1683 4284 1837 4368 magister
1866 4288 1951 4371 quod
1975 4292 2100 4356 curabit
2124 4302 2156 4358 et

333 4388 445 4469 faciet,
470 4387 556 4473 quod
581 4386 767 4473 Capitulum
790 4387 997 4451 bononiensis
1020 4385 1165 4450 Ecclesie
1190 4386 1392 4450 confirmabit
1416 4393 1448 4450 et
1471 4387 1681 4473 approbabit,
1706 4396 1737 4452 et
1769 4398 1875 4456 ratum
1904 4394 2035 4462 habebit
2059 4399 2156 4464 istmn

333 4501 543 4558 contractum.
1252 4499 1257 4510 '

422 4604 542 4667 Actum
565 4603 597 4666 in
623 4602 772 4689 Capitulo
797 4601 983 4666 monasterii
1010 4601 1147 4686 predicti
1171 4602 1273 4665 sancti
1298 4600 1469 4687 Stephani,
1494 4603 1667 4667 indictione
1692 4607 1851 4693 predicta,
1877 4613 2080 4696 presentibus
2104 4637 2155 4679 ro·

333 4711 417 4794 gatis
441 4710 576 4774 testibus
601 4710 729 4774 domino
755 4709 921 4773 Grimaldo
946 4708 1080 4790 Rubeo,
1105 4708 1233 4772 domiuo
1259 4708 1406 4773 Gnidone
1437 4709 1527 4774 Petri
1559 4711 1703 4776 Conradi
1728 4721 1827 4778 strate
1851 4719 1955 4781 sancti
1979 4718 2154 4805 Stephani,

334 4817 523 4881 Torrexano
547 4818 618 4898 ejus
641 4816 719 4898 filio,
743 4816 878 4880 Cambio
904 4816 1028 4880 notario
1053 4816 1093 4880 da
1117 4823 1229 4880 sancto
1254 4815 1435 4902 Stephano,
1462 4817 1609 4884 Gerardo
1634 4820 1753 4906 Crogio
1777 4821 1816 4886 de
1849 4823 1963 4889 Castro
1994 4827 2087 4892 Novo
2116 4829 2155 4894 dc

334 4925 454 4988 Parma
477 4931 509 4988 et
533 4925 661 4988 domiuo
684 4924 821 4988 Alberto
845 4924 884 4988 de
908 4923 1038 4988 Parma.

422 5031 546 5096 Eodem
570 5053 666 5114 anno,
684 5053 792 5095 mense
817 5038 848 5094 et
871 5031 922 5095 die
947 5040 979 5095 et
1002 5030 1185 5095 indictione.
1211 5031 1249 5095 In
1272 5032 1369 5097 elroro
1393 5033 1600 5098 bononiensis
1623 5035 1778 5118 Ecclesie,
1796 5041 1999 5123 presentibus
2020 5043 2155 5107 testibus

334 5139 512 5225 presbitero
536 5138 764 5221 Aldrcvando,
788 5138 956 5223 capellano
988 5138 1132 5202 sacristia
1163 5139 1268 5202 sancti
1297 5139 1404 5223 Petri,
1430 5139 1594 5225 Cerardo,
1618 5142 1735 5207 clerico
1767 5144 1805 5207 dc
1836 5147 1999 5232 sacristia,
2024 5149 2154 5213 domino

336 5247 476 5332 Symone
507 5246 546 5310 de
575 5245 739 5327 Genuano,
763 5244 899 5309 Alberto
924 5244 1051 5309 domine
1076 5245 1259 5310 Castellanc
1283 5253 1315 5311 ct
1339 5246 1447 5311 Clario
1472 5249 1597 5313 notario
1624 5250 1663 5314 dc
1686 5251 1832 5330 Vivario,
1857 5254 2012 5338 magister
2040 5256 2156 5320 Gratia

335 5353 591 5418 Archidiaconus
614 5353 821 5417 bononiensis
836 5352 992 5434 Ecclesie,
1010 5359 1042 5416 et
1066 5353 1213 5417 dominus
1237 5353 1346 5418 Judex
1369 5354 1632 5441 Archipresbiter
1656 5359 1812 5442 ejusdem,
1829 5367 1861 5424 et
1884 5362 1934 5424 sui
1951 5361 2077 5445 fratres,
2095 5364 2156 5428 sci·

333 5461 409 5525 licet
432 5460 591 5547 presbiter
606 5459 772 5542 Albertus,
789 5460 948 5546 presbiter
970 5459 1107 5543 Probus,
1124 5460 1283 5546 presbiter
1308 5460 1511 5544 Ottavianus,
1532 5464 1691 5548 presbiter
1714 5465 1812 5548 Zoen,
1830 5466 1978 5530 dominus
1994 5468 2155 5550 Andreas,

334 5568 482 5632 dominus
506 5566 612 5632 Cnido
638 5567 788 5650 Crassus,
806 5566 953 5630 dominus
976 5566 1094 5630 Petrus
1118 5567 1158 5630 de
1183 5567 1330 5650 Succida,
1356 5569 1510 5653 magister
1533 5569 1704 5654 Martinus,
1723 5572 1871 5636 dominus
1897 5574 2002 5638 Guidc
2028 5575 2067 5640 de
2091 5575 2155 5639 Ba·

335 5675 442 5760 gnolc,
468 5674 621 5759 magister
644 5673 838 5756 Lanbcrtus,
863 5675 1018 5759 magister
1042 5674 1239 5758 Tancredus,
1257 5676 1405 5740 dominus
1429 5676 1572 5740 Jacobur
1597 5678 1732 5742 condam
1757 5678 1916 5745 (luidonis
1942 5681 2155 5766 Lambertiui,

335 5783 482 5846 dominus
500 5781 672 5845 Gnidottns
690 5782 729 5846 de
747 5782 894 5867 Corrigia
911 5789 943 5846 et
959 5783 1107 5846 dominus
1123 5783 1296 5866 Henricus,
1314 5784 1442 5848 nomina
1460 5785 1603 5871 Capituli
1622 5785 1830 5852 bononiensis
1852 5789 2005 5873 Ecclesie,
2024 5813 2156 5856 consen·

334 5897 446 5953 serunt
460 5890 605 5976 predicto
623 5891 801 5954 contractui
818 5898 850 5955 et
865 5912 940 5954 eum
955 5891 988 5954 in
1005 5897 1107 5954 totum
1124 5892 1387 5977 approbaverunt
1403 5900 1435 5956 et
1451 5893 1732 5977 confirmaverunt,
1750 5902 1781 5958 et
1798 5896 1974 5981 predictam
1994 5900 2156 5964 remissio·

336 6020 408 6062 nem
421 6005 453 6061 et
470 6000 708 6064 concessionem
725 5998 870 6062 fecerunt
887 5998 1015 6062 domino
1032 5997 1129 6081 Date,
1142 5999 1274 6084 syndico
1292 6000 1478 6063 monasterii
1495 6001 1597 6064 sancti
1614 6000 1771 6087 Stephani
1788 6004 1975 6089 supradicti,
1989 6007 2156 6093 recipienti

335 6107 462 6170 nomine
495 6111 526 6168 et
550 6105 619 6169 vice
643 6105 780 6192 predicti
802 6104 941 6169 Abbatis
965 6112 997 6169 ot
1021 6107 1208 6170 monasterii
1232 6113 1263 6170 ct
1284 6105 1435 6170 Fratrum
1459 6129 1589 6172 suornm
1614 6116 1646 6172 et
1669 6131 1908 6194 successorum,
1932 6114 2156 6198 promittentes

334 6214 449 6295 eidem,
467 6213 634 6300 recipienti
650 6213 794 6300 predicto
819 6214 957 6296 nominc,
974 6213 1120 6300 prodicta
1142 6214 1235 6277 firma
1258 6221 1415 6301 perpetuo
1435 6222 1545 6280 tenere
1562 6217 1642 6280 etin
1660 6217 1749 6282 nullo
1767 6220 1989 6283 contravenire
2007 6221 2066 6284 sub
2083 6243 2156 6308 pre·

335 6321 420 6385 dicta
451 6341 535 6406 pena
559 6319 670 6385 decern
693 6321 850 6384 librarum
873 6321 1133 6404 bononenorum,
1158 6327 1190 6384 et
1214 6343 1253 6385 ea
1277 6323 1400 6405 solnta,
1425 6323 1570 6408 predicta
1592 6324 1685 6388 firma
1708 6332 1920 6410 permaneant
1943 6335 1976 6390 et
1999 6334 2081 6392 rata.

424 6427 482 6510 (L.
499 6428 521 6509 †
539 6427 586 6510 S.)
609 6427 681 6512 Ego
705 6427 935 6511 La[n]francus
958 6428 1336 6516 Papiensis,i1nperialis
1359 6429 1432 6494 aule
1456 6431 1611 6514 notarius,
1632 6432 1762 6496 interfui
1787 6440 1818 6498 ot
1843 6441 1975 6519 rogatus
2004 6456 2023 6498 a
2043 6455 2156 6522 supra·

335 6536 427 6600 dietis
453 6536 600 6601 omnibns
623 6536 793 6601 Fratribus
817 6543 850 6599 et
873 6537 1147 6621 contrahentibus,
1170 6537 1254 6602 hanc
1278 6547 1400 6603 cartam
1425 6561 1466 6604 ex
1487 6541 1703 6625 jnstrumentc
1727 6542 1841 6628 scripsi
1864 6549 1896 6606 et
1919 6544 2092 6630 publicavi.

452 6675 520 6712 ron.
541 6677 572 6714 11.
2040 6671 2073 6720 st
