5490 7750
684 624 759 694 174
1471 642 1711 693 uonuuanns

682 799 829 864 omnibus
854 806 886 864 et
910 799 1046 886 singulis
1071 799 1264 886 supradictis
1289 798 1461 881 consensit,
1479 804 1511 862 ct
1533 819 1572 862 ea
1596 798 1704 862 omnia
1727 805 1759 862 et
1776 798 1905 884 singula
1920 797 2114 885 approbavit
2129 805 2162 862 ct
2177 798 2358 863 ratificavit.
2375 798 2498 864 Eodem

682 927 767 970 anno
792 914 823 970 et
849 905 1021 970 indictione
1047 905 1201 992 predicta,
1226 905 1277 969 die
1301 926 1387 969 nona
1411 911 1550 968 exeunte
1575 905 1721 990 augusti,
1746 905 1778 968 in
1810 905 1965 970 canonica
1995 905 2202 988 bononiensi,
2226 906 2428 990 presentibus
2450 914 2496 970 te-

680 1014 783 1078 stibus
807 1013 936 1077 domino
960 1012 1097 1077 Azolino
1122 1011 1391 1098 archipresbitero
1415 1012 1519 1098 plebis
1543 1012 1646 1076 sancti
1667 1012 1757 1076 Petri
1781 1013 1814 1076 in
1838 1012 1964 1096 Oasale,
1981 1013 2135 1098 nragistro
2158 1011 2306 1076 Guidone
2329 1013 2369 1076 de
2394 1013 2497 1096 Senis,

679 1121 809 1184 domino
833 1120 939 1206 Bingo
964 1119 1003 1184 de
1029 1119 1196 1183 Florentia
1219 1125 1252 1183 et
1273 1119 1409 1184 Nicolao
1433 1118 1569 1183 Orodini
1593 1119 1729 1202 notario,
1746 1119 1894 1183 dominus
1917 1119 2071 1184 Albertus
2095 1119 2183 1205 prior
2203 1118 2242 1184 de
2261 1119 2494 1206 Gangalangis,

680 1228 853 1292 canonicus
876 1227 1101 1308 bononiensis,
1127 1226 1274 1290 omnibus
1299 1234 1330 1291 et
1353 1227 1489 1311 singulis
1513 1226 1706 1312 supradictis
1730 1227 1901 1310 consensit,
1923 1232 1955 1290 et
1978 1247 2017 1290 ea
2041 1227 2149 1291 omnia
2172 1233 2205 1292 et
2228 1226 2356 1312 singula
2379 1249 2495 1314 appro-

679 1333 769 1398 barit
793 1341 826 1398 et
848 1334 1029 1398 ratificavit.
1046 1333 1171 1399 Eodem
1194 1354 1279 1398 anno
1303 1341 1335 1397 et
1359 1333 1532 1398 indictione
1556 1333 1711 1420 predicta,
1728 1333 1779 1398 die
1804 1334 1941 1420 septima
1964 1341 2103 1398 exeunte
2127 1335 2268 1419 augusti,
2286 1335 2318 1398 in
2342 1336 2496 1400 canonica

679 1442 782 1506 sancti
806 1442 896 1506 Petri
919 1441 1127 1524 bononiensi,
1148 1441 1350 1527 presentibus
1375 1441 1511 1505 testibus
1535 1440 1664 1505 domino
1688 1442 1825 1506 Azolino
1849 1441 2116 1528 archipresbitero
2141 1441 2245 1506 sancti
2267 1441 2357 1507 Petri
2380 1442 2412 1506 in
2437 1443 2496 1508 Ca·

678 1549 757 1631 sale,
775 1549 923 1629 Zanotto,
941 1549 995 1635 qui
1020 1548 1082 1612 fuit
1104 1549 1143 1612 de
1168 1548 1391 1634 Allegralcore
1416 1554 1448 1612 et
1469 1548 1678 1630 Parmesano,
1696 1549 1751 1634 qui
1767 1554 1831 1612 stat
1847 1570 1918 1640 curn
1935 1549 2064 1612 domino
2081 1548 2205 1613 Jacobo
2227 1548 2384 1614 Gnidonis
2399 1549 2495 1614 Lam·

678 1657 807 1740 bertini,
831 1656 979 1721 dominus
1002 1655 1180 1721 Ubertinus
1204 1655 1244 1720 de
1267 1655 1461 1741 MoutasigO,
1479 1656 1653 1720 canonicus
1676 1655 1893 1739 bononiensis,
1918 1657 2065 1721 omnibus
2089 1663 2121 1720 et
2144 1656 2280 1742 singulis
2304 1657 2494 1744 supradictis

679 1763 851 1847 consensit,
876 1769 908 1827 et
931 1784 970 1827 ea
994 1763 1101 1827 omnia
1125 1771 1157 1828 et
1180 1763 1308 1849 singula
1332 1763 1526 1849 approbavit·
1548 1769 1581 1826 et
1605 1762 1785 1827 notificavit.
1802 1761 1874 1848 Ego
1899 1763 2114 1828 Thomasinus
2135 1762 2174 1827 de
2191 1761 2377 1849 Magrleth,
2394 1765 2493 1852 impe·

678 1871 752 1934 riali
776 1871 966 1935 auctoritate
991 1871 1146 1953 notarius,
1171 1869 1312 1953 interfui,
1336 1875 1369 1934 et
1391 1877 1427 1933 ut
1451 1890 1549 1955 supra
1573 1869 1692 1956 legitur
1714 1877 1847 1956 rogatus
1878 1869 2018 1934 scribere
2042 1869 2208 1956 scripsi».

767 1977 857 2041 Nulli
881 1998 958 2062 ergo
983 1977 1111 2042 omnino
1135 1977 1300 2041 hominum
1327 1976 1424 2040 liceat
1454 1976 1538 2040 hano
1568 1977 1722 2063 paginam
1752 1983 1860 2042 nostre
1891 1977 2143 2042 confirmationis
2174 1984 2207 2042 et
2236 1978 2492 2044 communitionis

679 2083 855 2169 infringere
873 2083 925 2147 vel
948 2083 978 2147 ei
1002 2104 1083 2147 ausu
1106 2083 1277 2147 temerario
1301 2083 1471 2147 contraire.
1494 2082 1528 2147 Si
1551 2083 1622 2168 quis
1647 2089 1756 2146 autem
1779 2083 1840 2147 hoo
1863 2089 2023 2148 attentare
2040 2084 2281 2170 presumpserit,
2299 2084 2492 2170 indignatio-

678 2210 753 2254 nem
777 2189 1004 2275 0mnipotentis
1029 2189 1090 2253 Dei
1114 2211 1152 2254 ac
1174 2190 1344 2254 beatorum
1366 2189 1457 2254 Petri
1481 2195 1513 2254 et
1531 2189 1636 2272 Pauli,
1655 2190 1875 2275 apostolorum
1899 2191 1980 2275 ejus,
2005 2211 2039 2254 se
2063 2190 2190 2254 noverit
2213 2190 2426 2256 incursurum.

767 2297 890 2360 Datum
912 2295 1039 2360 Perusii
1062 2297 1302 2382 quartodecimo
1327 2295 1484 2361 kalendas
1504 2296 1588 2381 julii,
1613 2297 1818 2384 pontificatus
1842 2298 1942 2361 nostri
1966 2317 2051 2362 anno
2075 2318 2170 2363 nono.

1542 2617 1636 2682 XXI.

1418 2831 1514 2915 1253,
1541 2833 1582 2894 12
1604 2833 1754 2896 ianuarii.

970 3045 1022 3110 Ex
1045 3053 1131 3111 tomo
1154 3044 1281 3110 XLIII.
1309 3043 1382 3108 Cod.
1406 3045 1481 3130 dipl.
1509 3045 1622 3130 Gyma.
1647 3043 1714 3108 bon.
1739 3044 1844 3126 (num.
1869 3043 1940 3128 83),
1964 3045 2034 3110 doc.
2058 3045 2202 3112 XXVII.

762 3261 969 3326 Innocentius
993 3261 1051 3325 IV.
1064 3260 1102 3325 (¹)
1126 3259 1363 3324 Archidiacono
1389 3264 1421 3322 et
1447 3257 1539 3321 fratri
1561 3256 1692 3322 Danieli
1715 3259 1846 3323 Ordinis
1868 3259 2114 3324 Predicatorum
2137 3260 2294 3325 Bononio.

763 3369 882 3433 Dilecti
902 3369 969 3452 filii,
986 3368 1140 3432 Rectores
1164 3373 1196 3431 et
1218 3366 1422 3432 Universitas
1450 3365 1645 3428 scholarium
1669 3365 1914 3431 bononiensium
1934 3367 2072 3454 quedam
2088 3369 2238 3432 dicuntur
2261 3367 2399 3433 edidisse
2422 3369 2493 3433 Sta·

674 3483 744 3540 tuta
767 3476 910 3540 salubria
934 3483 965 3540 et
988 3477 1141 3559 honesta,
1166 3496 1228 3561 que
1252 3473 1294 3538 ad
1318 3473 1493 3538 utilitatem
1516 3479 1548 3536 et
1571 3472 1691 3536 bonum
1714 3481 1834 3538 statum
1857 3475 2000 3560 ipsorum
2024 3474 2204 3540 redundare
2233 3481 2427 3560 noscuntur;
2452 3477 2493 3540 ad

674 3605 810 3670 quorum
834 3583 1092 3648 observationem
1120 3605 1164 3666 se,
1186 3583 1371 3672 juramento
1401 3579 1546 3666 prestito,
1571 3580 1766 3665 obligarunt.
1790 3582 1858 3646 Nos
1881 3584 2001 3668 itaque,
2025 3583 2168 3669 ipsorum
2192 3582 2492 3670 supplicationibus,

675 3691 838 3773 inclinati,
863 3691 1053 3754 mandamus
1077 3697 1234 3776 quatenus
1259 3689 1389 3753 Statuta
1415 3687 1496 3772 ipsa,
1520 3695 1615 3772 prout
1639 3695 1713 3752 sunt
1743 3689 1831 3753 licita
1857 3697 1890 3754 et
1913 3691 2066 3773 honesta,
2091 3690 2282 3754 auctoritate
2314 3691 2492 3777 apostoliea

674 3797 911 3880 confirmantes,
936 3819 975 3861 ea
998 3797 1125 3861 faciatis
1148 3797 1282 3860 firmiter
1309 3793 1489 3876 observari,
1516 3795 1685 3858 contrariis
1709 3817 1773 3860 non
1797 3797 2017 3879 obstantibus,
2042 3797 2069 3861 si
2092 3797 2253 3883 aliquibus
2278 3803 2327 3862 est
2350 3798 2391 3862 ab
2415 3819 2492 3884 apo·

672 3904 785 3968 stolica
811 3904 894 3968 Sede
918 3904 1088 3987 indultum,
1106 3904 1192 3990 quod
1216 3903 1374 3985 interdici,
1391 3898 1545 3986 suspendi
1568 3901 1620 3964 vel
1644 3903 1915 3995 excommunicari
1939 3925 2004 3968 non
2023 3905 2148 3990 possint
2162 3925 2220 3991 per
2236 3905 2347 3969 literas
2364 3913 2492 3991 aposto-

671 4011 750 4075 licas
781 4032 846 4075 non
875 4011 1030 4075 iacientes
1053 4012 1183 4098 plenam
1207 4018 1239 4076 et
1262 4029 1450 4096 expressam
1479 4027 1517 4070 ao
1541 4007 1580 4072 de
1604 4011 1703 4076 verbo
1727 4011 1925 4076 adverbum
1960 4012 1999 4076 de
2030 4011 2154 4076 indulto
2186 4012 2372 4096 hujusmodi
2402 4035 2492 4078 men·

672 4118 803 4183 tionem.

760 4224 882 4289 Datum
907 4224 1044 4308 Perusii,
1069 4225 1209 4289 secundo
1233 4225 1304 4288 idus
1325 4227 1480 4311 januarii,
1505 4227 1710 4314 pontificatus
1733 4225 1835 4290 nostri
1859 4246 1943 4289 anno
1967 4224 2101 4314 decimo.

1523 4549 1635 4612 XXII.

1404 4762 1506 4846 1253,
1533 4763 1552 4826 9
1574 4761 1759 4848 septensbris.

1179 4975 1367 5040 Excedam
1392 4982 1489 5058 tomo,
1514 4975 1583 5040 doc.
1606 4975 1787 5061 XXVIII,
1813 4999 1839 5041 o.
1862 4977 1976 5042 XXII.

759 5191 967 5256 Innocentius
991 5213 1078 5278 papa
1102 5191 1161 5257 IV.
1171 5192 1211 5256 (2)
1235 5191 1473 5256 Archidiaoono
1495 5192 1697 5256 bononiensi.

760 5298 813 5362 Ad
836 5298 1047 5384 explicandos
1070 5299 1171 5364 nodos
1195 5298 1421 5384 multiplicium
1445 5299 1665 5385 questionum,
1690 5322 1770 5386 quos
1794 5301 1827 5364 in
1850 5300 1945 5364 rebus
1966 5301 2090 5385 jugiter
2121 5301 2380 5386 contingentibus
2404 5302 2490 5366 circa

670 5406 778 5470 varios
801 5405 932 5491 positivi
953 5406 1036 5490 juris
1060 5405 1214 5470 articulos
1237 5406 1377 5469 humane
1402 5405 1562 5490 indaginis
1588 5408 1686 5470 nectit
1709 5407 1887 5490 infirmitas,
1905 5407 2061 5471 nonnulla
2081 5407 2279 5492 temporibus
2299 5409 2418 5472 nostris
2435 5430 2490 5473 no·

669 5534 783 5576 varum
808 5512 1081 5577 Constitutionum
1105 5521 1138 5577 et
1161 5513 1381 5578 Decretalium
1402 5513 1612 5598 epistolarum
1627 5515 1769 5578 remedia
1785 5521 1986 5596 emanarunt,
2005 5536 2066 5600 que
2083 5514 2346 5601 predecessorum
2363 5524 2489 5581 nostro·

670 5641 741 5683 rum
766 5621 905 5684 strenuis
930 5626 1004 5684 sunt
1028 5620 1174 5706 subjecta
1197 5621 1373 5703 laboribus,
1397 5642 1454 5705 per
1477 5642 1556 5705 quos
1581 5619 1641 5684 fuit
1665 5621 1705 5684 ad
1729 5642 1896 5685 comunem
1921 5622 2063 5685 omnium
2079 5628 2111 5684 et
2128 5621 2269 5686 maxime
2290 5623 2490 5688 studentium

669 5727 843 5791 utilitatem
868 5727 1123 5812 vigilantissimis
1148 5728 1439 5812 excogitationibus
1463 5727 1666 5791 desudatum.
1683 5728 1815 5812 Verum,
1832 5728 1914 5792 sicut
1931 5728 2123 5814 accepimus,
2140 5729 2261 5793 eisdem
2282 5729 2490 5795 Constitutio-

669 5836 764 5899 nibus
789 5841 821 5899 et
847 5835 1072 5900 Decretalihus
1097 5837 1236 5922 quedam
1259 5836 1321 5900 alie
1352 5837 1412 5899 sub
1444 5845 1553 5901 nostro
1586 5837 1730 5900 confecta
1761 5838 1889 5900 nomine
1922 5838 1963 5901 ab
1994 5837 2155 5922 aliquibus
2187 5839 2383 5920 inseruntur,
2408 5861 2489 5926 quas

669 5951 779 6008 nostre
804 5944 1047 6030 approbationis
1071 5965 1110 6009 co
1135 5965 1198 6009 non
1222 5944 1372 6030 provexit
1396 5945 1580 6026 auctoritas,
1605 5952 1641 6008 ut
1664 5966 1737 6008 cum
1760 5945 1846 6026 aliis,
1871 5967 1951 6030 quas
1974 5945 2081 6009 locum
2103 5945 2224 6010 habere
2249 5947 2433 6010 censuimus
2458 5948 2488 6011 in

666 6050 796 6137 judiciis
830 6060 862 6115 et
894 6052 1012 6117 scholis
1044 6052 1184 6116 debcant
1215 6051 1336 6116 eisdem
1362 6051 1444 6135 juris
1469 6052 1605 6115 vinculis
1633 6052 1799 6116 contineri.
1824 6052 1873 6115 No
1904 6053 2003 6137 igitur
2025 6075 2084 6138 pcr
2107 6052 2368 6118 commixtionem
2391 6054 2490 6139 hujus

669 6159 828 6246 opinionis
852 6160 994 6242 cuilibet,
1015 6159 1130 6223 umbra
1154 6159 1294 6245 speciem
1318 6159 1380 6222 sibi
1403 6159 1547 6222 veritatis
1571 6181 1742 6246 usurpans,
1759 6159 1932 6247 aliquosin
1957 6161 2154 6224 confusionis
2178 6160 2317 6225 deducat
2332 6180 2488 6245 errorem,

751 6411 790 6474 (1)
810 6409 852 6460 Ex
874 6426 930 6478 reg.
950 6409 988 6460 II.
1007 6409 1162 6461 Innocentii
1181 6407 1244 6474 Ν,
1264 6426 1307 6478 cp.
1328 6412 1395 6475 338,
1415 6409 1462 6460 Iol.
1483 6411 1549 6475 229,
1686 6411 1724 6474 (2)
1745 6408 1787 6459 Ex
1806 6427 1861 6477 reg.
1876 6411 1955 6461 tertio
1975 6409 2129 6463 Innocentii
2143 6409 2205 6475 IV„
2219 6427 2262 6478 ep.
2275 6408 2315 6461 De
2327 6410 2406 6460 curia
2422 6409 2490 6474 111,

667 6517 711 6553 an.
731 6499 984 6566 MO0L111.,xss.
1004 6499 1131 6551 Ianuarii.
1605 6497 1652 6550 Iol.
1675 6502 1733 6566 129,
1753 6516 1796 6550 an.
1816 6498 1984 6566 Moesus,
2004 6499 2052 6551 IX.
2072 6499 2205 6569 septemb.
