5490 7750
543 635 591 704 92
1332 651 1572 702 nonunsnrn

537 811 663 875 Thadei
694 811 744 874 sui
775 810 833 874 filii
865 810 1101 896 quodammodo
1133 817 1164 873 et
1196 809 1334 894 qualiter
1367 809 1483 872 debeat
1513 809 1665 873 honorari
1698 809 1909 894 generaliter,
1934 810 2123 895 providere,
2149 809 2298 875 ordinare
2326 823 2358 876 et

537 919 675 982 firmare.

625 1027 665 1090 In
689 1025 916 1089 reformatione
942 1026 1033 1109 cujus
1057 1024 1202 1108 Consilij,
1227 1025 1312 1088 facto
1337 1026 1456 1110 partito
1480 1046 1537 1110 ρετ
1561 1025 1726 1088 dominum
1750 1024 1930 1088 Arnaldum
1953 1025 2121 1089 Vicarinm
2144 1025 2184 1090 de
2205 1024 2357 1108 sedendo,

534 1134 772 1198 adlevandum
796 1140 829 1196 et
853 1133 1056 1219 postmodum
1080 1132 1120 1196 ad
1145 1133 1357 1217 scruptinium
1381 1153 1454 1196 cum
1478 1132 1561 1196 fabis
1586 1132 1668 1196 albis
1693 1139 1725 1196 et
1749 1133 1850 1216 nigris
1866 1133 1950 1197 datis
1967 1133 2166 1198 Consiliariis
2182 1133 2259 1198 dicti
2276 1133 2359 1198 Con·

534 1243 597 1304 silii
622 1263 679 1327 ρετ
702 1242 888 1305 bannitores
912 1240 1029 1326 Populi
1053 1247 1086 1304 et
1100 1240 1303 1325 postmodum
1320 1240 1476 1303 restitutis
1493 1241 1534 1303 ab
1551 1241 1597 1304 eis
1615 1239 1813 1304 Consiliariis
1831 1240 1984 1304 fratribus
2001 1241 2209 1305 heremitanis
2227 1241 2358 1306 Ordinis

534 1349 637 1413 sancti
661 1349 683 1414 J
685 1349 777 1413 acobi
798 1355 898 1412 strate
915 1349 1018 1412 sancti
1034 1346 1164 1429 Donati,
1181 1347 1303 1433 placuit
1319 1347 1512 1432 ponentibus
1529 1347 1622 1410 fabas
1640 1347 1741 1430 albae,
1760 1347 1814 1432 qui
1831 1347 1962 1412 fuerunt
1979 1369 2111 1412 numero
2128 1349 2357 1434 quadringenti

534 1456 751 1542 quadraginta
775 1462 909 1543 septem,
933 1454 1018 1540 quod
1040 1476 1101 1544 ρετΙ
1122 1454 1298 1518 Commune
1323 1461 1355 1518 et
1378 1453 1540 1539 Populum
1564 1454 1710 1518 Bononie
1742 1455 1811 1518 fieri
1842 1455 1959 1519 debeat
1987 1477 2123 1542 magnus
2147 1457 2250 1520 honor
2273 1457 2358 1522 dicto

533 1564 663 1628 domino
688 1563 820 1628 Thadeo
845 1563 1053 1644 benemerito,
1072 1571 1104 1626 et
1128 1561 1213 1648 qnod
1237 1561 1385 1625 dominns
1409 1563 1558 1626 Potestas
1583 1569 1614 1625 ct
1638 1563 1786 1626 dominns
1811 1562 2007 1648 Capitaneus
2031 1572 2207 1650 presentes,
2225 1566 2279 1650 qui
2300 1586 2358 1650 pro

532 1678 677 1757 tempore
701 1671 831 1753 fuerint,
851 1670 987 1734 Antiani
1010 1678 1042 1734 et
1066 1669 1221 1734 Consules
1245 1677 1429 1755 presentes,
1455 1677 1486 1734 et
1510 1671 1565 1755 qni
1589 1692 1647 1756 pro
1671 1677 1814 1756 tempore
1839 1671 1959 1735 fuerint
1987 1693 2059 1735 cum
2089 1671 2305 1758 Sapientibus,
2331 1672 2359 1734 si

534 1800 613 1866 quos
636 1779 758 1842 habere
781 1777 953 1861 voluerint,
978 1777 1120 1841 habeant
1144 1777 1204 1862 ipsi
1228 1785 1260 1840 et
1283 1777 1388 1860 rnajor
1411 1799 1486 1863 pars
1513 1777 1654 1863 ipsorum
1679 1799 1805 1863 purum,
1830 1799 1964 1860 merum,
1988 1778 2127 1842 liberum
2150 1786 2182 1842 et
2205 1779 2358 1864 generale

535 1886 703 1951 arbitrium
727 1894 759 1950 ct
782 1885 925 1971 bayliam
950 1885 1150 1971 providendi,
1175 1883 1344 1948 ordinandi
1368 1891 1401 1948 ct
1424 1885 1615 1970 disponendi
1639 1886 1746 1948 omnia
1770 1892 1802 1948 et
1826 1885 1971 1970 singula,
1997 1907 2060 1971 quc
2084 1887 2141 1970 eis,
2166 1887 2217 1951 rel
2241 1888 2358 1970 majori

533 1995 618 2080 parti
643 2015 753 2058 eorum
777 1993 972 2057 ridebuntur
995 1993 1167 2056 convenire
1191 1993 1224 2054 in
1248 1991 1437 2056 honorando
1462 1999 1493 2055 et
1517 2013 1614 2056 causa
1631 1992 1811 2057 honorandi
1829 1992 1994 2057 dominnm
2011 1993 2178 2058 Thadcum
2195 1995 2358 2080 prefatum

534 2102 567 2165 in
591 2107 751 2166 conventu
775 2109 807 2164 et
830 2101 915 2165 circa
940 2108 1132 2164 conventum
1153 2100 1222 2183 jam
1247 2098 1367 2162 dictum
1391 2107 1422 2162 et
1446 2101 1516 2183 ejus
1541 2101 1718 2180 occasione,
1735 2107 1767 2164 et
1789 2101 1940 2186 quicquid
1964 2101 2139 2187 provisum,
2164 2101 2357 2184 ordinatum,

533 2208 724 2294 dispositum
755 2229 811 2271 seu
836 2207 1024 2270 mandatum
1047 2207 1145 2270 fuerit
1167 2227 1225 2292 per
1249 2227 1303 2268 eos
1334 2205 1386 2269 rel
1411 2207 1567 2290 majorem
1590 2212 1716 2292 partem
1744 2207 1887 2292 ipsorum
1911 2207 1943 2272 in
1967 2207 2147 2294 predictos,
2175 2209 2261 2273 circa
2285 2231 2358 2295 pre·

534 2315 620 2380 dicta
644 2323 676 2378 et
700 2314 866 2400 quodlibet
896 2313 1114 2399 predictorum
1137 2335 1249 2377 eorum
1273 2321 1305 2376 et
1329 2312 1502 2396 cujuslibet
1525 2335 1635 2377 eorum
1664 2315 1842 2396 occasione,
1865 2315 1973 2379 valeat
1997 2323 2028 2380 et
2052 2323 2161 2380 teneat
2184 2323 2216 2380 et
2239 2317 2358 2381 habeat

531 2424 664 2508 plenum
686 2423 784 2486 robur
808 2429 840 2484 et
863 2421 992 2485 effectui
1016 2420 1227 2485 demandetur
1251 2420 1282 2484 in
1309 2420 1453 2505 qnalibet
1477 2428 1567 2506 parte
1592 2421 1651 2502 sni,
1676 2443 1734 2506 per
1758 2421 1923 2486 dominnm
1946 2422 2167 2507 Potestatem,
2192 2424 2358 2488 dominnm

534 2529 747 2616 Capitancum
770 2536 936 2616 presentes
960 2537 992 2592 et
1016 2529 1141 2592 futuros
1165 2535 1197 2592 ct
1221 2529 1396 2613 quemlibet
1421 2549 1532 2592 corum
1556 2535 1587 2592 et
1611 2529 1754 2614 ipsorum
1778 2535 1810 2592 et
1835 2530 2007 2614 cujuslibet
2031 2551 2142 2594 sorum
2166 2530 2305 2596 famulos
2326 2539 2359 2596 et

535 2659 752 2723 quoscumque
778 2638 858 2700 alios
883 2637 1034 2701 officiales
1059 2637 1245 2701 Communis
1269 2644 1301 2700 et
1324 2637 1442 2722 Populi
1465 2636 1611 2700 Bononia
1636 2643 1668 2700 et
1691 2658 1910 2724 quoscumque
1933 2638 2025 2720 alios,
2043 2646 2075 2702 et
2091 2638 2177 2724 quod
2193 2638 2357 2703 Berardns

536 2745 575 2808 do
599 2745 841 2828 Bombolognis,
859 2743 1035 2808 Massarius
1059 2751 1091 2806 et
1120 2744 1280 2828 generalis
1305 2729 1529 2830 Dcp'ositnrius
1554 2745 1658 2808 everis
1685 2744 1870 2808 Communis
1895 2746 2040 2810 Bononia
2064 2753 2097 2810 et
2125 2747 2260 2834 quilibet
2287 2747 2358 2831 ejus

534 2873 701 2917 successor
724 2859 873 2916 teneatur
896 2860 928 2915 et
952 2851 1069 2915 debeat
1094 2851 1200 2915 facero
1225 2858 1256 2915 ct
1280 2852 1404 2915 solvere
1429 2873 1539 2915 onmes
1563 2873 1723 2937 expensas
1748 2859 1779 2916 ct
1804 2854 2000 2938 quantitates
2025 2855 2175 2940 pecunie,
2200 2875 2261 2940 que
2285 2875 2359 2940 pro·

536 2961 615 3042 vise,
639 2960 792 3045 disposite
821 2981 878 3022 sen
902 2959 1053 3024 mandate
1078 2959 1197 3022 fuerint
1220 2981 1278 3044 per
1301 2959 1461 3044 predictos
1486 2960 1651 3023 dominnm
1675 2959 1885 3042 Potestatem,
1904 2960 2127 3046 Capitanenm,
2144 2962 2305 3027 Antiancs
2328 2968 2361 3025 et

535 3068 702 3149 Consules,
728 3067 897 3154 Sapientes
921 3067 972 3130 rel
996 3068 1152 3150 majorem
1176 3075 1301 3152 partem
1326 3089 1436 3130 eorum
1461 3069 1492 3130 in
1516 3068 1676 3154 predictos
1700 3076 1732 3132 et
1755 3069 1972 3152 predictorum
1997 3071 2182 3152 occasione,
2207 3090 2244 3133 ac
2269 3070 2296 3134 si
2319 3070 2359 3132 de

537 3177 583 3239 eis
609 3175 641 3238 in
666 3175 808 3261 presenti
833 3175 1062 3238 reformatione
1087 3173 1173 3237 facta
1197 3183 1281 3238 esset
1305 3175 1424 3238 mentio
1450 3175 1609 3260 specialis,
1627 3175 1727 3239 libere
1750 3183 1782 3239 et
1805 3177 1946 3262 impune,
1963 3197 2027 3240 non
2052 3177 2199 3242 obstante
2220 3177 2253 3240 id
2277 3177 2362 3262 quod

535 3284 706 3369 prov'mnm
731 3283 828 3346 fuerit
851 3303 908 3367 per
932 3303 986 3346 eos
1018 3303 1083 3345 non
1107 3282 1279 3346 reducatur
1303 3282 1344 3345 ad
1368 3283 1545 3346 Consilium
1568 3282 1703 3368 Populi,
1728 3283 1814 3368 quod
1839 3305 1880 3346 ex
1904 3305 1989 3348 nnnc
2012 3285 2140 3349 firmum
2168 3286 2210 3349 sit
2238 3292 2270 3349 et
2300 3307 2359 3372 pro

534 3391 626 3454 firmo
651 3397 683 3453 et
706 3390 850 3474 legitime
876 3389 1007 3453 reducto
1031 3389 1199 3472 habeatur,
1225 3398 1257 3453 et
1279 3411 1337 3475 pro
1362 3411 1515 3476 expresso
1540 3391 1659 3476 scripto
1683 3397 1715 3454 et
1740 3391 1923 3476 specificato
1948 3399 1980 3455 et
2004 3393 2152 3478 apposito
2169 3392 2201 3456 in
2218 3394 2360 3478 presenti

536 3497 764 3561 reformatione
787 3496 957 3579 habeatur,
975 3517 1038 3559 non
1063 3497 1210 3560 obstante
1236 3496 1364 3560 Statuto
1392 3518 1448 3560 sen
1472 3497 1711 3580 reformatione,
1729 3519 1790 3583 que
1815 3498 1967 3584 loquitur,
1985 3499 2070 3584 qnod
2094 3501 2358 3586 quotiescumque

536 3604 659 3691 aliquid
682 3611 827 3668 remanet
855 3605 886 3668 in
923 3604 1114 3690 provisione
1144 3625 1201 3667 sen
1232 3604 1464 3669 deliberatione
1497 3606 1712 3669 Antianorum
1735 3613 1767 3669 et
1791 3605 1986 3689 Consulum,
2011 3628 2067 3672 seu
2091 3608 2272 3692 aliquorum
2299 3607 2357 3672 Sa-

537 3713 692 3799 pientum,
718 3711 803 3797 quod
827 3710 917 3794 illud,
935 3711 1021 3796 qnod
1044 3712 1210 3798 provisum
1234 3710 1341 3794 fucrit,
1359 3712 1532 3776 reducatur
1556 3713 1596 3776 ad
1621 3712 1799 3776 Consilium
1823 3713 1939 3799 Populi
1963 3721 1995 3778 et
2019 3714 2114 3778 aliter
2136 3715 2273 3800 prorixa
2297 3736 2360 3779 non

537 3819 679 3901 valeant,
697 3825 730 3883 et
753 3840 816 3883 non
842 3817 1044 3882 obstantibus
1069 3818 1229 3904 aliquibus
1255 3817 1392 3882 Statutis
1416 3826 1476 3884 etc.
1501 3819 1589 3884 Faba
1614 3820 1705 3906 nigre
1730 3820 1762 3883 in
1786 3820 1981 3884 contrarium
2006 3822 2109 3908 posite
2139 3822 2269 3886 fuerunt
2301 3843 2359 3886 nu·

536 3949 624 3992 mero
649 3927 840 4012 vigintidu0‚
865 3936 1093 3994 connumerata
1117 3935 1283 4013 utsupra.

626 4034 739 4099 Testes
762 4040 814 4110 αἰ
826 4037 1018 4123 Herigiptns
1043 4037 1209 4118 Zacharia,
1234 4040 1286 4110 q:
1298 4035 1474 4099 Nicholans
1498 4035 1620 4100 Donoli
1641 4036 1828 4100 bannitores
1851 4037 1969 4122 Populi
1992 4037 2148 4102 Bononio.

1384 4392 1508 4458 LVIII.

1341 4629 1434 4691 ⁴‘intro
1459 4629 1555 4692 1334.

593 4859 644 4923 Ex
671 4858 768 4922 Arch.
793 4859 881 4923 Max.
907 4859 1053 4942 Bonan,
1078 4881 1119 4923 ex
1144 4860 1225 4924 libro
1250 4860 1366 4944 vulgo:
1397 4886 1411 4917 «
1438 4860 1532 4924 Libro
1554 4863 1604 4926 dei
1629 4861 1783 4945 Confirreti
1807 4887 1821 4920 τ
1850 4862 1891 4927 ab
1916 4885 2000 4928 anno
2028 4866 2112 4928 128ss
2137 4863 2177 4928 ad
2205 4866 2300 4947 1335,

1131 4967 1147 5048 (
1158 4965 1218 5048 Iff.
1244 4966 1344 5030 ridelli
1367 4967 1553 5052 obauditi),
1577 4989 1663 5033 nurn.
1692 4971 1764 5034 173.

625 5217 664 5282 In
689 5219 817 5283 nomine
841 5218 990 5302 Domini,
1014 5239 1118 5282 amen.
1144 5217 1208 5281 llic
1238 5226 1286 5281 cst
1318 5217 1399 5281 liber
1427 5217 1494 5280 sire
1518 5225 1693 5302 quaternus
1717 5220 1750 5283 in
1774 5242 1808 5284 se
1832 5221 1998 5285 continens
2022 5243 2132 5286 omnes
2156 5229 2188 5286 et
2212 5222 2356 5307 singulos

535 5325 673 5390 rebelles
697 5335 729 5390 et
753 5326 996 5390 inobbedientes
1020 5325 1206 5390 Communis
1229 5325 1394 5406 Bononio,
1420 5325 1475 5411 qni
1499 5347 1562 5390 non
1594 5333 1752 5391 steterunt
1782 5349 1841 5391 nec
1872 5335 1958 5393 stant
1982 5329 2022 5393 ad
2054 5329 2192 5393 confinia
2223 5330 2269 5392 eis
2300 5349 2358 5416 ρετ

536 5433 713 5498 Commune
736 5434 882 5498 Bononio
906 5433 1086 5518 designato,
1104 5455 1163 5496 nec
1183 5433 1340 5498 dederunt
1356 5434 1562 5497 securitatem
1578 5433 1663 5496 infra
1680 5435 1851 5497 terminum
1867 5457 1924 5499 seu
1941 5436 2094 5501 terminos
2111 5438 2157 5500 cis
2174 5437 2356 5522 assignatos

535 5563 592 5626 per
617 5541 793 5605 Commune
818 5542 974 5625 Bononia,
991 5549 1087 5627 prout
1111 5541 1304 5604 tenebantur
1328 5548 1360 5604 et
1383 5540 1545 5604 debebant
1566 5541 1678 5626 vigore
1703 5541 1954 5607 Reformationis
1979 5544 2163 5609 Communis
2184 5552 2216 5608 et
2237 5544 2356 5630 Populi

534 5648 681 5712 Bononia
705 5649 745 5712 de
770 5649 816 5712 eis
839 5657 871 5712 et
894 5670 953 5734 ρτο
977 5650 1023 5712 eis
1047 5647 1133 5712 dicta
1156 5648 1323 5712 occasione
1348 5648 1450 5729 facte3
1475 5648 1597 5731 faetus,
1623 5649 1727 5712 editus
1751 5657 1782 5713 et
1805 5652 2000 5736 compositus
2024 5657 2168 5737 tempore
2193 5651 2356 5735 magnifici

535 5762 567 5819 et
587 5757 726 5842 potentis
751 5756 861 5820 militis
884 5755 1005 5820 domini
1029 5755 1159 5820 Riciard
1161 5757 1174 5839 j
1192 5755 1231 5819 de
1249 5755 1481 5839 Choncellerijs
1498 5755 1537 5819 de
1554 5756 1704 5840 Pistorio,
1721 5757 1919 5822 honorabilis
1936 5758 2105 5845 Ca-pitanei
2122 5758 2307 5823 Communis
2324 5767 2356 5823 et

534 5863 653 5950 Populi
678 5863 817 5927 civitatis
840 5863 1004 5945 Bononia,
1030 5869 1063 5927 et
1093 5863 1152 5926 sub
1183 5862 1331 5926 examine
1363 5863 1518 5949 sapientis
1549 5869 1581 5927 et
1608 5863 1738 5929 discreti
1765 5865 1826 5927 viri
1849 5865 1970 5928 domini
1993 5865 2152 5929 Johannis
2177 5865 2216 5929 de
2241 5864 2355 5931 Castro

534 5971 734 6054 Florentino,
751 5970 876 6035 Judieis
900 5978 932 6034 et
956 5971 1138 6034 Assessoris
1163 5969 1240 6053 dictj
1265 5970 1386 6054 dominj
1413 5951 1585 6056 Capitanej'
1607 5993 1664 6058 per
1688 5972 1793 6057 ipsum
1809 5972 1972 6036 dominum
1990 5971 2202 6057 Capitoneum
2219 5971 2260 6035 ad
2276 5973 2356 6037 ban·

534 6079 630 6143 chum
661 6078 821 6143 bonorum
850 6078 1037 6160 rebellium,
1063 6076 1371 6162 condempnatorum
1395 6084 1428 6141 et
1450 6078 1732 6164 exbampnitornm
1757 6079 1942 6142 Communis
1966 6079 2112 6144 Bononia
2136 6079 2299 6166 deputati,
2324 6086 2356 6143 et

533 6186 671 6273 scriptus
695 6207 753 6272 per
769 6207 820 6250 me
838 6185 1051 6268 sinibaldum,
1070 6185 1171 6248 filium
1188 6184 1262 6248 olim
1287 6185 1434 6269 magistrj
1460 6185 1633 6270 Thomaxij
1657 6185 1762 6250 FixIci
1785 6185 1825 6250 de
1849 6186 1999 6269 Pistorio,
2024 6187 2195 6268 notarium,
2216 6193 2248 6250 et
2271 6207 2355 6251 nunc

533 6294 695 6358 notarium
720 6301 752 6358 et
775 6293 940 6357 offitialem
964 6291 1041 6356 dicti
1064 6290 1185 6356 domini
1210 6291 1391 6377 Capitonej,
1409 6313 1467 6378 per
1490 6293 1595 6378 ipsum
1619 6292 1796 6357 Commune
1820 6293 1861 6357 ad
1885 6293 2006 6358 dictum
2022 6293 2156 6357 offitium
2172 6293 2355 6379 specialiter

533 6401 742 6487 deputatum,
766 6401 827 6465 sub
859 6421 944 6464 anno
977 6399 1155 6464 nativitatis
1186 6398 1319 6484 Dominj
1344 6398 1513 6464 millesimo
1538 6421 1601 6464 ccc.
1626 6394 1721 6464 xxx.⁰
1743 6400 1809 6485 iiij,
1834 6400 2007 6466 indictione
2031 6399 2186 6483 secunda,
2211 6407 2355 6486 tempore

533 6508 654 6573 domini
677 6508 836 6573 Iohannis
862 6529 945 6595 pape
969 6504 1076 6592 xxij.di
