5544 7750
1088 670 1283 719 APPENDIX
1310 669 1462 719 ALTERA

358 833 455 908 rarat,
471 826 586 911 sitique
603 833 750 911 preterea
767 825 956 911 inexpiabili
973 831 1129 906 ureretur,
1143 831 1243 889 strato

357 933 493 1019 hospitis
519 955 666 1018 surgens,
688 955 722 997 os
747 933 780 996 in
804 954 871 1015 vas,
890 954 952 1018 quo
977 953 1062 1017 aqua
1085 932 1243 1014 hauritur,

359 1041 500 1124 immisit,
518 1042 648 1104 situlam
665 1041 817 1126 vulgares
838 1040 1013 1127 appellant,
1031 1062 1069 1104 eo
1094 1039 1177 1126 quod
1202 1041 1244 1102 si-

359 1149 415 1211 tim
439 1149 535 1230 levet,
553 1169 713 1233 maneque
734 1149 830 1230 lacto,
846 1156 994 1234 repertus
1011 1155 1059 1211 est
1075 1148 1195 1211 inserto
1212 1147 1244 1210 in

358 1257 488 1319 situlam
512 1257 617 1342 capite
644 1257 784 1319 animam
804 1256 986 1319 exhalasse.
1004 1256 1129 1320 Occasu
1146 1255 1245 1340 igitur

358 1365 454 1450 periit
478 1363 622 1449 profecto
647 1371 737 1428 tanto
762 1364 832 1427 viro
857 1362 1089 1448 indignissimo,
1112 1384 1175 1426 non
1199 1368 1245 1425 ta·

357 1493 431 1534 men
456 1471 524 1534 sine
538 1519 636 1534 .....
655 1470 736 1533 Cum
760 1469 811 1534 hic
832 1477 965 1556 propter
981 1491 1029 1552 ea,
1048 1490 1109 1554 que
1126 1469 1245 1554 scripta

357 1578 390 1640 in
411 1579 484 1662 jure
510 1576 703 1661 reliquerat,
728 1577 761 1639 in
793 1577 948 1640 honorem
971 1575 1133 1639 Bonifaeii
1156 1575 1244 1640 Juris

358 1683 514 1748 Canonlci
538 1684 667 1768 regulas
689 1690 947 1764 commentasset,
965 1683 1149 1768 exemplum
1165 1703 1243 1746 sane

355 1791 562 1854 utilissimum
588 1797 636 1854 est
660 1791 836 1854 clarissime
861 1791 992 1854 scientie
1015 1791 1104 1871 viris,
1122 1797 1157 1852 ut
1176 1789 1242 1853 suis

356 1900 514 1963 contentis
538 1899 670 1962 secretis
695 1905 747 1962 etc.

418 2114 496 2199 Cap.
521 2113 599 2177 XII.
624 2112 673 2177 De
699 2112 843 2177 Taddeo.

381 2277 432 2340 De
457 2276 588 2340 Taddeo
613 2275 735 2362 phisico
760 2275 880 2361 insigni
904 2283 936 2338 et
960 2281 1212 2339 commentatore

528 2385 700 2448 multorum
723 2384 880 2448 librorum
904 2383 1071 2446 medicine.

842 2475 850 2496 ,

416 2546 672 2610 Commemoravi
696 2546 899 2627 florentinos,
925 2567 1004 2629 quos
1029 2545 1155 2630 Legum
1179 2544 1239 2608 Oa-

353 2675 537 2739 nonmnque
561 2653 677 2740 peritia
701 2653 778 2717 fecit
795 2654 948 2717 illustres.
967 2652 1122 2739 Superest
1137 2660 1173 2716 ut
1189 2673 1238 2716 re·

353 2761 475 2843 feram,
501 2762 556 2845 qui
588 2783 628 2823 ex
656 2761 789 2846 reliquis
814 2761 930 2824 uostris
956 2760 1112 2824 medicine
1136 2767 1239 2822 artem

354 2869 478 2933 curioso
503 2868 588 2930 fame
605 2868 712 2932 sonitu
728 2867 859 2931 fuerunt
875 2867 1024 2931 assecuti.
1042 2867 1131 2930 Inter
1148 2888 1237 2952 quos,

354 2977 409 3062 qui
433 2983 542 3040 nostra
563 2975 718 3038 memoria
734 2975 849 3038 haberi
863 2976 997 3060 possint,
1015 2975 1135 3059 primus
1153 2973 1238 3037 'Pad-

353 3084 432 3146 deus
455 3083 608 3169 physicus
632 3083 809 3145 maximnm
837 3082 975 3146 obtinuit
1003 3082 1237 3167 principatum,

352 3192 486 3276 ejusque
511 3190 643 3254 scientie
666 3190 809 3276 palmam
833 3191 1019 3275 promeruit.
1044 3189 1108 3252 Hic
1125 3188 1238 3253 obscu-

352 3299 396 3360 ris
420 3298 608 3383 parentibus
636 3297 801 3362 Florentia
832 3305 927 3360 natus
958 3303 1023 3379 est,
1048 3297 1118 3360 loco
1150 3295 1238 3359 haud

351 3407 488 3469 rnnltmn
513 3405 644 3468 distanti
669 3426 688 3468 a
712 3405 814 3468 veteri
837 3405 947 3491 platea
976 3403 1236 3486 Predicatorum,

352 3534 517 3598 annosque
542 3512 679 3598 pueritie
703 3521 735 3576 et
759 3511 975 3576 adolescentie
995 3533 1051 3576 sue
1068 3512 1187 3596 segnis,
1204 3518 1237 3573 et

351 3621 444 3706 quasi
467 3621 574 3684 animo
599 3626 804 3683 consternato
826 3620 953 3704 abjecte
969 3619 1124 3700 exercuit,
1142 3625 1174 3682 et
1190 3617 1236 3682 vi-

350 3729 480 3792 lissimis
505 3727 631 3791 deditus
656 3727 858 3810 ministeriis,
883 3735 1063 3812 questuque
1086 3725 1236 3811 ignobili,

352 3835 407 3899 diu
430 3836 671 3921 pauperrimam
691 3835 792 3899 vitam
813 3834 1057 3920 squalidamque
1073 3834 1236 3919 produxit.

351 3943 495 4028 Cumque
516 3943 586 4027 jam
610 3943 642 4005 in
666 3943 734 4006 dies
759 3942 944 4005 maturisset
968 3963 1042 4006 suos
1067 3949 1099 4005 et
1122 3941 1162 4006 ad
1180 3963 1236 4004 an-

350 4072 427 4114 num
451 4072 552 4135 usque
581 4050 782 4134 trigesimum
806 4049 975 4113 tenebroso
1000 4049 1161 4136 oppilatas
1186 4070 1236 4113 ce-

350 4158 444 4222 rebro
459 4158 669 4244 pervenisset,
687 4179 789 4242 eoque
806 4157 934 4220 interim
951 4157 1043 4242 quasi
1063 4157 1236 4242 consopitis

350 4266 497 4330 sensibus
521 4265 660 4350 vigilans
685 4265 889 4347 dormitaret,
914 4265 1002 4329 etin
1026 4265 1108 4328 atrio
1133 4264 1235 4328 sancti

350 4373 518 4436 Michaelis
550 4373 582 4435 in
616 4372 695 4437 Orto
721 4372 951 4435 minutissimas
983 4371 1151 4455 candelas,
1176 4373 1235 4434 im·

349 4487 486 4567 portnue
510 4501 544 4543 se
568 4479 767 4565 emptoribus
790 4479 951 4563 ingerens,
976 4479 1174 4560 venditaret,
1199 4487 1236 4542 ut

349 4587 424 4652 inde
448 4587 663 4652 miserabilem
689 4587 791 4650 aleret
813 4586 932 4668 vitam;
957 4586 1080 4650 exactis
1103 4585 1234 4650 tandem

349 4695 442 4758 annis
459 4696 603 4779 triginta,
620 4694 805 4780 grossisque
822 4694 1019 4779 consumptis
1034 4693 1233 4776 humoribus,

352 4823 432 4887 quos
456 4802 613 4866 medicine
637 4801 732 4887 periti
755 4801 869 4865 volunt
892 4801 1019 4886 pigram
1043 4808 1152 4865 tenere
1176 4822 1233 4864 na-

349 4914 456 4972 turam
479 4909 649 4993 animeque
674 4909 877 4994 operationes
902 4909 1069 4993 ipsamque
1094 4909 1233 4994 comple-

350 5016 499 5097 xionem,
525 5037 586 5100 que
610 5016 858 5078 instrumentum
882 5016 952 5099 ejus
981 5025 1030 5079 est
1059 5015 1233 5101 impedire,

350 5123 414 5208 qui,
440 5129 633 5208 cooperante
658 5129 783 5204 natura,
804 5123 837 5185 in
862 5129 1004 5208 tempore
1029 5122 1234 5185 resolvuntur

350 5229 518 5316 ipsumque
557 5229 719 5292 homiuem
753 5249 811 5292 suo
846 5229 1024 5292 intellectui
1060 5229 1234 5292 restituunt

350 5345 526 5424 aptumque
550 5337 689 5401 reddunt
712 5337 944 5424 complexionis
971 5337 1231 5419 instrumentum,

349 5446 397 5508 uti
421 5451 491 5508 erat
513 5445 674 5530 ineptum3
699 5443 850 5508 Taddeus
875 5443 967 5529 quasi
983 5444 1066 5508 alter
1081 5450 1114 5507 et
1130 5464 1233 5507 novus

349 5552 445 5616 homo
477 5559 683 5637 experrectus
715 5573 845 5633 somno,
869 5559 901 5615 et
930 5552 1021 5637 quasi
1045 5551 1084 5614 de
1108 5551 1233 5636 perdite

348 5667 548 5724 restauratus
565 5660 705 5744 ingenio,
720 5659 881 5744 querende
895 5659 1027 5723 scientie
1044 5660 1129 5746 cepit
1145 5679 1233 5723 amo-

349 5788 383 5830 re
406 5768 563 5850 flagrare3
581 5773 613 5830 et
637 5767 730 5851 quasi
745 5774 876 5830 renatus
893 5787 973 5852 puer
990 5765 1234 5830 addiscendum

348 5873 452 5959 prima
469 5874 629 5938 elementa
645 5895 781 5959 propere
799 5872 973 5937 festinavit.
992 5872 1233 5936 Grammaticen

349 5980 465 6045 deinde
489 5981 579 6044 brevi
603 5987 747 6066 tempore
779 5980 865 6045 felici
898 6002 975 6044 usus
989 6029 1084 6044 .....
1110 5980 1231 6046 didicit.

347 6088 455 6153 Parvo
480 6087 595 6151 deinde
620 6088 744 6173 quesite
765 6088 883 6151 viatico
899 6087 1080 6151 Bononiam
1096 6087 1231 6174 appulit,

349 6195 405 6259 nbi
428 6216 532 6280 egena
556 6202 724 6258 contentus
749 6194 816 6258 vita
839 6195 908 6258 sine
931 6195 1167 6258 intermissione
1183 6216 1233 6258 se-

349 6302 444 6367 dulus
468 6302 574 6366 studio
598 6303 780 6367 liberalium
801 6302 920 6366 artium
943 6303 1109 6388 omnisque
1130 6303 1233 6388 philo-

411 6535 450 6602 (ι)
471 6535 523 6586 sa.

2114 648 2190 719 295

1309 825 1420 911 sophie
1444 845 1503 910 per
1525 824 1610 887 diem
1633 831 1731 910 atque
1755 829 1880 888 noctem
1897 824 2035 906 vacavit,
2052 830 2193 910 tempus-

1309 953 1371 1016 que
1402 933 1487 1017 quod
1518 954 1577 1018 per
1611 932 1730 995 malam
1760 930 2018 1017 complexionem
2041 931 2193 995 amiserat

1308 1062 1500 1126 recuperare
1524 1041 1630 1104 studio
1654 1047 1686 1103 et
1706 1040 1874 1126 diligentia
1890 1041 2090 1126 permaxima
2107 1048 2191 1104 sata-

1308 1148 1417 1233 gebat,
1435 1149 1479 1211 ita
1505 1156 1540 1211 nt
1564 1149 1640 1212 hore
1665 1155 1862 1212 momentum
1882 1147 2042 1234 perditum
2065 1147 2105 1210 iri
2128 1169 2192 1212 non

1309 1256 1438 1338 sineret,
1455 1263 1621 1342 totumque
1645 1277 1679 1320 se
1703 1257 1734 1319 in
1752 1255 1928 1342 disciplinis
1945 1256 2111 1320 concessit.
2128 1255 2191 1319 Po-

1309 1371 1427 1426 stremo
1452 1363 1573 1428 studuit
1596 1363 1755 1427 Medicina
1779 1369 1812 1427 et
1834 1384 1896 1448 que
1921 1363 1961 1427 ad
1978 1385 2104 1427 omnem
2121 1364 2191 1448 ejus

1308 1472 1440 1535 scientie
1465 1479 1588 1557 partem
1617 1472 1816 1557 pertinerent
1847 1471 2086 1536 accuratissime
2118 1494 2191 1557 pcr-

1309 1586 1480 1660 scrutatus,
1493 1579 1746 1642 solemnissimus
1761 1579 1839 1641 artis
1854 1576 1973 1642 Ductor
1986 1578 2119 1643 effeetus
2131 1585 2190 1663 est,

1308 1686 1528 1772 susceptisque
1553 1707 1595 1748 ex
1618 1685 1748 1772 publico
1773 1685 1910 1768 salariis,
1927 1685 2120 1750 medicinam
2137 1686 2191 1750 diu

1305 1791 1452 1855 Bononia
1476 1792 1584 1856 docuit
1607 1799 1639 1856 et
1662 1792 1901 1856 accuratissime
1921 1793 2121 1878 practicavit.
2137 1792 2191 1857 Ex

1306 1899 1417 1985 primis
1441 1899 1597 1986 siquidem
1623 1899 1849 1964 modernorum
1873 1898 1943 1982 fuit,
1961 1901 2016 1985 qui
2040 1901 2117 1964 artis
2142 1923 2189 1965 se·

1305 2007 1483 2071 cretissima
1500 2006 1559 2070 sub
1573 2015 1740 2071 auctorum
1753 2007 1846 2070 dictis
1863 2008 1997 2070 latentia
2015 2010 2188 2094 aperuerit,

1305 2121 1401 2200 atque
1427 2115 1663 2196 monstraverit,
1688 2135 1887 2200 agrumque.
1903 2163 1910 2178 .
1925 2163 1954 2178 ..
1977 2121 2009 2178 et
2032 2116 2188 2180 incultum

1304 2222 1459 2286 sulcando
1483 2222 1600 2286 futuris
1628 2222 1801 2286 feminibus
1832 2221 1959 2308 optimis
1991 2224 2187 2309 preparavit.

1303 2329 1368 2394 Hic
1392 2351 1585 2415 quamquam
1612 2330 1796 2394 adventitiis
1820 2331 1935 2414 spretis
1959 2330 2067 2413 lucris,
2086 2331 2188 2415 glorie

1303 2436 1438 2523 cupidus
1474 2444 1505 2501 et
1540 2437 1689 2519 honoris,
1714 2436 1968 2500 commentandis
2004 2438 2188 2502 auctoribus

1304 2545 1461 2608 medicine
1486 2566 1618 2631 operam
1641 2544 1817 2627 concessit;
1835 2566 1898 2630 qua
1923 2547 1954 2608 in
1976 2567 2010 2610 re
2026 2552 2115 2609 tante
2132 2568 2188 2610 an·

1303 2653 1461 2716 ctoritatis
1484 2652 1583 2716 fuisse
1608 2652 1746 2715 relatum
1769 2659 1828 2734 est,
1849 2659 1884 2716 nt
1908 2673 1968 2737 que
1989 2674 2047 2738 pro
2071 2653 2187 2738 glossis

1302 2759 1472 2823 ordinariis
1496 2759 1702 2842 haberentur,
1728 2780 1788 2845 que
1813 2760 1955 2844 operosis
1980 2761 2187 2826 rnedioinelll

1301 2867 1519 2931 voluminibus
1544 2869 1690 2953 apposite
1714 2867 1822 2950 fuere,
1847 2875 1936 2931 tante
1966 2868 1999 2931 in
2030 2890 2069 2931 ea
2092 2868 2186 2934 disci-

1302 2975 1391 3060 plina
1414 2975 1644 3060 reputationis,
1668 2980 1788 3059 quante
1816 2975 1849 3038 in
1880 2974 2006 3058 legibus
2038 2976 2187 3040 civilibus

1301 3082 1460 3164 Accursii,
1483 3082 1535 3146 cui
1558 3089 1590 3145 et
1613 3081 1681 3166 ipse
1705 3088 1993 3166 contemporaneus
2017 3081 2087 3146 luit.
2112 3084 2186 3148 Duo

1302 3190 1460 3275 siquidem
1485 3190 1624 3253 civitatis
1647 3197 1755 3254 nostre
1779 3189 1905 3276 sydera,
1923 3211 1984 3274 que
2001 3189 2081 3254 duas
2104 3191 2186 3256 inter

1304 3297 1444 3382 reliquus
1462 3297 1612 3360 celsiores
1628 3296 1837 3382 utilioresque
1855 3295 1895 3360 ad
1912 3297 2188 3362 conservationem

1301 3404 1441 3468 humane
1466 3411 1580 3468 nature
1605 3411 1707 3486 artes,
1732 3411 1800 3467 tum
1824 3404 1856 3466 in
1881 3404 2024 3467 maxima
2046 3405 2185 3490 caligine

1301 3511 1496 3594 laborantes,
1510 3511 1605 3576 facile
1621 3511 1793 3575 redderent
1808 3519 1841 3575 et
1857 3519 1996 3598 apertas.
2009 3511 2073 3576 Hic
2089 3513 2185 3578 homo

1301 3640 1373 3682 cum
1388 3640 1488 3704 penes
1508 3619 1603 3683 italos
1620 3619 1713 3704 quasi
1736 3619 1818 3682 alter
1833 3619 1980 3705 Ypocras
2000 3619 2184 3704 haberetur,

1300 3728 1524 3812 egrotantibus
1559 3749 1616 3814 per
1650 3727 1780 3792 Italiam
1815 3728 2008 3813 ubicumque
2048 3728 2185 3792 dominis

1300 3835 1533 3920 temporalibus
1558 3835 1774 3920 divitibusque
1799 3834 1841 3898 ad
1864 3856 1976 3899 curam
1995 3837 2185 3900 enormitate

1300 3943 1411 4006 salarii
1435 3943 1621 4007 vocabatur.
1646 3942 1791 4028 Cumque
1820 3964 1878 4028 per
1901 3942 1969 4005 dies
1997 3965 2071 4007 suos
2099 3966 2184 4008 sum-

1300 4072 1371 4114 mus
1394 4050 1549 4114 Pontifex
1572 4051 1604 4113 in
1628 4051 1775 4114 morbum
1798 4071 1880 4136 pene
1904 4050 2036 4114 letalem
2056 4051 2184 4116 incidis·

1301 4165 1359 4240 set,
1380 4166 1412 4221 et
1435 4157 1602 4222 Taddeum
1627 4157 1667 4221 ad
1692 4158 1761 4241 ejus
1786 4179 1898 4221 curam
1921 4157 2071 4221 accersiri
2095 4180 2184 4223 man-

1299 4266 1418 4346 dasset,
1435 4264 1538 4350 deque
1555 4265 1669 4328 diurno
1687 4265 1805 4330 salario
1826 4266 1956 4330 minime
1972 4287 2030 4352 per
2046 4266 2184 4332 arbitros

1298 4373 1494 4454 conveniret,
1508 4372 1640 4436 'Paddeo
1657 4393 1715 4458 per
1731 4373 1815 4435 diem
1832 4379 1961 4436 centurn
1977 4394 2092 4436 aureos
2109 4396 2181 4460 per-

1298 4481 1448 4544 tinaciter
1471 4480 1673 4566 postulante,
1697 4479 1794 4564 idque
1824 4479 1979 4544 Pontifex
2002 4481 2183 4564 miraretur,

1299 4587 1456 4652 concessit
1485 4587 1617 4651 tandem
1648 4587 1679 4650 iu
1713 4595 1824 4650 votum
1857 4587 1999 4671 Taddei,
2024 4588 2183 4653 desiderio

1298 4695 1465 4778 sanitatis;
1490 4716 1626 4780 cumque
1650 4694 1821 4780 adipsum
1845 4694 1995 4758 Taddeus
2018 4696 2183 4781 pervenis-

1298 4809 1356 4885 set,
1375 4802 1422 4866 illi
1438 4801 1530 4888 Papa
1547 4802 1632 4887 oepit
1652 4802 1805 4865 duritiam
1824 4810 1856 4864 et
1880 4801 2050 4865 avaritiam
2074 4803 2182 4866 mode-

1298 4910 1436 4974 stissime
1454 4908 1662 4995 exprobrare,
1680 4909 1731 4972 cui
1747 4908 1801 4972 ille
1819 4908 1918 4971 animi
1937 4916 2101 4994 stuporem
2124 4909 2183 4972 fin·

1298 5038 1388 5102 gens,
1414 5016 1521 5098 miror,
1543 5015 1657 5101 iuquit,
1674 5037 1746 5079 curn
1770 5015 1842 5078 aliis
1866 5023 2058 5100 prevocatus
2082 5015 2183 5080 dorni-

1298 5124 1347 5187 nis
1371 5130 1403 5188 et
1422 5123 1569 5208 tyrannis
1585 5122 1775 5208 plerumque
1792 5144 1849 5208 per
1866 5122 1951 5185 diem
1968 5123 2073 5186 aureis
2091 5124 2183 5210 quin·

1298 5231 1464 5317 quaginta,
1489 5230 1541 5293 vel
1565 5230 1712 5316 pluribus
1736 5229 1874 5294 donatus
1902 5229 2037 5313 fuerim,
2062 5237 2098 5294 tu
2129 5231 2184 5316 qui

1297 5338 1545 5402 christianorum
1560 5338 1721 5400 maximus
1737 5358 1772 5400 es
1789 5337 1936 5400 dominus
1953 5343 2082 5400 centum
2100 5359 2182 5402 mer·

1297 5445 1400 5510 cando
1414 5445 1453 5510 (2)
1466 5446 1646 5530 negaveris,
1663 5445 1797 5531 pulchre
1821 5466 1899 5508 sane
1916 5451 1948 5508 et
1964 5444 2107 5509 modeste
2131 5468 2182 5509 ar·

1298 5574 1400 5638 guens
1417 5553 1589 5616 avaritiam
1605 5553 1633 5616 cl
1637 5601 1775 5616 ......
1799 5551 2000 5637 Factumque
2025 5553 2098 5616 inde
2123 5559 2182 5636 est,

1297 5667 1388 5724 utet
1419 5660 1551 5723 sanitati
1581 5660 1725 5724 redditus
1755 5682 1897 5723 summus
1920 5659 2088 5743 Pontifex,
2114 5660 2181 5724 sive

1298 5789 1373 5832 cure
1398 5767 1523 5850 merito,
1547 5768 1614 5831 sive
1638 5767 1806 5854 purganda
1831 5767 2021 5852 suspicionis
2046 5767 2181 5832 avaritie

1296 5875 1425 5958 intuitu,
1442 5875 1593 5939 'Paddeus
1616 5875 1728 5938 decern
1751 5874 1893 5938 millibus
1917 5875 2023 5939 aureis
2045 5875 2181 5938 donare-

1296 5991 1359 6066 tur,
1376 6004 1456 6068 quos
1480 6004 1591 6046 omnes
1614 5983 1665 6046 vir
1688 5990 1798 6046 sancte
1818 5982 1894 6064 vite,
1912 6003 1983 6045 curn
2000 5981 2181 6046 Bononiam

1295 6091 1493 6177 repedasset,
1510 6091 1542 6153 in
1566 6090 1837 6154 constructionem
1856 6089 2064 6175 hospitalium
2082 6097 2113 6154 et
2130 6111 2180 6153 ce-

1296 6198 1466 6262 nobiorum
1489 6198 1632 6284 piissime
1663 6197 1836 6282 arrogavit.
1860 6196 1925 6260 Hic
1955 6197 2180 6282 octogenarius

1296 6305 1443 6370 Bononia
1478 6311 1624 6369 mortuus
1656 6311 1705 6368 est
1735 6311 1768 6368 et
1798 6304 1953 6390 sepultus.
1978 6303 2181 6369 Admirabile

1360 6539 1399 6602 (2)
1419 6538 1463 6588 An
1482 6553 1523 6587 sne
1540 6536 1707 6588 revocando?
