5490 7750
626 604 699 676 118
1406 622 1646 674 uouuunrvua

622 778 807 865 supradicta
831 778 1003 842 sindicario
1027 785 1059 842 et
1082 777 1304 864 procuratorio
1329 777 1457 842 nomine
1481 778 1744 842 constituentium
1772 777 2004 864 predictorum,
2030 780 2260 844 constituentes
2284 781 2346 866 ipsi
2370 788 2440 845 rata

622 893 654 950 et
677 892 772 971 grata
795 885 952 950 haberent
976 894 1132 972 perpetuo
1158 892 1190 949 et
1213 892 1370 967 tenerent,
1388 884 1598 948 observarent
1621 891 1653 948 et
1677 885 1901 972 adimplerent,
1918 894 1950 949 et
1974 886 2061 972 quod
2084 893 2196 951 contra
2219 909 2258 951 ea
2281 889 2334 952 vel
2353 889 2438 975 ipso-

622 1015 693 1056 rum
717 993 848 1078 aliquod
871 993 961 1057 nullo
984 1000 1129 1080 tempore
1153 991 1298 1057 facerent
1328 992 1381 1056 vel
1406 991 1553 1056 venirent
1584 992 1693 1078 aliqua
1724 993 1867 1076 ratione,
1891 994 2077 1075 occasione,
2101 994 2207 1059 colore
2238 995 2291 1059 vel
2322 1017 2437 1081 eausa,

621 1099 755 1186 ipsaque
780 1099 887 1164 omnia
911 1106 943 1163 et
967 1099 1095 1184 singula
1119 1121 1218 1186 supra
1241 1105 1274 1165 et
1297 1098 1503 1184 infrascripta
1527 1099 1756 1164 constituentes
1773 1100 1892 1186 prefati
1908 1100 1993 1164 inlra
2009 1101 2127 1165 dictam
2144 1101 2350 1166 medietatem
2365 1125 2438 1189 pro·

621 1208 708 1272 xime
732 1215 808 1271 tunc
832 1207 1059 1290 latumano
1082 1207 1229 1293 proxime
1252 1207 1415 1292 proterite,
1440 1205 1686 1293 quadragesime
1710 1206 1744 1276 in
1767 1208 1929 1294 presentia
1953 1207 2063 1292 nuncij
2087 1230 2144 1272 seu
2169 1211 2358 1274 nunciorum
2382 1232 2437 1275 no·

621 1315 680 1378 stri
709 1315 761 1378 vel
792 1321 992 1396 nostrorum,
1018 1336 1113 1400 quem
1143 1315 1195 1378 vel
1227 1336 1307 1399 quos
1338 1313 1379 1378 ad
1403 1314 1464 1378 hoc
1487 1312 1716 1399 deputaremus
1740 1322 1772 1378 et
1802 1315 1843 1378 ad
1875 1316 2040 1380 civitatem
2070 1315 2218 1380 eamdem
2247 1317 2436 1384 duceremus

619 1430 790 1509 propterea
815 1422 1042 1486 destinandum
1068 1422 1122 1486 vel
1145 1421 1364 1504 destinandos,
1382 1443 1419 1485 ac
1443 1422 1476 1484 iu
1500 1443 1612 1486 eorum
1635 1423 1781 1508 generali
1805 1422 1946 1489 Consilio
1971 1424 2011 1487 ad
2035 1424 2096 1488 hoo
2120 1425 2304 1510 specialiter
2321 1448 2437 1491 convo-

621 1531 723 1596 cando
748 1537 780 1595 et
803 1529 950 1594 faciendo
975 1530 1008 1593 in
1032 1529 1162 1594 civitate
1185 1530 1323 1615 prefata,
1340 1535 1376 1592 ut
1399 1535 1448 1592 est
1471 1529 1569 1592 moris
1592 1527 1662 1594 fieri
1690 1537 1722 1594 et
1745 1530 1911 1594 observari
1935 1531 1967 1594 in
1992 1531 2101 1595 arduis
2125 1539 2157 1596 et
2180 1533 2358 1616 majoribus
2382 1555 2437 1598 ne·

620 1639 716 1724 gotiis
740 1638 879 1702 civitatis
903 1636 1059 1720 ejusdem,
1084 1637 1292 1719 affirmarent,
1317 1635 1553 1718 confirmarent,
1577 1637 1775 1702 ratificarent
1798 1644 1831 1701 et
1854 1638 2076 1723 emologarent
2103 1638 2269 1724 specifice,
2293 1640 2436 1726 singula·

619 1747 697 1812 riter
721 1753 753 1809 et
776 1766 939 1831 expresse,
964 1751 996 1808 et
1020 1765 1059 1808 ea
1082 1745 1181 1808 etiam
1204 1744 1265 1830 ipsi
1289 1743 1519 1808 constituentes
1542 1743 1739 1827 solemniter,
1755 1745 1962 1830 singulariter
1985 1753 2017 1809 ct
2040 1767 2193 1832 expresse
2212 1748 2436 1833 promitterent

620 1861 652 1918 et
672 1855 831 1937 jurarent,
856 1859 888 1916 et
911 1851 953 1915 ad
977 1851 1085 1916 omnia
1108 1857 1140 1915 et
1163 1851 1292 1936 singula
1315 1850 1472 1936 premissa
1496 1850 1699 1914 observanda
1722 1859 1754 1916 et
1777 1852 1967 1938 complenda
1990 1874 2025 1916 se
2049 1853 2234 1918 solemnitor
2254 1854 2436 1940 obligarent

619 1961 679 2024 sub
703 1967 792 2025 certa
814 1980 898 2045 pena
922 1979 1053 2022 romane
1077 1957 1261 2023 ecclesiast
1284 1959 1354 2040 ejus
1380 1955 1515 2020 Camere
1539 1958 1633 2022 toties
1658 1959 1885 2023 committenda
1909 1966 1941 2022 et
1964 1959 2178 2044 persolvenda
2202 1961 2327 2046 quoties
2347 1963 2435 2026 veni-

618 2076 690 2132 rent
713 2074 826 2131 contra
848 2066 1006 2152 premissa
1030 2066 1081 2130 vel
1104 2065 1232 2150 aliquod
1259 2065 1499 2150 premissorum.

708 2175 846 2260 Insuper
870 2173 1011 2237 sindicus
1034 2179 1067 2237 et
1088 2179 1278 2258 procurator
1302 2171 1481 2258 predictus,
1507 2172 1678 2238 sindicario
1703 2179 1736 2237 et
1759 2175 1980 2260 procuratorio
2012 2175 2140 2239 nominc
2172 2176 2434 2240 constituentium

618 2282 845 2368 predictorum,
863 2281 955 2345 nobis
975 2279 1139 2344 humiliter
1163 2280 1367 2365 supplicavit,
1384 2286 1420 2342 ut
1446 2280 1603 2366 premissa
1625 2279 1732 2344 orrrnia
1757 2288 1789 2344 et
1812 2281 1939 2366 singula
1962 2303 2020 2368 per
2043 2303 2115 2346 eum
2133 2282 2260 2348 nominc
2277 2283 2435 2347 dictorum

618 2388 881 2454 constituentium
905 2387 1081 2471 recognita,
1098 2386 1266 2472 promissa,
1285 2389 1434 2453 restituta
1451 2396 1482 2453 et
1499 2389 1707 2472 reintegrata,
1724 2394 1816 2472 gesta
1833 2394 1865 2452 et
1877 2391 1988 2472 jurata
2012 2410 2049 2452 ao
2073 2389 2193 2473 oblata,
2210 2389 2286 2453 data
2308 2398 2339 2453 et
2360 2411 2434 2455 con-

618 2498 730 2561 stituta
753 2495 845 2560 nobis
874 2501 906 2559 et
929 2495 1167 2558 successoribus
1191 2495 1308 2558 nostris
1331 2496 1473 2560 romanis
1496 2495 1700 2582 pontificibus
1725 2502 1756 2559 et
1779 2496 1884 2560 eidem
1899 2517 2031 2560 romane
2048 2498 2182 2561 ecclesie
2199 2519 2256 2583 per
2272 2519 2347 2562 eum
2363 2519 2436 2561 oum

617 2603 835 2690 predictarum
859 2603 1040 2686 adjectione
1064 2623 1221 2687 penarum
1244 2603 1388 2688 recipere
1413 2611 1445 2666 et
1467 2611 1647 2690 acceptare,
1667 2624 1705 2666 ao
1728 2610 1800 2666 rata
1824 2625 1861 2667 ac
1885 2610 1981 2688 grata
2004 2604 2124 2669 habere
2145 2612 2177 2668 et
2193 2611 2314 2686 tenere,
2331 2626 2434 2690 eaque

617 2710 794 2798 apostolico
818 2710 931 2773 fulcire
955 2709 1095 2795 presidio
1120 2709 1152 2771 in
1176 2721 1385 2794 perpetuum,
1410 2718 1442 2774 et
1466 2711 1621 2774 nonnulla
1645 2711 1710 2773 alia
1732 2710 1896 2796 postulata
1919 2732 1977 2796 per
2000 2732 2074 2775 eum
2097 2713 2225 2776 nornine
2249 2712 2433 2798 supradicto

614 2819 660 2884 eis
685 2818 726 2882 ad
750 2817 990 2904 beneplacitum
1008 2815 1101 2880 Sedis
1129 2816 1275 2899 ejusdem
1298 2817 1468 2880 dumtaxat
1492 2817 1678 2900 concedere,
1700 2839 1737 2881 ac
1761 2839 1940 2901 commune,
1957 2818 2198 2882 universitatem
2223 2828 2255 2884 et
2277 2820 2433 2906 populum

611 2923 813 3010 supradictos
838 2945 910 2986 oum
934 2922 1040 2986 cordis
1071 2923 1261 2986 contritione
1294 2944 1331 2986 ao
1360 2924 1537 3009 penitentia
1562 2931 1594 2987 et
1616 2924 1830 2988 amaritudine
1854 2925 1985 3006 mentis,
2009 2932 2045 2989 ut
2068 2925 2172 2988 dictus
2195 2925 2336 2990 sindicus
2361 2948 2432 3012 pre·

611 3030 785 3112 tendebat,
810 3029 938 3093 veniam
963 3036 995 3093 et
1018 3028 1269 3092 misericordiam
1295 3029 1519 3114 implorantes,
1544 3038 1576 3092 et
1600 3029 1640 3092 ad
1665 3030 1810 3114 ejusdem
1843 3030 1977 3094 ecclesie
2009 3031 2162 3095 mandata
2192 3031 2356 3096 humiliter
2384 3055 2434 3096 re·

613 3136 760 3219 deantes,
785 3137 826 3199 ad
850 3137 950 3222 ipsius
975 3135 1109 3199 ecclesie
1133 3136 1291 3219 gremium
1314 3136 1468 3222 recipere,
1493 3159 1530 3200 ac
1554 3158 1609 3201 eos
1633 3158 1691 3200 nec
1716 3159 1778 3200 non
1804 3137 1990 3200 comitatum
2013 3145 2046 3201 et
2073 3137 2253 3202 districtum
2281 3159 2318 3203 ac
2349 3161 2433 3203 com·

612 3266 726 3327 mune,
752 3252 785 3308 ct
814 3244 1042 3308 universitates
1074 3251 1105 3307 et
1136 3244 1317 3329 singulares
1342 3264 1496 3329 personas
1520 3245 1664 3329 ipsorum
1688 3244 1874 3309 obedientes
1905 3245 1989 3309 dicto
2019 3247 2197 3330 communi,
2222 3268 2277 3310 seu
2303 3247 2434 3312 obedire

611 3354 758 3416 volentes
790 3375 828 3417 ac
849 3355 1015 3436 jurantes,
1041 3353 1258 3438 approbantes
1290 3359 1321 3416 et
1349 3353 1545 3417 catificantes
1570 3354 1677 3418 omnia
1700 3361 1733 3417 et
1756 3353 1885 3439 singula
1908 3353 2093 3439 supradicta
2117 3355 2158 3418 ab
2183 3355 2331 3419 omnibus
2359 3377 2432 3442 pro·

612 3460 756 3524 cessibus
781 3467 894 3524 contra
918 3481 973 3524 cos
998 3467 1164 3524 eteorum
1188 3460 1364 3545 quemlibet
1387 3482 1445 3546 per
1469 3482 1527 3524 nos
1554 3467 1587 3524 et
1609 3461 1707 3525 etiam
1730 3481 1788 3546 per
1812 3461 1933 3524 dietum
1953 3461 2140 3547 episcopum
2156 3463 2339 3545 ostiensem,
2357 3469 2430 3527 tunc

610 3567 772 3652 Legatum
796 3567 901 3650 factis,
919 3589 978 3631 nec
996 3589 1059 3631 non
1083 3567 1175 3652 penis
1200 3589 1258 3651 per
1282 3568 1544 3632 constitutionem
1558 3568 1610 3653 pie
1628 3569 1780 3632 memorie
1796 3568 1958 3633 Bonifaoii
1973 3589 2057 3654 pape
2074 3569 2180 3632 octavi
2197 3570 2432 3656 predecessoris

610 3675 722 3757 nostri,
741 3695 802 3760 que
828 3675 959 3760 incipit:
983 3674 1125 3739 «delicis
1142 3701 1172 3758 »,
1189 3682 1301 3738 contra
1325 3676 1488 3739 civitatem
1511 3675 1658 3739 eamdem
1675 3697 1712 3739 ao
1736 3676 1888 3740 officiales
1912 3683 1944 3739 et
1964 3676 2145 3760 singulares
2161 3698 2317 3762 personas
2333 3677 2433 3762 ipsius

611 3784 651 3848 ob
677 3781 838 3868 predictos
863 3803 1014 3846 excessus
1046 3783 1276 3867 promulgatis,
1302 3783 1471 3846 absolvere
1503 3789 1535 3846 et
1564 3804 1661 3868 super
1692 3783 1731 3846 iis
1759 3785 1805 3847 eis
1829 3782 1999 3869 providere
2023 3783 2062 3847 de
2086 3791 2266 3869 opportuno
2290 3784 2432 3858 renredio

611 3889 862 3954 misericorditer
895 3889 1112 3975 dignaremur.
1137 3889 1267 3974 Nosque
1300 3890 1340 3953 de
1371 3890 1540 3954 devotione
1571 3889 1713 3975 ipsorum
1744 3898 1777 3954 et
1806 3889 1990 3954 reversione
2019 3889 2060 3953 ad
2084 3890 2189 3953 sinum
2213 3890 2358 3974 ejusdem
2382 3913 2433 3956 ee-

612 3997 727 4080 clesia,
753 4018 850 4081 quam
873 4017 1002 4078 veram,
1027 4017 1090 4059 non
1115 3995 1314 4080 simulatam,
1339 3997 1479 4061 existere
1503 3996 1730 4080 credebamus,
1756 3997 1928 4082 plurimum
1953 3997 2154 4080 exultantes,
2179 3997 2345 4083 factaeque
2378 4021 2434 4085 per

610 4105 759 4168 eumdem
783 4104 941 4167 sindicum
966 4110 997 4166 et
1021 4110 1263 4188 procuratorem
1287 4106 1379 4167 uobis
1403 4105 1631 4190 recipientibus
1655 4105 1784 4168 nornine
1808 4111 1917 4168 nostro
1942 4111 1974 4169 et
1997 4126 2219 4169 successorum
2249 4113 2432 4170 nostrorum

610 4233 818 4277 romanorum
841 4211 1028 4296 pontificum
1054 4212 1206 4276 canonice
1231 4213 1430 4296 intrantium,
1448 4234 1485 4276 ac
1509 4213 1654 4296 ejusdem
1677 4234 1809 4276 romane
1833 4213 1967 4276 ecclesie
1985 4213 2230 4298 recognitiones,
2248 4213 2431 4298 promissio-

609 4341 677 4400 nes,
701 4318 922 4382 restitutiones
946 4325 978 4382 ot
1001 4319 1270 4403 reintegrationes
1295 4319 1497 4403 hujusmodi,
1521 4320 1718 4383 oblationem
1742 4341 1887 4404 quoque,
1912 4320 2089 4402 dationem,
2114 4321 2375 4384 constitutionem
2398 4328 2431 4384 et

610 4426 857 4511 promissionem
880 4447 953 4489 cum
974 4427 1151 4510 juramenti
1175 4427 1382 4511 prestatione,
1407 4426 1534 4490 nomine
1562 4432 1595 4490 et
1618 4427 1651 4489 iu
1675 4427 1799 4490 animas
1821 4427 2082 4491 constituentium
2098 4427 2315 4512 predictorum
2332 4427 2431 4491 anniti

611 4555 725 4600 census
749 4533 896 4620 predicti,
914 4540 946 4597 et
969 4535 1048 4598 certi
1073 4535 1204 4598 alterius
1229 4535 1352 4619 servitij
1377 4535 1416 4598 de
1440 4541 1529 4599 certa
1552 4535 1732 4619 quantitate
1756 4535 1899 4620 equitum
1924 4539 2121 4598 armatorum
2145 4557 2202 4620 pro
2227 4535 2320 4598 terris
2344 4536 2430 4618 ejus·

609 4641 683 4705 dem
707 4641 842 4705 ecclesie
865 4641 959 4705 uobis
983 4641 1140 4727 dictisque
1164 4642 1402 4706 successoribus
1426 4647 1458 4705 et
1481 4641 1585 4705 eidem
1609 4642 1754 4724 ecclesie,
1775 4648 1810 4704 ut
1833 4641 2039 4727 premittitur,
2063 4641 2213 4724 faciendi,
2236 4663 2309 4705 cum
2333 4663 2431 4727 super

608 4748 668 4812 hee
692 4770 751 4834 per
776 4749 893 4812 Sedem
917 4749 1064 4812 eamdem
1087 4750 1263 4813 existerent
1285 4749 1431 4834 requisiti
1454 4749 1493 4813 dc
1518 4748 1654 4812 fratrum
1682 4756 1864 4813 nostrorum
1888 4749 2021 4812 consilio
2045 4755 2077 4812 et
2101 4770 2251 4831 assensu,
2277 4748 2430 4834 quamdiu

608 4861 717 4920 nostre
741 4861 773 4918 et
797 4855 955 4918 dictorum
979 4877 1200 4918 successorum
1224 4864 1406 4936 nostrorum
1430 4876 1636 4918 romanorum
1659 4853 1844 4940 pontificum
1869 4855 2028 4918 voluntati
2052 4855 2213 4940 placeret,
2238 4855 2428 4940 recepimus,

608 4962 839 5026 ratificavimus
863 4969 894 5026 et
919 4963 1170 5048 approbavimus
1194 4984 1366 5048 expresse,
1391 4970 1424 5026 et
1448 4983 1503 5026 eas
1528 4984 1570 5026 ex
1592 4969 1680 5026 oerta
1713 4963 1858 5044 scientia,
1882 4962 2073 5026 auctoritate
2098 4962 2284 5048 apostolica,
2309 4962 2430 5025 habere

607 5069 809 5134 decrevimus
833 5077 1024 5155 perpetuam
1048 5069 1243 5133 firmitatem.

696 5177 738 5240 Et
764 5183 799 5241 ut
822 5199 860 5240 eo
884 5177 1011 5263 plenius
1043 5177 1120 5241 dicti
1151 5199 1338 5260 commuue,
1361 5177 1555 5241 universitas
1580 5183 1612 5240 et
1639 5178 1778 5262 populus
1809 5177 1929 5242 eisdem
1963 5176 2039 5241 Sodi
2069 5184 2102 5240 et
2131 5198 2263 5240 romane
2295 5178 2429 5240 ecclesie

608 5285 733 5350 sincere
758 5285 937 5350 affectionis
961 5285 1098 5348 vinculis
1122 5292 1344 5368 necterentur,
1370 5308 1432 5371 quo
1457 5307 1536 5370 erga
1560 5307 1593 5349 se
1618 5286 1761 5371 ipsarum
1792 5285 2051 5350 benevolentiam
2082 5286 2238 5348 sentirent
2260 5286 2293 5347 iu
2318 5286 2429 5348 remis·

608 5393 707 5456 sionis
731 5399 763 5456 et
794 5393 994 5478 indulgentie
1027 5393 1133 5477 gratia
1163 5393 1393 5478 promptiorem
1425 5393 1484 5456 sub
1515 5393 1722 5479 infrascripta
1753 5393 1991 5475 moderatione,
2015 5393 2156 5456 cumeis
2180 5392 2429 5456 misericorditer

605 5500 828 5586 procedentes,
846 5501 1040 5564 sententiam
1064 5500 1234 5582 interdicti,
1257 5501 1307 5564 eui
1332 5501 1455 5582 civitas,
1474 5501 1654 5583 comitatus,
1672 5501 1869 5565 territorium
1892 5507 1924 5564 et
1948 5500 2110 5564 districtus
2134 5500 2347 5564 bononienses
2369 5521 2429 5564 nec

608 5628 673 5671 non
698 5607 892 5671 universitas
924 5608 1064 5671 civitatis
1096 5607 1241 5692 ejusdem
1265 5615 1297 5671 et
1321 5607 1383 5672 alic
1408 5608 1634 5672 universitates
1659 5615 1691 5672 et
1715 5608 1897 5672 communia
1920 5608 2106 5671 eorumdem
2129 5614 2222 5670 erant
2245 5629 2302 5692 per
2326 5608 2428 5671 dictos

609 5721 735 5779 nostros
761 5723 793 5778 et
817 5715 963 5799 ejusdem
987 5715 1103 5799 Legati
1127 5737 1295 5800 processus
1319 5723 1350 5779 et
1375 5717 1634 5780 constitutionem
1666 5715 1826 5797 earudem,
1852 5716 1903 5778 vel
1927 5715 2156 5801 provincialia,
2181 5736 2238 5778 seu
2269 5715 2429 5778 sinodalia

607 5828 729 5886 statuta
753 5830 785 5885 et
809 5823 907 5886 etiam
932 5843 1039 5886 sacros
1064 5844 1218 5905 canones,
1243 5845 1300 5908 pro
1326 5823 1488 5908 premissis
1513 5824 1545 5887 in
1570 5821 1662 5887 dictis
1686 5823 1888 5910 processibus
1911 5823 2028 5887 uostris
2057 5824 2214 5886 contentis
2243 5823 2426 5907 supposita,

605 5951 707 6016 penas
733 5951 860 6014 quoque
885 5938 917 5993 et
941 5931 1116 5994 sententias
1140 5931 1172 5993 in
1196 5931 1317 5993 eisdem
1342 5938 1508 5994 contentas
1532 5931 1750 6017 processibus,
1776 5952 1835 5994 neo
1859 5952 1921 5994 uon
1947 5931 1979 5993 in
2002 5930 2088 5994 dicta
2113 5931 2339 5994 constitutione
2363 5930 2427 5994 Bo·

609 6037 720 6122 nisacij
746 6044 857 6101 contra
880 6038 1025 6123 prefatas
1049 6038 1213 6102 civitatem
1236 6044 1268 6101 et
1292 6038 1537 6102 universitatem
1560 6038 1774 6102 bononienses
1799 6059 1895 6125 super
1919 6039 2098 6123 privatione
2124 6037 2229 6101 Studii
2253 6038 2425 6122 generalis,

606 6147 812 6230 omniumque
838 6145 1091 6230 privilegiorum,
1110 6145 1383 6229 indulgentiarum
1408 6153 1440 6209 et
1463 6146 1642 6230 gratiarum
1666 6145 1915 6231 apostolicorum
1939 6151 1971 6208 et
1994 6144 2219 6231 imperialium,
2233 6151 2265 6208 et
2287 6145 2328 6208 ab
2353 6145 2426 6230 alijs

606 6253 861 6340 quibuscumque
892 6274 1116 6316 concessorum
1140 6260 1171 6316 et
1195 6275 1420 6317 concessarum
1442 6253 1563 6317 eisdem
1594 6276 1695 6339 usque
1727 6255 1769 6318 ad
1799 6253 2003 6318 medietatem
2035 6260 2110 6316 tunc
2141 6254 2287 6339 proxime
2319 6254 2426 6318 future

583 6361 864 6452 quadragesime,
882 6382 966 6425 nunc
982 6361 1145 6446 preterito,
1164 6362 1341 6446 apostolica
1365 6362 1556 6426 auctoritate
1581 6361 1620 6426 de
1640 6363 1799 6427 dictorum
1815 6361 1966 6425 Fratrum
1983 6367 2165 6424 nostrorum
2181 6361 2314 6424 consilio
2332 6360 2425 6424 duxi-

606 6492 676 6532 mus
701 6468 962 6554 suspendendas;
988 6469 1194 6554 disponentes
1225 6491 1298 6533 cum
1330 6469 1422 6533 dictis
1454 6469 1623 6534 Fratribus
1654 6491 1750 6556 super
1778 6469 1839 6533 hoc
1864 6468 2095 6532 deliberatione
2126 6468 2314 6554 prehabito,
2340 6466 2425 6554 quod
