5492 7750
771 618 1002 668 secessuum
1030 619 1081 669 AD
1110 618 1365 684 Paousssouas
1394 619 1499 670 JURIS
1528 619 1662 669 CIVILIS
2075 601 2122 672 33

310 773 438 836 cesione
460 773 561 859 ipsius
584 772 734 855 hominis,
758 771 972 836 anathematis
996 772 1126 836 vinculo
1151 779 1225 836 suut
1249 773 1381 837 astricti.
1407 774 1477 848 Que
1501 773 1687 860 supradicta
1710 775 1755 838 sic
1779 774 1879 856 facta,
1905 775 1949 838 sic
1974 782 2127 839 maneant

310 901 475 966 quousque
499 880 594 944 aliter
617 880 883 945 concordaverint
906 879 1053 945 domiuus
1077 879 1273 966 Episcopus,
1295 886 1327 943 et
1351 879 1538 945 Commune.
1556 881 1681 955 Quibus
1697 881 1743 944 ita
1759 882 1870 945 relatis
1886 882 2047 954 consuluit
2062 882 2125 946 Po·

308 994 418 1070 testas,
436 988 560 1052 consuli
583 987 660 1073 quid
683 1009 781 1073 super
803 988 842 1051 iis
866 988 907 1051 sit
931 987 1100 1052 Communi
1124 986 1270 1051 Bononio
1291 993 1324 1050 et
1354 987 1416 1051 sibi
1439 987 1633 1053 laciendum.
1657 988 1697 1051 In
1720 1010 1784 1074 quo
1809 989 1968 1054 Conscilio
1989 1010 2126 1076 surgens

309 1095 511 1172 njdomiuus
536 1094 642 1159 (luido
666 1095 890 1178 Tautidinarii,
915 1095 1076 1160 consuluit
1099 1093 1270 1158 lacendum
1295 1115 1364 1157 esse
1388 1095 1564 1159 secuudum
1596 1095 1681 1181 quod
1712 1117 1810 1182 supra
1841 1098 1951 1160 retulit
1978 1097 2126 1162 dominus

310 1203 535 1268 Guizardinus.
561 1202 660 1286 Cujus
684 1202 770 1266 dicto
794 1203 979 1266 universum
1003 1201 1201 1266 Conscilium
1225 1201 1403 1287 acquievit,
1428 1203 1629 1288 approbante
1653 1204 1766 1267 eodem
1790 1203 1950 1268 Couscilio
1974 1204 2125 1268 universo

310 1310 355 1373 ita
378 1310 464 1396 quod
486 1310 594 1374 nullus
618 1309 673 1395 qui
696 1309 941 1391 contradiceret,
958 1308 1043 1394 quod
1063 1308 1213 1372 Potestas
1237 1309 1335 1372 faciat
1359 1330 1417 1394 pro
1439 1309 1609 1374 Communi
1624 1317 1660 1373 ut
1676 1331 1783 1396 supra,
1802 1310 1962 1375 consuluit
1978 1310 2126 1375 domiuus

310 1419 432 1500 (luido,
457 1423 489 1482 et
513 1418 540 1480 si
563 1416 639 1502 quid
662 1416 896 1481 contradiceret
919 1417 952 1480 in
974 1416 1036 1481 hoc
1059 1417 1225 1500 Potestas,
1249 1439 1381 1504 prorsus
1406 1418 1511 1502 ipsum
1535 1417 1674 1482 absolvit
1702 1417 1897 1482 Conscilium
1929 1419 2124 1483 uuiversum.

309 1526 392 1590 Item
416 1525 538 1612 placuit
560 1523 664 1588 eidem
688 1522 847 1588 Conscilio
871 1524 1032 1606 universo,
1057 1545 1122 1588 unu
1145 1546 1223 1589 voce
1248 1525 1410 1608 clamanti,
1429 1525 1513 1610 quod
1539 1546 1602 1588 nou
1625 1531 1751 1588 tanturn
1766 1547 1824 1611 per
1842 1525 2042 1590 Potestatem
2057 1526 2127 1589 lieri

308 1634 432 1721 possint
454 1633 609 1720 predicta,
633 1653 746 1696 verum
769 1632 867 1696 etiarn
891 1654 949 1718 per
972 1653 1206 1718 quemcumque
1231 1633 1283 1696 vel
1307 1654 1542 1719 quoscumque,
1568 1655 1664 1718 quem
1696 1655 1816 1719 quosue
1848 1633 1889 1697 ad
1920 1635 1981 1699 hoc
2005 1633 2126 1698 lacien-

310 1741 387 1805 dum
409 1740 538 1804 duxerit
561 1739 710 1804 Potestas
734 1739 917 1804 mittendos.
941 1739 1093 1803 Predicto
1118 1761 1194 1803 vcro
1220 1740 1379 1804 Conscilic
1404 1747 1572 1825 separato,
1596 1739 1756 1804 modicam
1787 1747 1859 1826 post
1889 1741 2127 1826 separationem

309 1848 461 1913 Conscilii
483 1849 517 1911 in
540 1847 674 1934 pallatio
699 1846 895 1928 Communis,
915 1847 1119 1932 presentibus
1144 1846 1273 1910 domiuo
1297 1847 1439 1932 Ugoliuo
1463 1847 1648 1932 presbiteri,
1666 1847 1795 1912 domino
1813 1848 1937 1912 Jacobo
1960 1847 2124 1930 Balduiui,

308 1956 437 2020 domiuo
467 1956 645 2041 Bagarotto
670 1961 702 2019 et
733 1955 862 2019 domiuo
893 1954 1091 2019 Guizardino
1115 1954 1226 2039 legum
1250 1954 1449 2037 doctoribus,
1473 1955 1601 2019 domiuo
1633 1955 1788 2020 Ecderico
1819 1956 2044 2041 Pascipoveri,
2070 1956 2125 2020 do·

309 2065 394 2128 mino
420 2062 566 2128 Gerardo
588 2061 773 2144 Rolandini,
799 2062 927 2126 domino
951 2061 1128 2126 Ramberto
1154 2062 1317 2126 Bazalerii
1339 2069 1371 2125 et
1394 2062 1540 2147 pluribus
1564 2062 1655 2145 aliis,
1680 2062 1843 2147 predictus
1868 2062 2060 2126 Guillelmus
2084 2063 2124 2128 de

308 2171 458 2236 Pusterla
473 2170 623 2234 Potestas
639 2169 798 2234 commisit
810 2175 842 2232 et
854 2171 997 2255 precepit
1013 2169 1144 2234 domino
1160 2169 1310 2233 Ysuardc
1323 2169 1456 2254 Ugolini
1468 2169 1599 2233 Alberti
1613 2169 1792 2255 Pelliparii,
1806 2170 1915 2234 Iudici
1927 2170 2124 2252 Communis,

309 2287 342 2344 11
364 2278 493 2343 domiuo
516 2277 640 2364 Joseph
667 2276 706 2340 de
731 2275 884 2361 Savigno,
908 2277 1093 2340 extimatori
1118 2276 1315 2359 Communis,
1332 2283 1367 2340 ut
1390 2276 1535 2361 predicta
1559 2276 1712 2362 perlicere
1736 2276 1885 2358 debcant,
1903 2284 1935 2340 et
1957 2277 2125 2363 perficiant

309 2408 367 2472 pro
391 2386 561 2451 Communi
582 2384 729 2450 Bononio
753 2385 822 2448 vice
846 2385 906 2447 sui.

397 2493 522 2557 Eodem
545 2493 596 2556 die
620 2493 653 2555 iu
677 2492 812 2555 ecclesia
835 2491 922 2555 besti
944 2491 1034 2554 Petri
1059 2491 1273 2576 Episcopatus
1294 2490 1449 2572 Bononio,
1472 2497 1545 2576 post
1569 2491 1670 2554 altare
1695 2491 1782 2555 beati
1805 2491 1904 2574 Petri,
1922 2492 2124 2577 presentibus

309 2601 438 2665 domiuo
461 2600 648 2685 Henrigitto
672 2598 801 2663 Girardi
825 2598 1157 2680 Taudischi,d01nino
1182 2597 1413 2662 Ildebraudiuo
1436 2597 1671 2684 Prendipartis,
1688 2599 1817 2663 domino
1833 2598 1992 2662 Ubertino
2009 2598 2124 2682 iudice,

309 2708 437 2773 domiuo
461 2707 564 2770 luano
589 2706 871 2792 Scozapresbiteri,
889 2707 1018 2770 domiuo
1044 2705 1173 2769 Simone
1200 2705 1341 2770 Zenauni
1365 2712 1397 2768 et
1420 2706 1492 2768 aliis
1514 2706 1670 2791 pluribus,
1687 2707 1771 2770 lecta
1787 2705 1891 2770 forma
1907 2706 2025 2792 prefati
2041 2706 2124 2772 Con·

308 2815 400 2898 scilii,
418 2821 450 2878 et
473 2814 523 2877 his
547 2813 818 2895 omnibus'lectis,
848 2834 909 2898 que
933 2834 1031 2898 supra
1055 2813 1088 2875 iu
1113 2812 1240 2898 prefato
1264 2812 1424 2878 Conscilio
1449 2820 1524 2876 sunt
1547 2820 1734 2877 tractataet
1757 2813 1843 2877 11111
1867 2834 1975 2876 coram
1996 2812 2124 2878 domino

308 2921 498 2986 bononiensi
520 2920 682 3006 Episcopo
698 2927 730 2984 et
753 2920 890 2984 dominis
913 2919 1054 2984 anardo
1079 2927 1111 2984 et
1135 2919 1157 2983 1
1159 2921 1259 3005 oscph
1276 2919 1420 3005 prefatis,
1438 2920 1482 2984 ibi
1499 2941 1519 2982 a
1534 2921 1700 2984 Potestate
1723 2919 1931 3003 transmissis,
1948 2920 2122 2985 concordes

308 3029 438 3093 fuerunt
461 3029 608 3093 domiuus
632 3028 812 3113 Episcopus
836 3048 894 3113 pro
918 3048 952 3091 se
977 3034 1009 3090 et
1031 3026 1179 3090 Ecclesia
1201 3026 1362 3109 Bououie,
1380 3033 1412 3090 et
1436 3027 1584 3090 dominus
1607 3026 1772 3110 Isuardus,
1790 3035 1823 3091 11
1839 3027 1986 3092 dominus
2002 3027 2126 3113 Joseph

309 3158 367 3223 pro
390 3136 559 3200 Communi
581 3135 738 3217 Bononic,
756 3135 840 3221 quod
858 3135 889 3198 in
906 3134 1054 3198 omnibus
1071 3135 1117 3197 sic
1140 3133 1211 3198 11111
1236 3141 1267 3198 11
1291 3156 1361 3198 1111
1386 3134 1503 3198 debeat
1526 3141 1562 3198 ut
1585 3157 1683 3220 supra
1707 3135 1828 3198 dictum
1852 3143 1910 3217 est,
1929 3133 2125 3199 affirmantes

308 3252 340 3309 11
363 3244 579 3330 approbantes
603 3243 636 3305 iu
661 3242 818 3324 omuibus,
836 3248 871 3305 ut
894 3241 1015 3306 dictum
1039 3247 1097 3323 est,
1115 3248 1147 3304 et
1170 3248 1275 3326 pacto,
1299 3248 1334 3306 ut
1358 3241 1478 3305 dictum
1502 3248 1560 3324 cst,
1578 3242 1611 3304 iu
1635 3242 1783 3306 omuibus
1808 3243 1990 3306 convenire.
2015 3241 2124 3306 Reffe·

308 3359 415 3416 rentes
438 3359 470 3414 ct
494 3350 681 3415 confitentes
706 3349 748 3412 ad
771 3349 908 3412 invicem
931 3348 1080 3412 dominus
1110 3348 1290 3434 Episcopus
1321 3348 1484 3433 predictus
1516 3355 1548 3412 et
1572 3348 1719 3412 dominus
1742 3349 1897 3413 Isnardus
1921 3357 1953 3413 et
1976 3349 2124 3413 domiuus

306 3459 441 3544 Joseph,
458 3458 543 3544 quod
560 3456 722 3542 predictus
746 3456 907 3520 homicida
930 3456 1092 3520 habitator
1116 3463 1186 3520 erat
1209 3455 1340 3519 Baulini
1364 3463 1396 3519 11
1419 3463 1554 3520 vocatur
1582 3457 1744 3542 Rogerius
1767 3457 1852 3521 filius
1868 3457 2009 3540 Naselli3
2026 3456 2124 3521 inter·

307 3567 410 3630 lectus
433 3587 510 3630 vero
535 3565 576 3628 ab
600 3586 638 3629 11
662 3564 841 3628 vocabatur
863 3563 1062 3627 Cerardinus
1086 3563 1171 3628 filius
1194 3563 1345 3627 Bellondi
1369 3564 1409 3627 11
1433 3563 1546 3627 eodem
1569 3565 1640 3628 loco
1664 3565 1805 3629 Baulini.

396 3673 455 3755 (L.
472 3673 495 3753 †
512 3671 559 3754 S.)
583 3671 654 3756 Ego
679 3670 854 3735 Zacharias
877 3671 916 3734 de
941 3669 1051 3734 Strata
1068 3671 1195 3755 Majori,
1213 3671 1395 3757 Imperialis
1411 3671 1496 3735 Aule
1520 3679 1552 3735 et
1576 3693 1660 3736 nunc
1685 3672 1871 3736 Communis
1894 3671 2040 3736 Bononia
2065 3693 2121 3735 no-

306 3781 418 3862 tarius,
442 3778 594 3865 predictis
618 3779 766 3842 omnibus
790 3778 922 3841 interfui
945 3799 1088 3864 presens,
1113 3786 1146 3841 et
1169 3786 1285 3863 rogatu
1308 3779 1459 3864 partium,
1484 3785 1520 3842 ut
1543 3800 1641 3865 supra
1664 3780 1793 3864 legitur,
1817 3779 1945 3865 publice
1969 3779 2093 3865 scripsi.

1153 4207 1283 4272 XVIII.

1059 4457 1163 4540 1221,
1188 4457 1209 4520 8
1232 4457 1367 4522 octobris.

789 4709 841 4772 Ex
865 4709 978 4773 eodem
1003 4708 1143 4794 Rapistro
1169 4709 1293 4791 Grosso,
1316 4709 1372 4772 lib.
1397 4707 1444 4791 I.,
1469 4729 1496 4772 o.
1521 4710 1639 4772 3141.

397 4964 454 5045 (L.
471 4964 493 5045 †
511 4961 558 5044 S.)
582 4963 620 5025 Iu
645 4963 773 5025 nominc
796 4961 928 5025 Domini
952 4961 1053 5046 uostrj
1078 4960 1158 5024 Jesu
1183 4960 1312 5043 Christi,
1333 4980 1418 5023 anno
1442 4959 1575 5023 Domini
1599 4959 1769 5022 millesimo
1793 4957 2011 5022 ducentesimo
2036 4959 2124 5045 vige·

307 5075 387 5137 simo
411 5072 524 5158 primo,
549 5069 600 5132 die
623 5069 729 5132 sabati
753 5075 867 5132 octavo
890 5069 1030 5132 intrante
1055 5090 1165 5132 mense
1190 5067 1324 5150 octubri,
1342 5067 1516 5131 indictione
1540 5087 1635 5149 noua,
1654 5066 1686 5128 in
1711 5065 1780 5128 sala
1800 5065 1914 5151 palatii
1938 5065 2124 5130 Communis

306 5181 462 5260 Bononia,
486 5175 690 5263 presentibus
714 5175 842 5239 domino
866 5174 1031 5239 Ubaldino
1055 5175 1095 5238 de
1120 5175 1233 5240 Castro
1254 5174 1435 5256 Britouum,
1453 5173 1568 5255 iudice,
1586 5178 1618 5236 ct
1641 5172 1770 5236 domino
1794 5172 1957 5235 Airnerico
1981 5172 2020 5236 de
2044 5173 2124 5237 Por-

307 5296 436 5369 tanova,
460 5284 575 5366 iudice,
600 5289 632 5346 et
654 5282 752 5346 Petro
774 5281 886 5345 Pizolo
911 5282 1051 5364 notari0,
1077 5288 1109 5345 ct
1130 5282 1275 5345 Mattheo
1299 5281 1365 5344 lilio
1390 5280 1552 5366 quondam
1582 5278 1759 5343 Rolandini
1789 5279 1829 5341 de
1857 5277 1962 5362 Vado,
1986 5281 2123 5363 notario,

306 5402 338 5458 et
361 5392 489 5457 Arardo
512 5391 578 5454 filio
603 5389 763 5476 quondam
788 5387 962 5452 Albertotii
984 5387 1147 5472 Beccarii,
1171 5389 1314 5472 notario,
1340 5396 1372 5451 11
1395 5388 1466 5451 aliis
1491 5408 1589 5472 quam
1619 5386 1765 5472 pluribus
1793 5385 1929 5448 testibus
1957 5384 1998 5449 ad
2025 5385 2124 5450 infra-

306 5501 425 5586 scripta
456 5499 589 5562 vocatis.
618 5497 657 5560 ln
685 5517 821 5582 quorum
852 5496 1044 5559 stallorum
1077 5496 1387 5582 quamplurimorum
1418 5494 1581 5581 presentia
1606 5493 1808 5569 (deomiuus
1831 5491 2044 5576 Benedictus,
2070 5493 2125 5580 qui

307 5610 367 5673 luit
391 5609 430 5672 de
454 5607 652 5688 Benevento,
675 5604 802 5688 Legum
826 5604 947 5686 doctor,
972 5604 1013 5668 ad
1044 5611 1156 5668 sancta
1179 5604 1242 5668 Dei
1264 5604 1446 5689 Evangelia
1470 5603 1681 5688 corporaliter
1702 5601 1825 5686 juravit
1849 5601 2030 5684 bonafide,
2056 5603 2124 5667 siue

306 5717 392 5780 omni
417 5714 531 5778 fraude
555 5713 721 5778 attendere
745 5720 778 5776 11
801 5713 975 5776 observare
999 5735 1038 5777 oa
1062 5713 1179 5796 omnia,
1197 5734 1259 5798 que
1282 5712 1432 5776 Potestas
1454 5711 1611 5794 Bononia,
1637 5711 1741 5774 silicet
1764 5709 1913 5774 dominus
1938 5709 2124 5774 Giuffredus

305 5825 344 5888 11
368 5822 522 5900 Ρ1111111,
538 5820 710 5885 tenebatur
733 5841 807 5883 eum
830 5819 937 5883 facere
958 5821 1087 5904 jurare,
1112 5821 1206 5884 sicuti
1229 5820 1263 5883 in
1288 5819 1416 5883 Statuto
1441 5818 1593 5883 Comunis
1616 5817 1763 5882 Bononia
1788 5817 1970 5881 continetur
1994 5816 2033 5880 de
2057 5816 2124 5881 Do·

306 5931 398 5995 minis
420 5929 545 6014 Legum
570 5927 626 6013 qui
649 5927 806 6012 incipiunt
829 5918 869 5991 de
893 5949 977 5991 novo
998 5929 1107 6012 legere
1131 5927 1272 5991 studium
1296 5927 1403 6012 legale
1420 5928 1452 5991 in
1468 5926 1627 6008 Bononia,
1645 5932 1794 6012 presente
1819 5924 1948 5988 domiuo
1973 5924 2125 5989 Iohanne

306 6040 345 6103 de
369 6037 512 6119 Cauova,
536 6035 651 6100 Judice
675 6034 759 6098 dicte
782 6034 969 6117 Potestatis,
994 6042 1026 6098 et
1050 6035 1079 6099 11
1103 6041 1341 6099 sacramentum
1364 6034 1544 6098 ordinante.

393 6144 465 6228 Ego
488 6142 622 6225 Petrus,
647 6141 732 6204 filius
757 6141 919 6227 quondam
942 6141 1027 6206 Boni
1049 6142 1209 6227 Bologni,
1234 6149 1266 6206 et
1289 6163 1375 6205 nunc
1399 6141 1585 6205 Communis
1610 6147 1643 6205 11
1665 6141 1749 6205 dicte
1772 6140 1948 6204 Potestatis
1978 6139 2126 6204 Bououie

306 6252 467 6333 notarius,
491 6249 643 6335 predictis
668 6248 815 6313 omnibus
842 6248 993 6332 interfui,
1018 6255 1050 6313 et
1080 6249 1120 6313 de
1147 6249 1300 6314 mandato
1332 6248 1409 6313 dicti
1433 6247 1554 6313 domini
1578 6248 1737 6312 Iohannis
1762 6247 1801 6310 de
1826 6247 1976 6329 Canova,
2001 6245 2126 6344 ¹Iudicis

305 6359 388 6422 dicte
412 6355 598 6439 Potestatis,
623 6355 747 6441 scripsi.

385 6584 454 6622 rou.
473 6583 505 6621 11.
2023 6568 2039 6618 5
