5490 7750
770 647 1001 699 senosanam
1029 648 1081 698 nn
1108 648 1363 700 Paornssoans
1392 649 1497 700 rums
1526 649 1702 700 cauomcr
2068 625 2140 696 177

326 801 378 865 cui
402 800 610 866 laudabiliter
632 801 770 888 prefuit,
796 823 907 867 curam
935 808 968 866 et
997 801 1308 867 administrationem
1339 803 1439 889 ipsius
1468 802 1655 868 monasterii
1679 802 1779 866 vestri
1802 803 1905 866 sancti
1928 801 2060 866 Proculi
2082 802 2144 866 eibi

325 930 426 994 usqne
451 909 491 972 ad
515 908 681 973 biennium
704 910 737 973 in
761 908 982 994 spiritualibus
1006 915 1039 973 et
1061 910 1292 995 temporalibus
1321 908 1472 974 duximus
1503 909 1774 974 committendam.
1799 909 2013 973 Universitati
2036 915 2142 973 vestre

326 1017 515 1081 mandamus
541 1024 699 1102 quatenus
723 1015 829 1081 eidem
851 1038 953 1102 usque
978 1015 1020 1080 ad
1042 1017 1122 1081 illud
1145 1024 1273 1103 tempus
1297 1017 1482 1099 intendatis,
1502 1024 1535 1081 et
1566 1017 1723 1082 obediatis
1754 1016 1918 1081 humiliter
1949 1023 1981 1082 et
2016 1016 2142 1081 devote.

325 1124 393 1189 Nos
417 1124 513 1207 enim,
531 1124 722 1188 auctoritate
746 1123 954 1210 presentium,
975 1123 1066 1188 vobis
1090 1123 1265 1188 districtius
1289 1123 1482 1207 inhibemus,
1508 1145 1548 1188 ne
1571 1124 1700 1189 interim
1725 1125 1766 1188 ad
1790 1123 1980 1189 electionem
2005 1145 2062 1188 seu
2084 1144 2142 1209 po·

326 1232 533 1296 stulationcm
557 1232 694 1316 alicujus
717 1232 750 1294 in
774 1231 936 1295 Abbatem
957 1233 1027 1315 jam
1050 1231 1128 1296 dicti
1151 1231 1337 1298 monasterii
1360 1233 1459 1296 vestri
1487 1233 1691 1318 aliquatenus
1715 1232 1911 1318 procedatis,
1934 1231 2143 1296 decernentes

326 1339 451 1404 irritum
477 1346 509 1403 et
531 1339 628 1403 inane
644 1339 671 1402 si
696 1337 772 1424 quid
788 1346 900 1403 contra
916 1338 1101 1424 hujusmodi
1122 1339 1354 1404 commissionis
1378 1347 1411 1403 et
1433 1339 1576 1404 mandati
1594 1340 1695 1404 nostri
1718 1360 1755 1404 66
1779 1338 1979 1404 inhibitionis
1999 1345 2145 1403 tenorem

325 1448 378 1511 vel
402 1446 441 1511 dc
464 1447 648 1532 provisione
671 1467 748 1532 sepe
772 1445 849 1510 dicti
871 1446 971 1510 vestri
995 1447 1195 1529 monasterii,
1220 1447 1287 1511 sive
1310 1469 1369 1533 per
1392 1447 1502 1511 literas
1527 1441 1720 1535 apostolicas
1745 1467 1808 1511 non
1832 1446 1987 1511 iacientes
2014 1445 2145 1531 plenam

326 1561 359 1619 et
381 1575 568 1642 expressam
593 1553 632 1618 de
656 1553 860 1640 presentibus
883 1553 1089 1636 mentionem,
1106 1561 1163 1618 aut
1183 1555 1274 1637 alias,
1292 1555 1377 1618 infra
1399 1554 1613 1642 prescriptum
1636 1561 1762 1642 tempus
1786 1553 1957 1638 contigerit
1980 1555 2142 1618 attentari.

413 1662 535 1726 Datum
559 1661 721 1746 Anagnia,
745 1661 841 1725 tertio
865 1661 937 1724 idus
958 1661 1042 1746 julii,
1068 1662 1272 1747 pontificatus
1297 1663 1398 1727 nostri
1421 1683 1506 1727 anno
1531 1663 1645 1748 primo.

1172 1983 1301 2048 XXVI.

1062 2200 1159 2284 1257,
1185 2200 1228 2263 10
1247 2199 1413 2284 februarii.

493 2413 545 2478 Ex
570 2415 702 2478 archivo
726 2415 829 2478 sancti
852 2414 1018 2479 Francisci
1041 2415 1177 2494 bonon,
1202 2414 1257 2477 lib.
1281 2413 1326 2496 M,
1352 2435 1382 2478 n.
1408 2416 1460 2497 54,
1485 2436 1570 2478 nune
1594 2415 1626 2479 in
1650 2414 1731 2479 Tob.
1756 2415 1844 2479 lllax.
1868 2415 1985 2480 bonon.

415 2629 488 2692 Hoc
511 2634 560 2692 est
583 2628 768 2715 exemplum
792 2629 934 2715 exempli
956 2628 1089 2693 alterius
1113 2628 1254 2714 exempli
1277 2628 1445 2692 cuiusdam
1468 2629 1667 2712 testamenti,
1693 2629 1782 2694 cuius
1807 2630 1881 2693 talis
1905 2637 1954 2694 est
1977 2637 2085 2695 tenor:

414 2739 486 2802 Hoc
510 2744 559 2801 est
582 2738 768 2824 exemplare
785 2737 926 2823 exempli
942 2737 1109 2801 cuiusdam
1125 2737 1324 2819 testamenti,
1349 2737 1440 2801 cuius
1464 2737 1538 2800 talis
1562 2744 1611 2800 est
1634 2744 1743 2802 tenor:
1760 2737 1956 2824 Exemplum
1977 2738 2144 2802 cuiusdam

325 2846 510 2910 testamenti
533 2867 606 2910 cum
630 2845 681 2909 die
705 2851 738 2909 et
761 2843 900 2909 Consule
925 2845 971 2909 sic
995 2844 1195 2930 incipientis:

413 2953 453 3017 In
476 2953 604 3016 nomine
628 2952 770 3034 Domini,
787 2972 892 3016 amen.
917 2952 1013 3016 Anno
1037 2951 1181 3016 eiusdem
1204 2951 1375 3016 millesimo
1400 2951 1619 3015 ducentesimo
1643 2951 1909 3037 quinquagesimo
1930 2953 2077 3040 septimo,
2093 2953 2142 3017 in·

324 3060 463 3125 dictione
488 3059 741 3146 quintadecima,
766 3059 817 3124 die
842 3059 966 3123 decimo
990 3059 1130 3123 intrante
1155 3059 1318 3123 februario
1345 3062 1398 3134 (ἵ
1417 3057 1623 3122 Venerabilis
1647 3065 1741 3144 pater
1771 3059 1918 3124 dominus
1949 3061 2054 3144 Zcen,
2078 3061 2142 3126 Dei

325 3169 430 3254 gratia
455 3167 660 3232 erinonensis
684 3166 874 3253 Episcopus,
892 3188 989 3230 sanus
1012 3189 1070 3252 per
1093 3167 1199 3252 gratia
1223 3167 1325 3231 Jhesu
1349 3166 1468 3231 Christi
1492 3173 1599 3229 mente
1623 3173 1655 3230 et
1679 3188 1823 3252 corpore,
1841 3175 1876 3231 ut
1895 3175 2045 3254 paratum
2070 3191 2144 3233 cunr

324 3275 468 3340 inveniat
484 3282 630 3338 extrema
646 3275 831 3355 necessitas,
849 3294 910 3360 quc
928 3295 1003 3361 sepe
1019 3274 1137 3338 multos
1155 3274 1277 3338 invenit
1293 3274 1480 3361 imparatos,
1498 3295 1630 3338 suarum
1646 3295 1752 3338 rerum
1770 3281 1801 3338 et
1817 3275 1974 3338 bonorum
1990 3276 2142 3358 omnium,

324 3405 385 3469 que
410 3384 508 3447 habet
532 3383 613 3446 citra
638 3390 779 3465 montes,
805 3381 1047 3467 dispositionem
1079 3403 1136 3467 per
1166 3403 1301 3467 presens
1333 3383 1587 3468 nuncupativum
1615 3388 1842 3445 testamentum
1867 3383 1935 3447 sine
1960 3383 2086 3469 scriptis
2110 3383 2142 3446 in

325 3492 410 3556 huno
435 3490 564 3554 modurn
587 3489 694 3554 facere
718 3495 750 3553 et
773 3489 927 3576 perficere
950 3489 1145 3575 procuravit.
1170 3489 1333 3575 Imprimis
1365 3489 1493 3575 quidem
1524 3511 1582 3575 pro
1615 3490 1723 3554 anima
1753 3512 1812 3554 sua
1843 3491 1973 3576 reliquit
1996 3489 2140 3554 Ecclesia

326 3598 525 3681 cainonensi,
551 3597 633 3661 idest
655 3596 824 3683 Episcopis
848 3597 1098 3661 avinonensibus
1122 3597 1193 3682 ejus
1216 3596 1464 3679 successoribus,
1485 3603 1589 3661 totum
1612 3596 1731 3684 podere
1755 3604 1788 3661 et
1811 3598 1911 3662 affare
1935 3598 2021 3683 quod
2044 3598 2142 3661 habet

325 3707 460 3771 invilla
484 3713 516 3769 et
540 3705 629 3770 curia
652 3711 684 3768 et
708 3705 868 3768 territorio
894 3703 1040 3787 Salioeti,
1063 3703 1270 3768 bononiensis
1294 3704 1450 3786 Diocesis,
1475 3705 1543 3768 sive
1567 3705 1609 3768 sit
1632 3705 1755 3786 domus,
1779 3706 1846 3769 sive
1871 3713 1956 3769 terra
1980 3704 2141 3786 aratoria,

325 3815 392 3879 sive
416 3814 458 3878 sit
482 3821 610 3900 pratum
634 3819 666 3876 et
690 3812 842 3898 quicquid
866 3812 954 3876 alind
978 3812 1023 3875 ibi
1046 3811 1144 3876 habet
1176 3813 1244 3876 sive
1275 3813 1424 3876 habuerit
1450 3819 1594 3898 tempore
1619 3812 1724 3876 obitus
1748 3813 1817 3895 sui,
1842 3819 1875 3877 ct
1906 3820 2008 3877 totum
2040 3811 2141 3876 affare

326 3922 411 4009 quod
434 3921 533 3985 habet
553 3923 649 4004 juxta
674 3919 838 4002 Savinem,
860 3921 951 4004 cujus
980 3920 1120 3984 confines
1145 3927 1220 3984 sunt
1244 3920 1313 3984 isti:
1338 3941 1358 3983 a
1381 3941 1474 3984 mane
1497 3920 1691 4006 Phyllippus
1716 3920 1756 3984 (16
1779 3920 2006 4006 Ligapassaris
2030 3927 2062 3984 et
2085 3941 2140 3983 ne-

324 4036 416 4116 potes
438 4028 653 4114 Phyllippi,a
677 4027 809 4090 meridie
834 4033 866 4090 et
889 4049 961 4091 sero
985 4027 1125 4091 fluminis
1150 4025 1280 4114 Sapine,
1298 4034 1331 4091 et
1353 4027 1381 4090 si
1405 4027 1459 4113 qui
1483 4027 1538 4090 alii
1562 4033 1637 4090 sunt
1660 4026 1811 4111 confines,
1829 4028 1889 4092 lrcc
1909 4027 2003 4092 modo
2020 4035 2052 4092 et
2068 4049 2142 4092 con·

325 4137 456 4219 ditione,
474 4135 559 4221 quod
582 4134 762 4220 Episcopus
779 4134 972 4219 quicumque
995 4156 1053 4221 pro
1077 4141 1222 4220 ternpore
1239 4134 1336 4198 fuerit
1353 4135 1423 4218 ejus
1439 4156 1605 4198 successor
1620 4135 1654 4198 in
1665 4132 1812 4198 Ecclesia
1829 4135 2027 4217 avinonensi,
2044 4134 2144 4220 eligat

325 4251 390 4308 tres
414 4244 453 4308 de
477 4242 639 4307 canonicis
664 4242 764 4327 ipsius
786 4240 931 4306 Ecclesie
956 4249 988 4306 ct
1011 4241 1091 4306 duos
1116 4242 1250 4306 clericos
1275 4242 1436 4306 seculares
1461 4241 1500 4305 de
1524 4242 1654 4306 civitate
1679 4249 1711 4306 et
1735 4242 1815 4307 duos
1832 4243 1964 4306 clericos
1981 4242 2142 4307 seculares

327 4353 365 4417 de
388 4352 501 4417 Castro
518 4349 683 4414 Novarum
697 4349 736 4415 (1)
753 4356 785 4413 et
801 4371 900 4414 unum
917 4349 956 4414 (16
973 4349 1045 4413 61116
1062 4350 1175 4414 castris
1191 4348 1336 4413 Ecclesie
1354 4349 1570 4433 avinonensis,
1588 4349 1643 4435 qui
1659 4351 1723 4414 sint
1739 4351 1858 4416 dociles
1875 4358 1906 4415 ot
1923 4371 1986 4414 non
2002 4349 2144 4415 habeant

327 4460 456 4547 aliquod
480 4459 670 4523 beneficium
694 4459 957 4540 ecclesiasticum,
975 4480 1054 4544 qnos
1079 4458 1218 4523 destinet
1240 4457 1386 4523 Bononie
1410 4457 1452 4522 ad
1475 4458 1679 4540 studendum,
1705 4481 1841 4546 quorum
1865 4460 2038 4544 unicuique
2069 4481 2143 4544 pro·

326 4567 435 4631 videat
458 4566 491 4630 in
514 4565 770 4650 vigintiquatuor
794 4565 892 4628 libras
916 4564 1158 4629 bononenorum
1182 4565 1326 4650 quolibet
1349 4586 1434 4630 anno
1457 4587 1499 4629 ex
1523 4565 1701 4629 redditibus
1733 4565 1947 4652 percipiendis
1978 4587 2019 4629 ex
2050 4565 2143 4629 dictis

325 4673 498 4760 poderibus
522 4679 554 4736 ct
578 4672 744 4755 affaribus,
760 4693 818 4757 pro
842 4671 993 4757 expensis
1013 4693 1111 4736 causa
1135 4678 1167 4736 et
1191 4672 1297 4758 gratia
1321 4672 1510 4755 studiorum,
1528 4679 1560 4737 ct
1580 4674 1681 4758 possit
1697 4674 1742 4737 ibi
1758 4681 1867 4737 tenere
1883 4693 2143 4756 unumquemque

326 4803 437 4845 eorum
462 4780 601 4865 quinque
626 4779 730 4861 annis,
747 4779 800 4844 vel
823 4779 939 4862 minus,
956 4779 983 4842 si
1007 4780 1037 4843 ei
1060 4779 1221 4843 videbitur
1245 4780 1409 4866 expedire.
1433 4779 1486 4844 Ab
1510 4780 1571 4844 hoc
1594 4780 1746 4844 benefitio
1771 4781 1948 4865 excipimus
1965 4779 2047 4844 lilios
2065 4778 2143 4843 Gui-

325 4887 425 4952 lielmi
443 4887 581 4972 Angerii
604 4892 637 4950 et
664 4886 769 4972 ipsum
794 4885 1003 4951 Guilielmum
1027 4909 1129 4972 usque
1153 4887 1195 4951 ad
1218 4889 1356 4972 gradum
1372 4889 1503 4952 tertium
1519 4888 1725 4974 attingentes,
1743 4896 1775 4951 et
1792 4888 2000 4952 Guilielmum
2016 4887 2056 4951 de
2071 4887 2143 4950 Ati-

327 5017 420 5060 mone
452 5002 484 5058 et
511 4994 617 5079 ipsum
640 5015 742 5079 usque
768 4993 806 5057 ad
836 4995 964 5058 tertiam
988 4994 1278 5078 consanguinitatis
1301 4995 1422 5058 lineam
1445 4995 1650 5080 attingentes.
1677 4995 1843 5082 Completo
1868 5001 1976 5058 autem
2000 5001 2143 5081 tempore

327 5102 462 5167 alicuius
485 5101 525 5165 (16
549 5100 701 5187 predictis
725 5101 937 5184 scholaribus,
961 5100 1046 5186 quod
1070 5101 1225 5186 compleri
1248 5102 1350 5166 voluit
1373 5102 1462 5165 finito
1487 5103 1723 5188 quoquomodo,
1748 5109 1803 5166 aut
1825 5123 1882 5189 per
1905 5102 2143 5166 revocationem

327 5210 487 5296 episcopi,
511 5208 564 5272 vel
595 5229 653 5295 per
681 5215 817 5272 mortem
841 5209 940 5293 ipsius
964 5208 1138 5292 scholaris,
1163 5209 1215 5273 vel
1247 5209 1322 5295 quia
1353 5209 1486 5295 incipiat
1516 5209 1637 5274 habere
1668 5211 1859 5274 beneficium
1891 5210 2144 5274 ecclesiasticum

327 5317 388 5381 sibi
411 5323 620 5402 perpetuum,
646 5322 795 5379 teneatur
818 5317 987 5402 episcopus
1012 5317 1121 5380 statim
1145 5318 1215 5382 loco
1239 5318 1289 5380 sui
1313 5317 1414 5380 alium
1436 5317 1613 5403 subrogare
1637 5317 1677 5382 de
1701 5318 1845 5403 predicta
1869 5317 2042 5400 canonica,
2067 5318 2144 5381 civi·

327 5431 392 5488 tate
420 5425 473 5488 rel
496 5424 625 5506 eastris,
642 5430 677 5486 ut
701 5423 821 5488 dictum
837 5431 900 5506 est,
918 5424 963 5486 ita
980 5424 1065 5509 quod
1082 5425 1236 5489 canonico
1253 5423 1404 5489 succedat
1420 5425 1603 5508 eanonicus,
1621 5432 1653 5488 et
1669 5425 1785 5489 clerico
1803 5425 1940 5489 seculari
1957 5425 1996 5488 de
2013 5425 2143 5489 civitate

327 5531 409 5595 alius
427 5532 561 5596 clericus
585 5531 624 5595 de
648 5532 788 5613 civitate,
806 5538 838 5595 ot
862 5531 978 5596 clerico
995 5532 1132 5595 seculari
1157 5532 1195 5595 de
1219 5532 1320 5596 Novis
1344 5531 1426 5595 alius
1450 5532 1585 5596 clericus
1602 5532 1755 5596 secularis
1780 5532 1819 5596 (16
1843 5532 1955 5615 Novis,
1973 5541 2004 5597 et
2027 5532 2144 5596 clerico

326 5639 463 5703 seculari
487 5638 526 5702 (16
551 5639 664 5702 castris
687 5639 770 5702 alins
794 5639 928 5702 clericus
953 5639 1108 5703 secularis
1137 5639 1175 5702 do
1208 5639 1284 5726 ipsis
1316 5639 1429 5704 castris
1459 5639 1603 5704 eiusdem
1633 5639 1777 5704 Ecclesie
1810 5640 2026 5704 aviuonensis.
2050 5639 2144 5704 Etsi

328 5746 506 5830 contigeret
530 5745 616 5830 qnod
641 5766 702 5809 non
728 5745 886 5808 inveniret
902 5746 1027 5830 aliquos
1044 5745 1186 5832 ydoneos
1202 5747 1255 5810 vel
1274 5746 1393 5810 dociles
1410 5747 1668 5828 admittendum,
1685 5753 1761 5811 tnnc
1786 5752 1978 5833 potestatem
2002 5747 2144 5832 eligendi

326 5852 446 5916 habeat
469 5851 610 5934 aliunde,
635 5873 730 5936 quem
761 5853 812 5915 vel
844 5874 923 5937 quos
947 5853 1054 5917 mittat
1077 5853 1246 5916 dumtaxat
1276 5853 1316 5917 de
1347 5853 1544 5940 Episcopatu
1569 5854 1621 5918 rel
1649 5854 1688 5918 de
1720 5854 1850 5919 civitate
1874 5853 2081 5937 aviuoncnsi;
2113 5866 2145 5918 et

327 5961 354 6023 si
377 5960 556 6045 contigeret
583 5960 802 6044 negligentem
824 5981 894 6022 esse
919 5960 951 6023 in
975 5960 1176 6024 scholaribus
1200 5961 1242 6024 ad
1265 5961 1406 6024 studium
1429 5961 1695 6044 transmittendis,
1713 5962 1820 6025 forsan
1839 5961 1924 6046 quod
1947 5961 2045 6025 vellet
2067 5981 2144 6024 ven·

326 6067 402 6132 dere
426 6067 528 6131 dictas
552 6068 770 6152 possessiones
791 6066 844 6130 vel
867 6067 1076 6153 adpropriare
1101 6068 1162 6132 sibi
1185 6069 1339 6151 redditus,
1357 6069 1459 6133 voluit
1482 6076 1514 6133 et
1538 6069 1694 6155 disposuit
1717 6069 1803 6155 quod
1827 6069 1910 6132 dioto
1926 6069 2144 6154 possessiones

327 6181 359 6239 ct
382 6175 468 6238 dicta
493 6172 607 6237 affuria
631 6175 763 6238 veniant
786 6175 855 6238 sine
879 6174 1090 6239 diminutione
1114 6175 1155 6240 ad
1180 6176 1350 6240 ecclesiam
1373 6176 1476 6240 sancti
1499 6175 1668 6240 Michaelis
1692 6177 1732 6240 de
1753 6176 1883 6241 Buscho
1907 6176 1946 6238 (16
1979 6176 2143 6258 Β666616,
2264 6207 2266 6210 ·

328 6303 389 6367 que
414 6281 550 6346 ecclesia
573 6288 723 6345 teneatur
746 6281 786 6346 (16
809 6282 870 6346 hoo
893 6281 1064 6367 providere
1088 6290 1160 6348 octo
1184 6283 1385 6348 scholaribus
1408 6283 1605 6370 pauperibus
1628 6283 1668 6348 de
1691 6282 1840 6348 Avinone
1868 6283 1920 6347 vel
1951 6283 1990 6346 de
2021 6283 2144 6368 episeo-
2182 6325 2184 6330 ,

298 6517 300 6522 '
407 6514 446 6580 (1)
468 6511 594 6564 Castrum
613 6511 717 6564 Nouum
737 6513 811 6579 Arii,
830 6513 909 6566 hodie
930 6513 1156 6581 Castelrioudcry.

514 6724 582 6761 '1¹01-
603 6723 635 6762 11.
