5490 7750
651 616 723 687 148
1436 641 1677 692 nonomaxra

750 794 817 866 Die
845 795 1001 868 secunda
1026 795 1186 890 januarii
1214 795 1342 868 iterum
1371 795 1561 869 Tbadaeus
1590 798 1633 870 de
1662 798 1807 896 Pepulis
1835 824 1914 872 cum
1943 799 2131 894 nonnullis,
2157 801 2217 896 qui
2245 802 2464 874 vocabantur

642 919 839 1016 Sapientes,
860 919 896 990 in
925 943 1071 991 numere
1101 917 1203 992 CCC.
1226 929 1261 991 et
1289 919 1385 993 ultra
1405 945 1469 1018 pro
1498 921 1740 994 moderatione
1764 922 2012 1018 capitulorum,
2033 921 2266 1020 apostolicum
2285 922 2463 996 Nunoium

645 1044 891 1141 requisiverat.
922 1044 974 1116 At
1001 1043 1094 1116 idem
1123 1044 1285 1118 Nuncius
1322 1053 1540 1142 protestatus
1575 1047 1663 1142 fuit,
1694 1046 1784 1122 velle
1822 1047 1963 1120 omniuo
1999 1072 2119 1120 coram
2153 1049 2203 1120 eis
2232 1047 2388 1145 capitula
2425 1073 2465 1121 ao

642 1169 764 1242 literas
793 1168 1005 1266 apostolicas
1034 1169 1228 1266 perlegere,
1252 1179 1290 1242 ut
1320 1171 1443 1244 eadem
1473 1172 1591 1245 omnia
1615 1173 1723 1268 juxta
1752 1181 1927 1246 conventa
1957 1173 2230 1246 ratificarentur.
2251 1173 2345 1246 Hinc
2374 1174 2465 1246 iuter

642 1295 784 1369 eosdem
815 1295 1000 1391 Sapientes
1029 1295 1189 1392 pluribus
1217 1297 1438 1370 sermonibus
1468 1307 1504 1370 et
1528 1299 1776 1394 congressibus
1795 1299 1937 1393 habitiS,
1959 1298 2101 1371 tandem
2122 1299 2167 1370 ab
2187 1298 2237 1370 eis
2257 1322 2464 1396 responsum

645 1423 750 1494 datur
780 1421 984 1517 quodcum
1006 1421 1081 1518 jam
1112 1421 1176 1493 sibi
1205 1421 1291 1518 ipsis
1319 1423 1503 1520 praedicta
1532 1424 1685 1521 capitula
1715 1425 1993 1519 innotescerent,
2024 1423 2149 1496 eadem
2176 1423 2272 1495 haud
2300 1424 2375 1496 fore
2405 1447 2464 1494 au-

643 1547 786 1642 diturae,
818 1544 999 1643 multoque
1027 1546 1143 1619 minus
1172 1556 1393 1644 accepturos,
1415 1549 1483 1621 uisi
1510 1549 1614 1622 factis
1643 1550 1853 1645 quibusdam
1882 1549 2195 1641 moderationibus,
2222 1549 2296 1620 siue
2325 1549 2462 1644 quibus,

642 1683 682 1744 ut
710 1672 776 1768 ipsi
806 1672 971 1769 ajebant,
1002 1671 1095 1744 dicta
1124 1673 1378 1768 reconciliatio,
1403 1697 1496 1770 pac,
1525 1697 1584 1746 aee
1613 1675 1797 1746 concordia
1836 1674 1907 1746 dici
1936 1680 2074 1772 poterat
2106 1675 2226 1770 potius
2261 1673 2463 1770 desperatio.

643 1799 699 1869 Ac
728 1797 872 1870 tandem
901 1797 937 1868 in
965 1798 1090 1870 eadem
1119 1797 1347 1894 quamplures
1375 1798 1550 1871 clausulas
1579 1800 1752 1872 contineri
1781 1825 1801 1872 a
1830 1799 2078 1872 Cardinalibus
2106 1807 2142 1872 et
2170 1800 2214 1871 ab
2245 1799 2369 1871 eodem
2397 1797 2465 1870 Le-

642 1933 727 2020 gato
756 1923 901 1996 ostiensi
928 1931 1008 2021 post
1037 1922 1133 1996 facta
1161 1922 1317 2020 capitula
1346 1924 1544 2020 adjunctas,
1565 1925 1614 1998 ita
1642 1933 1682 1998 ut
1711 1951 1854 1999 necesse
1877 1926 1970 1998 foret
1995 1924 2176 1998 Nuncium
2196 1924 2464 1997 reformationes

643 2049 823 2122 obtinendi
843 2049 960 2142 gratia
980 2048 1112 2120 rediret
1132 2049 1177 2121 ad
1197 2048 1353 2144 Curiam,
1371 2049 1533 2122 addendo
1554 2052 1659 2144 (sunt
1678 2050 1955 2123 Bononiensium
1975 2051 2099 2143 verba)
2119 2050 2210 2147 qaod
2229 2048 2465 2144 mirabantur,

643 2174 735 2270 qrrod
762 2174 878 2246 adhaec
906 2180 1044 2245 tautam
1074 2173 1258 2246 Bononiae
1286 2182 1496 2247 attereretur.
1526 2174 1627 2247 Tunc
1656 2174 1817 2247 Nuncius
1845 2175 1918 2249 alta
1946 2200 2033 2248 voce
2063 2183 2281 2272 protestatus
2308 2173 2375 2245 fuit
2403 2197 2466 2269 per

643 2299 758 2395 ipsum
787 2322 857 2370 nou
886 2307 981 2370 stare
1010 2298 1197 2394 quominus
1224 2299 1439 2372 concordata
1468 2299 1624 2396 capitula
1652 2324 1721 2372 non
1750 2307 2022 2395 exequerentur.

750 2424 817 2496 Die
845 2423 949 2496 lunae
979 2432 1108 2519 quarta
1131 2424 1288 2520 januarii
1316 2424 1487 2520 nonnulli,
1509 2426 1583 2497 fere
1605 2425 1742 2521 viginti,
1765 2426 2005 2498 Antianorum
2032 2434 2067 2498 et
2094 2423 2383 2497 Consiliariorum
2404 2423 2465 2495 bo·

642 2549 865 2622 noniensium
893 2549 939 2620 ad
968 2549 1111 2620 domum
1140 2550 1347 2622 monasterii
1375 2551 1489 2622 sancti
1518 2550 1714 2624 Salvatoris
1733 2550 1927 2647 Bononiae,
1949 2551 1984 2622 in
2003 2575 2073 2646 qua
2093 2549 2255 2622 Nuucius
2275 2549 2464 2642 residebat,

642 2681 826 2768 venerant,
848 2681 991 2746 orantes
1020 2699 1101 2745 eum
1129 2683 1169 2746 ut
1198 2675 1331 2746 rediret
1357 2676 1403 2747 ad
1429 2675 1574 2748 Curiam
1604 2701 1667 2773 pro
1696 2677 1946 2748 reformatione
1976 2675 2180 2770 obtinenda,
2201 2675 2330 2746 iterum
2353 2673 2464 2746 admi·

645 2809 764 2872 rantes
794 2824 875 2871 eum
904 2823 1042 2894 quoque
1071 2799 1280 2871 incivitate
1309 2801 1452 2896 morari,
1478 2810 1514 2873 et
1542 2809 1782 2899 protestantes
1811 2825 2004 2897 numquam
2034 2800 2196 2897 praefata
2225 2797 2381 2896 capitula
2408 2822 2465 2870 ra·

643 2925 789 2997 tilicarc.
819 2924 887 2995 llis
916 2948 1054 3020 quoque
1084 2923 1246 2997 Nuncius
1274 2926 1457 3021 respondit
1480 2926 1588 3022 juxta
1616 2935 1791 2998 conventa
1818 2926 1995 3022 agendum
2024 2949 2112 2998 esse.

750 3050 816 3121 Die
846 3056 949 3121 sexta
973 3049 1131 3144 januarii
1160 3049 1253 3121 idem
1282 3049 1443 3122 Nuucius
1472 3051 1687 3148 apostolicus
1715 3076 1752 3124 se
1781 3051 1930 3124 contulit
1959 3051 2003 3123 ad
2033 3049 2205 3148 palatium
2225 3057 2328 3122 retus
2347 3049 2466 3121 Bouo-

645 3175 735 3270 niac,
766 3176 800 3246 in
831 3199 900 3270 quo
925 3175 985 3269 jus
1014 3173 1240 3269 reddebatur,
1272 3199 1313 3246 ac
1341 3175 1402 3247 ubi
1431 3176 1580 3248 Antiaui
1609 3185 1644 3248 et
1672 3175 1830 3273 Populus
1859 3201 2038 3248 unacum
2067 3174 2248 3269 Thadaeo,
2269 3174 2466 3268 Potestate,

645 3300 874 3394 Consiliariis,
897 3299 1123 3396 Sapientibus
1143 3323 1184 3370 ac
1212 3297 1438 3372 multitudine
1467 3300 1630 3398 populari
1658 3325 1769 3397 usque
1797 3302 1842 3374 ad
1868 3301 1937 3373 tria
1956 3300 2076 3395 millia,
2097 3300 2226 3372 iterum
2247 3307 2465 3396 protestatus

644 3426 711 3498 fuit
740 3426 872 3498 eisdem
900 3423 1019 3519 legere
1049 3422 1170 3495 literas
1199 3425 1411 3520 apostolicas
1439 3433 1515 3497 tum
1544 3426 1610 3498 sibi
1639 3451 1702 3524 pro
1732 3426 1940 3498 executione
1967 3423 2203 3522 capitulorum
2227 3432 2303 3496 tum
2329 3423 2467 3521 Populo

644 3552 799 3624 civitatis
827 3550 1031 3648 praedictae
1061 3549 1234 3646 directas,
1265 3559 1302 3621 at
1329 3549 1513 3646 inutiliter,
1544 3553 1624 3624 oum
1652 3553 1683 3624 ei
1713 3560 1852 3624 tantum
1880 3551 1977 3624 facta
2004 3550 2112 3622 fuerit
2140 3557 2298 3647 potestas
2326 3549 2468 3644 legendi

644 3677 833 3750 dumtaxat
862 3700 970 3747 unam
999 3699 1043 3747 cx
1073 3673 1185 3747 literis
1214 3675 1416 3772 apostolicis
1445 3677 1510 3749 sub
1540 3677 1661 3750 datum
1689 3677 1869 3750 Avenioni
1897 3677 2052 3749 secundo
2080 3677 2159 3748 idus
2188 3675 2354 3770 octobris,
2378 3699 2467 3772 pon-

642 3802 796 3874 tificatus
816 3800 1003 3874 Benedicti
1022 3800 1132 3895 XII,
1155 3801 1269 3872 eidem
1299 3799 1486 3873 Communi
1515 3812 1550 3874 et
1579 3803 1716 3899 Populo
1744 3803 1899 3875 civitatis
1928 3803 2111 3897 directam,
2132 3802 2169 3875 in
2189 3825 2260 3898 qua
2279 3801 2468 3872 dumtaxat

644 3928 678 3999 in
707 3952 837 4022 genere
866 3928 997 4021 agebat
1026 3926 1069 3998 de
1098 3925 1333 3998 ratificatione
1362 3927 1599 4024 capitulorum
1626 3928 1720 4000 infra
1748 3927 1975 4000 medietatem
2003 3928 2145 4000 futurae
2175 3925 2467 4023 quadragesimae

544 4057 550 4068 '
644 4052 864 4147 faciendam,
895 4051 1015 4124 taliter
1043 4060 1082 4123 ut
1113 4050 1312 4123 Consiliarii
1341 4077 1463 4126 omnes
1492 4062 1659 4126 vetarunt
1692 4078 1737 4126 ne
1772 4052 1862 4126 aliae
1891 4053 2015 4126 literae
2034 4047 2260 4149 ¹apostolicae
2288 4051 2355 4123 sibi
2382 4051 2468 4148 ipsis

645 4178 861 4273 legerentur.

751 4301 887 4390 Quibus
916 4301 1046 4374 auditis
1065 4301 1227 4375 Nuncius
1248 4311 1467 4400 protestatus
1486 4305 1554 4377 fuit
1574 4314 1740 4402 paratum
1759 4311 1835 4376 esse
1856 4303 1973 4398 legere
1992 4303 2080 4377 alias
2100 4301 2313 4400 apostolicas
2332 4299 2466 4393 literas,

645 4427 835 4500 dummodo
865 4435 1040 4499 conventa
1075 4452 1155 4499 cum
1184 4414 1515 4502 Ambasciatoribus
1550 4429 1824 4504 bononiensibus
1859 4436 2143 4526 acceptarentur,
2174 4426 2336 4499 addendo
2373 4426 2468 4523 ipsos

644 4553 785 4624 interim
814 4577 917 4649 posse
947 4576 1034 4648 pure
1064 4560 1099 4624 et
1127 4551 1333 4650 simpliciter
1360 4555 1523 4651 praefata
1556 4553 1712 4651 capitula
1749 4563 1953 4651 acceptare,
1983 4563 2018 4626 et
2056 4553 2150 4649 quod
2187 4551 2313 4624 deinde
2352 4550 2469 4623 acturi

644 4687 748 4750 crunt
778 4702 841 4774 pro
869 4678 1100 4771 abrogatione
1130 4701 1264 4773 eorum,
1295 4703 1386 4774 quae
1415 4679 1652 4752 intolerabilia
1679 4679 1754 4752 fore
1784 4680 2063 4774 exaggerabant.

751 4803 819 4874 His
847 4803 948 4897 actis,
979 4802 1139 4875 nonnulli
1167 4803 1210 4875 de
1240 4802 1395 4876 Consilio
1425 4812 1460 4876 et
1487 4805 1695 4901 praesertim
1726 4813 1885 4877 oratores
1912 4805 2019 4876 iidem
2044 4803 2103 4900 qui
2130 4801 2294 4900 praefata
2313 4799 2470 4898 capitula

639 4929 852 5024 juraverant
881 4936 916 5000 ct
945 4928 1151 5000 eorumdem
1179 4929 1451 5001 ratificationem
1480 4931 1728 5027 promiserant,
1759 4930 1852 5002 inter
1880 4938 2022 5002 caetera
2050 4928 2218 5001 dixerunt
2246 4927 2353 5024 quod,
2383 4951 2469 5022 que·

643 5053 871 5126 madmodum
900 5053 1001 5150 Papa
1030 5053 1242 5150 promiserat
1272 5053 1333 5148 eie,
1358 5053 1545 5151 providere
1574 5053 1664 5127 velle
1700 5054 1743 5128 de
1780 5053 1957 5126 nonnullis
1986 5051 2169 5150 capitulis,
2200 5052 2249 5124 ita
2279 5051 2468 5124 ratificatio

644 5177 743 5275 sequi
772 5177 868 5250 haud
897 5178 1053 5274 deberet,
1084 5178 1152 5251 nisi
1181 5179 1278 5276 prius
1307 5179 1577 5252 reformationes
1606 5179 1876 5277 praecesserint.

751 5303 858 5376 Alter
886 5327 971 5375 vero
1001 5302 1232 5376 Consiliarius
1261 5329 1324 5376 seu
1353 5305 1534 5377 Antianus
1561 5305 1702 5378 nomine
1731 5305 1901 5377 Ferrinus
1931 5305 1973 5376 de
2002 5302 2186 5397 Gallutiis,
2212 5301 2324 5397 milae,
2355 5301 2466 5374 dixit:

644 5429 745 5520 creec
773 5429 866 5500 nibil
894 5431 1063 5500 intererat
1092 5429 1229 5502 domiai
1256 5432 1368 5502 austri
1398 5429 1529 5527 Papae,
1551 5453 1611 5502 aec
1639 5430 1779 5527 aliquid
1804 5432 1921 5525 facere
1949 5429 2096 5502 habebat
2123 5452 2227 5525 seper
2244 5427 2355 5522 officio
2379 5425 2468 5500 Con-

641 5556 829 5626 seroatoris
842 5553 1030 5651 praedicti,
1053 5555 1195 5651 ideoque
1218 5555 1425 5628 Thadaeem
1456 5580 1478 5627 a
1503 5553 1759 5628 Comaraaitate
1785 5557 1921 5650 factem
1949 5556 1999 5628 ael
2026 5557 2145 5650 citam,
2165 5562 2195 5626 et
2219 5554 2351 5626 eierare
2373 5551 2470 5624 (lebet

642 5682 682 5751 in
711 5679 802 5752 dicto
831 5680 953 5774 officia.
985 5679 1176 5752 Thadaeus
1204 5689 1323 5752 autem
1355 5681 1397 5752 de
1426 5680 1583 5778 Pepulis,
1605 5689 1680 5754 tam
1708 5682 1848 5753 nomine
1877 5705 1940 5753 suo
1970 5706 2074 5777 quam
2105 5681 2220 5754 dictae
2250 5678 2406 5752 ciuitatis
2433 5685 2470 5750 et

643 5805 861 5900 Communia,
883 5805 1013 5877 iterum
1042 5813 1260 5902 protestatus
1288 5805 1355 5878 fuit
1384 5830 1566 5903 nunquam
1596 5806 1854 5879 ratificaturum
1883 5807 2067 5903 praedicta
2096 5805 2263 5904 capitula,
2284 5805 2352 5877 nisi
2371 5804 2470 5900 prius

642 5929 918 6025 corrigerentur,
940 5954 1052 6026 eaque
1077 5931 1190 6025 magis
1217 5931 1300 6026 quia
1329 5931 1535 6027 syndicatus
1564 5932 1681 6004 factus
1710 5955 1774 6029 per
1802 5931 2084 6005 Universitatem
2112 5932 2148 6003 in
2177 5955 2365 6028 personam
2394 5929 2469 6001 Ro-

643 6055 739 6127 landi
767 6056 809 6127 de
839 6055 1018 6129 Fantutiis
1046 6054 1144 6128 nulla
1172 6055 1309 6128 roboris
1338 6056 1542 6130 firmitatem
1571 6055 1739 6151 haberet,
1771 6081 1850 6128 cum
1880 6065 1964 6128 tunc
1993 6082 2014 6129 a
2042 6057 2184 6128 domino
2213 6056 2313 6152 Papa
2341 6055 2469 6127 civitas

643 6180 768 6253 eadem
796 6179 979 6253 Bononiae
1008 6180 1282 6254 Commuuitatis
1319 6190 1354 6254 et
1391 6181 1645 6255 Universitatis
1670 6181 1940 6278 praerogativis
1978 6181 2116 6278 privata
2153 6181 2281 6276 fuerit,
2310 6181 2468 6252 instante

642 6330 783 6402 quoque
813 6313 852 6377 ut
879 6304 1043 6380 Nuncius
1072 6307 1253 6380 celerrime
1284 6332 1348 6404 pro
1378 6309 1596 6380 correctione
1626 6307 1863 6405 capitulorum
1891 6307 1936 6379 ad
1964 6307 2098 6404 Papam
2120 6307 2268 6402 rediret,
2289 6306 2344 6378 his
2364 6305 2468 6378 dictis

641 6431 802 6527 gentium
832 6430 1058 6505 multitudine
1087 6433 1123 6504 in
1147 6432 1299 6506 clamore
1320 6433 1542 6530 approbante
1563 6431 1723 6506 Thadaei
1742 6433 2007 6531 responsionem
2027 6441 2062 6505 et
2083 6431 2309 6505 nihilominus
2329 6455 2470 6528 semper

642 6557 887 6630 conclamante
917 6582 980 6654 pro
1009 6557 1269 6631 modificatione
1299 6557 1535 6655 capitulorum
1564 6559 1788 6631 Avenionem
1817 6558 1998 6632 accedere.
