5490 7750
774 675 1006 726 SPEOTANTIA
1033 677 1085 726 AD
1113 675 1369 726 Paornasonns
1397 676 1503 728 IURIS
1532 676 1708 726 OANONIOI

421 829 470 894 Ab
495 828 608 894 Oetaea
634 829 815 894 Pentecostee
837 851 933 916 risque
955 829 997 894 ad
1019 830 1195 895 Adventum
1219 830 1367 894 Domini:

333 938 383 1003 Da
407 938 489 1002 festo
512 937 616 1002 saneti
637 935 819 1002 Marcellini
842 944 874 1001 et
892 935 993 1019 Patri,
1010 937 1114 1002 sancti
1130 936 1211 1002 Ger·
1268 936 1316 1002 De
1340 943 1451 1003 sancto
1474 938 1662 1002 Laurentio.

421 1044 503 1109 vasii
526 1051 557 1109 et
580 1043 732 1108 Protasii.
1270 1045 1320 1108 Da
1344 1045 1557 1110 decollatione
1580 1045 1668 1109 beati
1691 1044 1850 1110 Iohannis
1873 1044 2031 1132 Baptista.

331 1153 382 1218 Da
405 1153 608 1218 sanctissimo
631 1152 782 1218 Iohanne
804 1152 966 1240 Baptista.
1271 1152 1321 1216 Da
1345 1153 1553 1239 conceptione
1578 1158 1610 1216 at
1633 1151 1802 1216 nativitate
1825 1151 1920 1217 beate
1943 1152 2099 1239 Virginis.

332 1260 383 1326 De
405 1260 488 1326 festo
512 1260 615 1324 sancti
638 1259 797 1325 Johannis
821 1267 853 1325 at
875 1260 982 1324 Pauli.
1270 1260 1320 1325 De
1344 1259 1542 1325 exaltatione
1565 1265 1676 1324 saneta
1700 1258 1821 1324 Crucis.

332 1368 383 1434 Da
406 1368 488 1433 festo
512 1367 731 1455 apostolorum
752 1367 843 1432 Patri
866 1374 898 1432 et
921 1367 1027 1432 Pauli.
1267 1366 1318 1432 De
1341 1373 1452 1432 saneto
1476 1367 1645 1432 Michaale.

331 1477 381 1542 Da
405 1479 487 1543 festo
510 1477 676 1542 divisionis
699 1475 941 1563 Apostolorum.
1268 1474 1319 1540 De
1343 1481 1454 1540 sancto
1477 1474 1638 1561 Remigio.

332 1585 382 1651 Do
406 1585 488 1650 festo
511 1592 612 1650 sanct.
637 1590 762 1670 septem
784 1584 947 1648 Fratrum.
1269 1583 1319 1646 De
1343 1589 1454 1646 saneto
1478 1581 1578 1646 Luca.

331 1692 382 1758 Da
405 1692 616 1757 translatione
640 1691 744 1755 sanati
766 1691 945 1755 Benedicti.
1268 1689 1500 1775 Apostolorum
1524 1689 1663 1754 Simonis
1687 1689 1838 1754 atinde.

331 1800 382 1865 De
405 1800 487 1865 festo
510 1799 597 1864 beati
621 1798 737 1863 Jacobi
760 1798 904 1882 majoris.
1267 1797 1307 1862 In
1331 1797 1499 1861 natiuitata
1524 1797 1667 1861 omnium
1691 1803 1885 1862 sanctornm.

333 1908 444 1973 Sancti
466 1907 557 1971 Petri
580 1906 621 1970 ad
643 1905 792 1970 Vincula.
1262 1904 1321 1969 IV.
1347 1903 1592 1969 Coronatorum.

331 2015 382 2080 De
405 2021 516 2080 sancto
542 2014 717 2101 Stephano.
1269 2013 1319 2076 Da
1343 2017 1456 2076 sancta
1480 2011 1611 2076 Oecilia.

331 2123 382 2188 De
404 2122 687 2209 transfiguratione
711 2121 852 2186 Domini.
1269 2119 1472 2184 Generaliter
1495 2119 1535 2183 de
1559 2119 1660 2184 festis.

419 2232 521 2316 Atque
543 2230 591 2294 liic
612 2229 718 2312 dotato
740 2228 805 2294 IX.
830 2237 857 2294 et
875 2236 1050 2314 postrmnne
1073 2227 1150 2293 liber
1173 2227 1322 2310 Mil-ruiis,
1346 2249 1435 2313 quern
1457 2229 1501 2292 ita
1523 2227 1648 2292 absoluit
1670 2236 1797 2293 auctor:

420 2339 492 2404 Hac
516 2344 591 2403 sunt
613 2336 737 2401 fereula
760 2343 792 2401 et
815 2337 895 2400 meri
918 2336 985 2400 vini
1007 2336 1143 2423 pocula,
1169 2356 1231 2420 qne
1255 2335 1358 2418 robis,
1383 2335 1500 2399 fratres
1524 2341 1557 2398 et
1579 2334 1698 2418 filiitli,
1722 2341 1758 2399 nt
1780 2335 1935 2421 pincerna
1958 2336 1991 2400 in
2015 2356 2094 2400 cena
2118 2341 2150 2399 at

332 2446 485 2512 cenaculo
501 2445 769 2533 presentavimns,
787 2443 902 2530 quibus
925 2444 1007 2508 ostia
1032 2442 1221 2525 claudimus,
1238 2463 1278 2506 ne
1302 2441 1413 2506 fauces
1435 2441 1633 2506 masticando
1650 2441 1811 2526 fatiscant,
1828 2463 1888 2508 neo
1900 2444 1939 2507 (2)
1963 2443 2147 2508 stomachus

330 2554 446 2640 plenus
462 2559 596 2633 eructet,
613 2551 689 2637 quia
705 2572 798 2616 omne
815 2571 1052 2637 supervacuum
1068 2550 1163 2636 pleno
1188 2549 1227 2613 da
1250 2556 1380 2635 pectore
1396 2556 1517 2614 manat.
1535 2548 1700 2613 Comadite
1717 2549 1816 2634 igitur
1828 2549 1867 2614 (3)
1884 2554 1917 2614 et
1936 2549 2046 2631 bibita,
2064 2549 2150 2634 qnod

331 2661 410 2725 satie
434 2666 492 2742 est,
514 2659 675 2744 justitiam
697 2665 806 2722 tamen
829 2645 1007 2722 esurientes
1042 2663 1075 2721 et
1106 2657 1139 2720 in
1170 2656 1314 2743 presenti
1337 2655 1433 2742 epulo
1457 2656 1612 2738 sitientes,
1636 2661 1673 2720 ut
1700 2655 1733 2719 in
1760 2655 1868 2720 futuro
1892 2655 2053 2720 satiemini
2076 2677 2150 2720 enm

331 2765 518 2853 apparuerit
541 2765 646 2850 gloria
668 2763 809 2829 Domini.
834 2765 952 2830 Amen.

1219 2996 1265 3061 II.

1076 3176 1173 3258 1155,
1200 3175 1218 3238 1
1239 3174 1405 3258 februarii.

495 3372 548 3437 Ex
572 3372 703 3437 archivo
727 3371 869 3436 familiae
893 3371 1135 3436 Lambartiniae
1159 3371 1246 3457 apud
1272 3371 1468 3435 abbatialem
1493 3372 1662 3436 ecclesiam
1685 3371 1779 3435 Podii
1802 3370 1986 3456 Rognatioi,

1068 3478 1147 3542 fase.
1174 3478 1218 3561 I.,
1244 3500 1330 3542 num.
1360 3480 1408 3542 11.

421 3676 518 3742 Anno
542 3675 674 3741 Domini
697 3675 867 3739 millesimo
891 3673 1064 3738 centesimo
1090 3674 1355 3761 quinquagesimo
1381 3676 1502 3760 quinto,
1527 3675 1674 3738 kalendis
1697 3675 1817 3758 martij,
1839 3674 2011 3738 indictione
2034 3675 2146 3758 tercia,

332 3787 364 3850 in
388 3785 556 3872 presencia
580 3782 737 3848 (luidonis
760 3782 928 3846 Lambarti
951 3782 990 3846 da
1014 3781 1136 3846 Mundo
1164 3788 1196 3846 et
1218 3781 1343 3867 Ugonis
1368 3782 1407 3846 de
1431 3782 1554 3864 Blasio,
1579 3782 1688 3867 sicque
1711 3782 1828 3846 Patrne
1852 3783 1892 3846 de
1917 3781 2018 3847 Cento
2041 3782 2146 3868 adque

331 3891 478 3958 Verardo
502 3891 541 3955 de
564 3891 696 3973 Rioeto,
720 3889 926 3974 Martignone
947 3889 1070 3973 juravit
1100 3889 1345 3975 promissionem
1372 3889 1509 3954 Henrici
1532 3889 1589 3952 filii
1612 3889 1781 3954 Ramberti
1805 3896 1901 3976 atqua
1926 3888 2067 3954 Gnidoni
2089 3888 2148 3952 filii

332 4001 392 4085 sul,
409 4000 492 4087 quod
518 3999 580 4085 ipsi
602 3997 721 4062 debent
743 3997 814 4062 ficri
837 3997 982 4083 quietum
1005 3997 1147 4080 feudum,
1166 3996 1250 4083 quod
1271 3996 1500 4062 Lambertinur
1524 3997 1608 4060 filius
1631 3998 1846 4083 prenominati
1863 3996 2020 4062 Guidonie
2037 3997 2148 4083 adqui·

331 4108 406 4174 sivit
429 4107 471 4171 ad
494 4105 784 4193 Arcbiepiscopum
808 4105 840 4168 in
865 4105 1027 4170 Comitatu
1051 4104 1183 4169 Feraria
1215 4105 1248 4168 in
1279 4105 1408 4170 nomine
1432 4105 1534 4191 ipsius
1563 4105 1764 4169 Lambartini
1797 4105 1925 4170 racione
1949 4111 2005 4168 aut
2028 4104 2147 4187 forcia,

330 4216 416 4281 bona
438 4213 511 4296 fide,
528 4213 597 4277 sine
620 4212 745 4276 fraude.
763 4211 807 4276 Et
830 4213 857 4276 si
880 4212 1052 4297 contigerit
1070 4234 1129 4298 pro
1148 4213 1276 4276 racione
1301 4211 1450 4276 facienda
1467 4213 1597 4298 aliquod
1614 4212 1793 4299 spondium,
1810 4213 2033 4299 prenominato
2049 4212 2147 4276 Lam·

331 4323 457 4388 bertino
473 4320 582 4386 faeere
605 4320 711 4384 dabat.
728 4319 770 4383 Et
794 4320 821 4384 si
845 4320 916 4405 quis
939 4340 998 4406 pro
1021 4319 1201 4406 pradictum
1218 4319 1350 4384 feudum
1367 4320 1522 4384 tuendum
1544 4320 1597 4384 vel
1621 4320 1821 4406 quietantum
1835 4319 1874 4386 (4)
1890 4320 1981 4384 litem
2004 4319 2056 4384 val
2079 4319 2148 4384 vio·

331 4431 469 4497 lanciam
492 4429 628 4495 iecerint
649 4429 874 4516 prenominato
897 4427 1041 4493 Henrioo
1064 4428 1117 4493 vel
1141 4427 1282 4492 Guidoni
1305 4427 1371 4492 filio
1397 4450 1454 4492 suo
1476 4428 1508 4492 in
1525 4429 1679 4494 comitatu
1698 4428 1855 4511 Bononie,
1872 4427 2016 4514 predicto
2041 4427 2147 4492 Guido

331 4538 371 4602 de
394 4537 569 4602 Lamberto
593 4536 632 4601 de
656 4535 778 4600 Mundo
802 4556 859 4621 pro
883 4557 918 4599 sa
942 4541 974 4599 et
997 4535 1172 4600 Lamberto
1196 4535 1262 4599 filio
1286 4527 1344 4600 suo
1368 4535 1517 4620 adjuvari
1533 4535 1688 4621 promisit.
1707 4535 1807 4600 Sexto
1831 4534 1902 4599 idus
1927 4535 2048 4618 marcii,
2065 4535 2147 4599 indi·

333 4646 423 4710 cione
439 4644 598 4733 predicta,
615 4643 648 4708 in
672 4643 839 4731 presencia
854 4642 944 4707 Petri
968 4642 1006 4706 de
1032 4641 1133 4708 Cento
1157 4649 1190 4707 et
1211 4643 1286 4729 Ugo
1310 4643 1349 4706 de
1372 4643 1514 4726 Aniost0,
1533 4650 1564 4707 et
1587 4665 1638 4708 me
1654 4649 1803 4730 presente
1819 4642 1894 4729 Ugo
1907 4643 1946 4708 (5)
1963 4643 2147 4726 tabellione,

331 4752 493 4818 Hauricue
515 4751 601 4816 filius
623 4751 793 4816 Rambarti
816 4750 994 4837 prescripta
1019 4751 1126 4814 omnia
1151 4771 1228 4815 vara
1252 4772 1322 4814 esso¹
1347 4750 1531 4815 testificavit
1553 4757 1585 4815 et
1606 4752 1680 4835 jure
1701 4750 1841 4835 jurando
1864 4750 2015 4834 firmarit,
2033 4757 2065 4814 et
2088 4751 2148 4814 surb

333 4881 418 4945 pena
441 4858 552 4923 dacem
575 4858 732 4923 librarum
754 4859 934 4923 lucensium
955 4858 1135 4945 prescripta
1160 4843 1267 4922 omnia
1290 4859 1382 4922 firma
1406 4865 1515 4922 tenera
1539 4859 1708 4945 promisit(
1728 4859 1747 4924 l.

1210 5124 1274 5189 III.

1136 5305 1231 5368 Aorno
1257 5305 1352 5369 1162.

553 5480 606 5544 Ex
630 5487 707 5545 tom.
731 5479 858 5546 XLIII.
885 5479 958 5545 Gon.
982 5482 1057 5566 dipl.
1085 5482 1197 5568 Gymn.
1222 5481 1330 5548 bonon.
1355 5483 1462 5565 (num.
1489 5484 1560 5567 83),
1584 5483 1653 5549 doc.
1678 5483 1762 5568 III.,
1787 5506 1813 5549 c.
1842 5487 1880 5550 17
1905 5507 1931 5550 r.

423 5693 612 5759 Alexander
634 5716 721 5780 papa
744 5693 807 5758 III.
821 5694 861 5760 (7)
885 5695 1003 5760 dilecto
1026 5694 1092 5760 filio
1115 5696 1271 5781 magistro
1295 5697 1336 5760 D.

423 5800 653 5883 Literatnram,
678 5800 880 5866 honestatem
904 5809 937 5867 et
958 5802 1163 5889 prudentiam
1186 5809 1276 5866 tuam
1300 5803 1447 5890 diligenti
1470 5805 1727 5870 consideratione
1751 5814 1933 5892 pensantes,
1951 5814 1983 5871 et
2007 5809 2092 5893 qnod
2116 5807 2149 5872 in

336 5907 472 5972 ecclesia
495 5907 558 5971 Dei
582 5928 646 5971 non
669 5907 830 5972 modicum
853 5909 1062 5996 imposterum
1085 5910 1240 5996 proficere
1264 5911 1384 5996 poteris
1407 5911 1620 5992 attendentes,
1637 5911 1678 5975 ad
1703 5913 1903 5977 commodum
1922 5921 1953 5978 et
1968 5913 2149 6001 profectum

336 6021 427 6078 tuum
450 6016 484 6079 in
509 6022 665 6101 qnantum
687 6015 840 6080 honestas
864 6017 1019 6104 permittit
1042 6039 1100 6104 pro
1124 6019 1225 6082 nostri
1250 6019 1345 6082 officii
1368 6018 1476 6083 debito
1509 6005 1648 6084 libenter
1678 6020 1873 6084 intendimus
1903 6015 1942 6086 et
1966 6023 2151 6086 necessitati

415 6267 453 6332 (1)
474 6264 578 6334 iligna:
598 6265 702 6330 fratrae
721 6271 744 6316 ct
762 6266 825 6331 filii,
843 6281 891 6333 pire
908 6265 987 6317 nobie.
1352 6269 1390 6335 (6)
1411 6267 1436 6318 A
1455 6271 1531 6336 tergo
1554 6269 1749 6336 membranae,
1768 6271 1889 6339 vulgari,
1908 6273 1939 6322 ut
1965 6271 2075 6335 dicitnr,
2096 6287 2152 6322 ser·

415 6356 453 6421 (2)
472 6354 522 6408 m:
542 6371 583 6406 aa.
1269 6373 1358 6423 mone,
1377 6359 1480 6410 saeculi
1499 6357 1575 6410 XIV.
1592 6359 1680 6412 literis
1699 6360 1839 6428 scripturn:
1860 6359 1972 6412 ΜΘΝ.
1989 6361 2017 6411 iu
2041 6360 2153 6412 kalendi

413 6445 452 6511 (3)
471 6444 522 6496 nt:
541 6461 610 6512 erpa
1267 6448 1299 6499 da
1317 6464 1411 6500 enarro
1428 6449 1535 6514 siponto
1552 6447 1586 6500 D.
1606 6450 1659 6516 (m.)

415 6534 442 6600 (4
462 6539 489 6586 et
508 6536 535 6601 5)
556 6535 608 6587 Sir.
1350 6541 1389 6604 (7)
1409 6538 1451 6589 Ex
1473 6539 1532 6591 cod.
1551 6541 1632 6592 vatic.
1654 6557 1679 6592 ιι.
1699 6543 1778 6607 6024,
1798 6541 1846 6593 iol.
1867 6544 1926 6608 152,
1946 6559 1989 6594 an.
2009 6539 2150 6592 MOLXII.

486 6748 554 6786 uon.
573 6749 605 6786 11.
2037 6742 2068 6792 21
