5490 7750
824 649 1057 700 SPECTANTIA
1085 649 1136 700 AD
1164 647 1419 699 PROFESSORES
1447 647 1552 699 eunte
1580 647 1713 698 OIVILIS

1200 1013 1326 1078 LXIII.

1101 1229 1197 1310 1338,
1225 1229 1264 1292 15
1287 1228 1422 1293 octobris.

781 1441 834 1506 Ex
858 1441 973 1506 eodem
997 1449 1084 1507 tomo
1111 1443 1229 1507 Codicis
1251 1443 1376 1527 diplom.
1400 1441 1526 1525 donoro,
1550 1463 1581 1506 ιι.
1606 1441 1743 1506 LXXX.

442 1657 638 1721 Benedictus
670 1657 857 1743 episcopus,
882 1677 995 1720 servus
1027 1677 1195 1721 servorum
1226 1655 1305 1738 Dei,
1331 1655 1448 1719 dilecto
1479 1654 1545 1719 filio
1577 1653 1687 1718 Tadeo
1716 1653 1756 1718 de
1781 1654 1914 1740 Papulis
1942 1654 1982 1718 de
2006 1652 2170 1737 Bononia,

350 1763 433 1847 juris
457 1764 561 1829 civilis
585 1763 769 1850 professori,
793 1764 931 1828 salutem
954 1770 987 1827 et
1010 1763 1220 1850 apostolicam
1242 1762 1509 1827 benedictionem.

442 1871 598 1936 Letamur
621 1871 661 1935 de
685 1877 727 1953 te,
745 1877 902 1956 tuamque
926 1870 1131 1957 prudentiam
1154 1870 1374 1957 multipliciter
1398 1870 1430 1933 in
1453 1869 1592 1934 Domino
1615 1868 1885 1952 commendamus,
1902 1869 1987 1954 quod
2002 1876 2038 1933 tu
2054 1869 2172 1934 auditis

353 1984 384 2042 et
408 1978 580 2043 intellectis
603 1978 807 2064 processibus
831 1978 953 2043 dudum
978 1999 1075 2065 super
1098 1977 1184 2042 iacto
1208 1978 1348 2042 civitatis
1378 1976 1596 2058 bononiensis,
1620 1976 1754 2062 ejusque
1778 1975 1946 2058 comitatu,
1971 1976 2118 2041 districtu
2141 1984 2173 2041 et

352 2084 514 2150 territorio
537 2106 596 2172 per
619 2106 678 2150 nos
702 2085 807 2168 factis,
832 2105 896 2150 non
921 2086 1026 2149 solum
1048 2093 1080 2150 te
1104 2086 1209 2171 ipsum
1232 2085 1273 2148 ab
1297 2085 1424 2170 injuriis
1447 2090 1480 2149 et
1502 2082 1633 2148 offensis
1655 2083 1800 2147 Ecclesia
1824 2104 1973 2166 romane,
1997 2083 2172 2170 quinimmo

353 2198 478 2257 ceteros
501 2193 649 2258 concives
674 2199 746 2257 tuos
771 2193 954 2276 retrahere,
979 2213 1017 2256 ec
1047 2193 1089 2257 ad
1119 2192 1333 2258 obediendum
1364 2191 1456 2258 nobis
1484 2198 1517 2255 et
1543 2190 1648 2255 eidem
1670 2190 1816 2255 Ecclesia
1839 2212 1936 2277 super
1958 2192 2116 2256 contentis
2139 2193 2173 2256 in

354 2300 475 2366 eisdem
498 2301 714 2389 processibus,
730 2309 762 2366 te
787 2323 824 2366 ac
849 2302 935 2388 ipsos
956 2301 1127 2388 disponere
1145 2302 1288 2387 operosis
1303 2301 1419 2385 studijs
1443 2307 1476 2364 et
1491 2300 1610 2364 sedulis
1627 2298 1894 2365 sollicitudinibus
1911 2298 2074 2366 curavisti.
2092 2300 2173 2366 (tum

353 2415 462 2472 autern
485 2409 541 2474 illo
565 2407 715 2492 faciente,
733 2409 788 2494 qui
811 2409 901 2496 pacis
925 2415 974 2472 est
997 2415 1110 2473 auctor
1137 2415 1169 2472 et
1192 2409 1332 2472 humane
1355 2408 1469 2472 salutis
1492 2413 1628 2490 amator,
1645 2407 1810 2492 negotium
1826 2407 1975 2490 civitatis,
1991 2408 2171 2492 comitatus,

353 2515 505 2581 territorii
526 2524 559 2580 et
574 2517 737 2582 districtus
761 2516 977 2603 predictorum
1000 2537 1065 2580 non
1089 2515 1157 2580 sine
1181 2516 1307 2601 maguis
1331 2515 1506 2598 laboribus,
1523 2522 1555 2580 et
1578 2515 1696 2601 previia
1721 2513 1855 2578 maturis
1875 2513 2171 2600 deliberationibus,

352 2623 475 2687 utiliter
496 2630 529 2688 et
551 2625 725 2689 salubriter
748 2623 892 2688 extiterit
916 2623 1110 2705 ordinatum,
1127 2624 1354 2687 discretionem
1376 2629 1467 2686 tuam
1490 2643 1642 2708 rogamus
1667 2629 1699 2686 et
1721 2621 1888 2685 hortamur
1910 2623 2075 2705 attentius,
2093 2644 2172 2708 qna-

351 2737 446 2796 tenus
476 2731 698 2815 devotionem,
724 2753 822 2818 quam
845 2739 877 2796 te
901 2731 943 2796 ed
966 2753 1024 2796 nos
1048 2737 1080 2794 et
1103 2730 1283 2796 Ecclesiam
1306 2737 1517 2795 memoratam
1540 2730 1725 2816 concepisse
1746 2729 1965 2817 percepimus,
1990 2737 2174 2796 constanter

352 2839 543 2904 continuans
564 2845 597 2903 et
620 2841 653 2903 iu
676 2861 810 2926 operum
834 2839 1066 2904 exhibitionem
1089 2838 1280 2924 producens,
1298 2845 1333 2902 ut
1356 2859 1405 2922 ea,
1424 2860 1484 2924 que
1509 2838 1686 2902 secundum
1707 2837 1845 2902 formam
1869 2838 2079 2903 ordinationis
2103 2861 2175 2926 pre·

352 2947 436 3012 dicte
462 2953 587 3011 restant
610 2947 748 3032 agenda,
765 2947 988 3034 compleantur
1012 2953 1044 3011 et
1068 2945 1286 3033 perficiantur,
1303 2967 1362 3010 nec
1386 2967 1450 3010 non
1474 2953 1530 3009 tua
1554 2953 1587 3010 et
1610 2945 1790 3010 concivium
1805 2945 2022 3032 predictorum
2037 2947 2175 3012 fidelitas

353 3061 384 3118 et
408 3053 589 3118 devotionis
620 3054 789 3118 sinceritas
820 3075 899 3140 erga
932 3075 990 3119 nos
1015 3060 1047 3118 et
1072 3053 1187 3118 Sedem
1212 3053 1423 3140 apostolicam
1447 3053 1602 3119 solidetur
1624 3061 1657 3118 et
1680 3059 1818 3136 crescat,
1841 3060 1950 3139 partes
1976 3061 2050 3118 tuas
2069 3055 2175 3120 effica-

352 3162 431 3226 citer
463 3161 666 3247 interponas,
690 3162 831 3226 sciturus
855 3161 939 3247 quod
964 3183 1041 3244 nos,
1065 3162 1119 3246 qui
1142 3183 1184 3224 ex
1207 3160 1371 3248 premissis
1395 3168 1428 3226 et
1451 3161 1522 3225 aliis
1555 3183 1616 3247 que
1640 3161 1679 3225 de
1703 3167 1735 3225 te
1759 3160 1958 3244 audivimus,
1982 3161 2071 3226 illam
2095 3163 2175 3227 fidu·

354 3270 436 3333 ciam
461 3269 500 3332 de
524 3275 556 3332 te
580 3276 734 3353 gerentes
759 3269 792 3332 in
814 3269 965 3352 Domino,
990 3267 1076 3354 quod
1100 3289 1196 3354 super
1219 3269 1270 3353 hjs
1294 3291 1356 3355 que
1380 3269 1549 3352 honorem,
1574 3268 1776 3334 commodum
1799 3274 1832 3332 et
1855 3268 2092 3355 beneplacitum
2118 3291 2175 3336 uo·

352 3384 454 3440 strum
477 3380 509 3440 et
533 3376 619 3440 dicte
644 3375 737 3440 Sedis
762 3375 944 3462 respicient,
969 3382 1000 3439 te
1024 3376 1176 3440 devotum
1200 3375 1379 3440 ferventem
1401 3377 1598 3462 reperiemus
1622 3382 1654 3441 et
1677 3384 1875 3463 promptum,
1891 3397 2063 3462 personam
2086 3384 2176 3444 tuem

353 3483 466 3568 gratiis
490 3490 523 3547 et
547 3483 715 3547 favoribus
739 3481 935 3547 intendimus
958 3483 1120 3570 prosequi,
1146 3490 1304 3568 quantum
1328 3505 1400 3548 cnm
1422 3485 1494 3548 Deo
1518 3484 1693 3571 poterimus
1722 3484 1921 3570 opportunis,
1945 3491 1977 3549 et
2000 3485 2057 3569 illi,
2079 3508 2176 3572 quem

352 3591 429 3654 illuc
453 3611 511 3677 pro
536 3590 668 3676 negotio
685 3590 830 3676 predicto
847 3589 1009 3654 destinare
1025 3585 1245 3676 proponimus,
1262 3590 1441 3676 plenariam
1458 3613 1555 3678 super
1570 3591 1631 3675 his,
1649 3613 1711 3677 que
1727 3598 1758 3655 te
1774 3599 1923 3675 tangunt,
1940 3593 2174 3660 committemus

353 3699 537 3785 specialiter
560 3704 764 3785 potestatem.

422 3805 562 3869 Datum
585 3805 749 3888 Avinioui,
773 3805 879 3870 idibus
904 3806 1054 3889 octobris,
1077 3808 1283 3893 pontificatus
1307 3807 1409 3872 nostri
1432 3828 1516 3872 anno
1540 3808 1717 3893 quartell).

1202 4127 1323 4193 LXIV.

812 4343 908 4427 1338,
934 4343 978 4406 30
1001 4343 1175 4425 cornuti-n,
1200 4351 1227 4408 ct
1252 4344 1348 4428 1339,
1372 4345 1404 4426 2,
1428 4345 1448 4408 4
1473 4353 1500 4410 et
1525 4347 1545 4408 6
1567 4347 1718 4410 irrisorii.

654 4555 707 4619 Ex
731 4555 845 4621 codem
869 4563 955 4622 tomo
982 4557 1100 4622 Codicis
1123 4559 1311 4644 deprimautici
1332 4559 1533 4641 bononiensia,
1557 4580 1644 4624 num.
1668 4557 1824 4624 LXXXI.
1837 4561 1876 4625 (2)

442 4768 481 4834 In
505 4769 634 4834 nominc
657 4769 799 4854 Domini,
824 4792 930 4837 amen.
953 4773 1130 4836 Processus
1156 4793 1278 4856 eorum,
1303 4794 1367 4859 qne
1390 4781 1462 4838 acta
1486 4781 1561 4838 suut
1584 4782 1616 4838 et
1640 4782 1778 4860 agentur
1801 4797 1859 4861 per
1882 4775 2095 4840 reverendum
2118 4797 2175 4862 pa·

351 4881 433 4940 trem
457 4876 621 4941 domiuum
647 4876 831 4963 Guigonem
853 4879 892 4943 de
917 4887 1031 4944 sancto
1056 4879 1231 4962 Germano,
1255 4881 1377 4946 domini
1398 4881 1489 4968 Papa
1514 4882 1690 4964 notarium,
1713 4903 1752 4947 ac
1775 4883 1808 4946 iu
1832 4883 1962 4947 civitate
1985 4883 2176 4948 bononiensi

352 4984 487 5068 ejusque
511 4983 658 5048 districtu
681 4991 713 5048 ct
737 4986 908 5050 cornitutus
932 4988 1109 5074 apostolice
1134 4987 1228 5052 Sedis
1252 4988 1406 5052 nuncium
1429 5009 1527 5075 snper
1549 4987 1635 5054 facto
1658 4989 1710 5052 vel
1734 4990 1874 5075 negotijs
1897 4989 2096 5075 Legationis,
2118 5011 2176 5054 seu

352 5091 568 5155 nuntiationis
592 5091 653 5155 sibi
676 5093 845 5157 commisso
870 5095 902 5157 in
927 5095 1068 5178 civitate,
1086 5095 1250 5178 comitatu,
1268 5117 1325 5159 seu
1349 5096 1497 5160 districtu
1520 5096 1683 5183 predictis.
1706 5095 1769 5170 Qui
1793 5097 1922 5182 quidem
1945 5097 2094 5161 dominus
2116 5119 2173 5162 no·

351 5197 453 5261 tarius
477 5199 608 5263 nuntius
633 5199 799 5264 mandavit
822 5201 901 5264 mihi
926 5201 1093 5266 Grirnaldo
1118 5203 1158 5267 de
1182 5202 1399 5287 Pontecurvo,
1423 5204 1552 5290 publico
1578 5205 1755 5290 apostolica
1778 5205 1969 5268 auctoritate
1992 5205 2118 5269 notario
2142 5212 2174 5269 et

352 5304 456 5369 scribe
480 5326 556 5388 suu,
581 5306 667 5392 quod
691 5307 865 5372 scriberem
889 5315 921 5372 ct
945 5309 1172 5393 registrarem,
1197 5310 1284 5375 etin
1315 5312 1394 5374 actis
1425 5312 1506 5376 meis
1535 5310 1717 5396 redigerem
1740 5312 1838 5376 etiam
1862 5311 1894 5375 iu
1918 5311 2049 5398 publica
2077 5312 2174 5377 docu-

351 5416 470 5494 menta,
495 5413 522 5476 si
545 5412 629 5477 foret
653 5413 838 5500 expediens,
864 5417 972 5480 omnia
996 5422 1028 5480 et
1052 5417 1182 5502 ringula
1206 5439 1268 5502 que
1292 5439 1350 5504 per
1373 5440 1446 5482 eum
1470 5419 1514 5502 in,
1532 5425 1564 5482 ct
1587 5439 1684 5504 super
1706 5418 1850 5505 predicto
1875 5418 2005 5503 negotio
2021 5425 2053 5483 et
2070 5419 2174 5506 ipsum

351 5518 561 5603 tangentibus
584 5521 665 5602 fieri,
690 5529 722 5586 et
746 5521 860 5586 haberi
883 5524 1056 5608 contigerit
1078 5544 1150 5588 cum
1176 5525 1355 5607 Communi,
1380 5546 1438 5588 eeu
1460 5525 1670 5590 universitate
1694 5533 1727 5588 et
1749 5525 1884 5611 populo,
1908 5525 2047 5590 civitatis
2072 5533 2104 5590 et
2127 5526 2174 5590 di·

352 5624 481 5690 strictus
498 5647 536 5691 ac
561 5629 731 5692 comitatus
754 5630 983 5715 predictorum,
1001 5627 1033 5694 ct
1057 5652 1130 5694 oum
1155 5631 1284 5695 domino
1306 5631 1439 5696 Thadeo
1463 5632 1502 5695 de
1525 5631 1669 5719 Pepnlis,
1686 5654 1724 5697 ac
1740 5633 1993 5718 quibuscumque
2017 5635 2173 5720 personis,

352 5733 560 5817 presentibus·
579 5735 819 5799 venerabilibus
842 5743 874 5800 et
898 5737 1045 5801 discretis
1070 5738 1147 5801 viris
1171 5737 1309 5803 dominis
1334 5737 1483 5824 Guigone
1507 5739 1547 5803 de
1572 5739 1698 5804 Godeto
1722 5741 1756 5804 in
1780 5739 1907 5824 legibus
1929 5741 2105 5823 licentiato,
2122 5762 2174 5804 oa·

353 5839 469 5904 uonico
486 5840 671 5924 vivariensi,
687 5842 812 5908 Iacobo
830 5842 1060 5928 Oambaiortis,
1079 5852 1203 5910 rectore
1219 5846 1354 5910 ecclesie
1370 5845 1490 5910 Montis
1506 5846 1713 5912 allianutitssl
1730 5854 1762 5910 et
1777 5846 1932 5912 Marcello
1947 5847 2119 5933 Neyronis,
2137 5868 2174 5912 ac

352 5947 507 6031 magistro
533 5946 663 6013 Simone
685 5948 819 6036 Aprilis,
837 5951 1028 6016 auctoritate
1052 5953 1230 6038 apostoliea
1251 5953 1387 6036 notario,
1405 5954 1464 6018 sub
1481 5975 1566 6019 anno
1582 5955 1760 6018 nativitatis
1776 5953 1908 6019 Domini
1924 5954 2093 6019 millesimo
2110 5961 2173 6018 tre·

352 6055 525 6118 centesimo
543 6055 708 6141 trigesimo
733 6078 827 6140 nono,
845 6057 896 6122 dic
920 6059 1069 6142 mercurij
1094 6060 1273 6145 penultima
1296 6061 1415 6124 mensis
1436 6061 1625 6143 decembris,
1642 6062 1847 6148 pontificatus
1863 6061 2056 6125 sanctIssimi
2071 6063 2173 6147 patris

432 6321 471 6388 (1)
490 6319 532 6371 Ex
551 6321 619 6391 Reg.
639 6322 688 6374 IV.
706 6321 794 6389 Epr'st.
811 6329 917 6388 secret,
937 6342 980 6394 ep.
1000 6329 1061 6390 ³44,
1081 6325 1128 6378 sol.
1149 6329 1208 6378 101.

434 6410 473 6475 (2)
492 6410 534 6461 Ex
553 6411 612 6464 cod.
632 6413 720 6480 primo
739 6413 947 6480 Prr'rileyiorum
967 6415 994 6466 S.
1013 6415 1046 6467 R.
1066 6413 1115 6480 bl,
1134 6417 1162 6467 in
1182 6415 1271 6468 Vatic.
1291 6415 1375 6469 Arch.
1395 6421 1511 6483 servato,
1531 6419 1578 6470 iol.
1598 6421 1632 6471 'll
1651 6423 1670 6470 t.

432 6501 471 6564 (³)
491 6499 544 6552 Sic.
