5490 7750
602 603 675 674 138
1383 623 1624 673 nonnunnnx

596 779 710 844 timore
734 779 866 844 Domini
889 774 1064 865 dirigentes
1089 785 1212 844 vestras
1237 779 1396 843 continuis
1420 779 1536 862 studijs
1556 779 1709 861 actiones,
1726 777 1884 842 letificetis
1901 778 2099 843 exhibitione
2115 778 2223 842 lilialis
2240 779 2418 844 devotionis

596 893 629 950 et
652 887 832 951 reverentie
857 893 997 951 mentem
1020 895 1179 968 vestram,
1204 887 1243 950 de
1268 893 1378 950 nostra
1402 893 1434 949 et
1458 886 1633 972 apostolice
1658 885 1751 950 Sedis
1774 885 2000 949 benevolentia
2024 885 2220 950 confidentes
2252 888 2336 972 quod
2359 909 2417 952 vos

597 1001 762 1078 tamquam
786 994 918 1058 devotos
943 994 1025 1057 lilios
1049 994 1243 1058 intendimus
1267 993 1417 1080 prosequi
1441 993 1547 1078 gratia
1571 999 1603 1056 et
1626 992 1748 1056 favore.

686 1101 806 1164 Datum
830 1101 995 1182 Avinioui,
1020 1101 1067 1185 xij
1092 1101 1249 1165 kalendas
1270 1101 1367 1185 junij,
1390 1100 1596 1186 pontificatus
1619 1101 1720 1165 nostri
1744 1121 1829 1164 anno
1853 1099 2018 1185 primolll.

1424 1419 1584 1483 LXXIII.

1376 1635 1474 1717 1342,
1499 1635 1541 1697 12
1563 1636 1644 1698 iulii.

1064 1846 1115 1910 Ex
1140 1847 1284 1911 eiusdem
1307 1847 1427 1911 codicis
1450 1854 1542 1932 parte
1565 1847 1612 1928 L,
1636 1868 1667 1911 n.
1693 1847 1771 1930 IX„
1797 1869 1824 1912 a.
1849 1850 1891 1911 49
1916 1870 1941 1912 r.

687 2061 836 2126 Clemens
860 2061 1176 2146 episcopusservus
1201 2083 1368 2124 servorum
1390 2060 1463 2142 Dei,
1480 2060 1597 2124 dilecto
1621 2059 1689 2124 filio
1713 2060 1814 2125 nobili
1837 2061 1906 2126 vlro
1931 2061 2063 2126 Thadeo
2088 2061 2129 2125 de
2151 2061 2292 2148 Pepolis‚
2309 2061 2420 2147 legum

595 2169 728 2252 doctori,
747 2169 810 2232 civi
828 2167 1026 2251 bononiensi,
1040 2171 1165 2253 gerenti
1182 2169 1493 2232 administrationem
1506 2169 1627 2252 jurium
1644 2168 1803 2232 fiscalium
1818 2169 1860 2232 ad
1877 2189 1935 2232 nos
1951 2175 1984 2232 et
2007 2189 2174 2233 romanam
2189 2168 2370 2234 Ecclesiam
2387 2169 2420 2232 in

595 2277 728 2342 civitate
752 2283 784 2339 et
807 2277 962 2340 comitatu
986 2282 1018 2339 et
1042 2275 1188 2339 districtu
1211 2274 1462 2340 bononiensibus
1478 2275 1703 2361 spectantium,
1720 2275 1858 2339 salutem
1874 2282 1907 2340 at
1922 2275 2133 2362 apostolicam
2153 2275 2420 2341 benedictionem.

685 2384 818 2449 Dudum
842 2405 900 2470 per
923 2384 1026 2447 felicis
1051 2383 1283 2448 recordationis
1305 2383 1519 2446 Benedictum
1542 2403 1662 2469 papam
1690 2383 1748 2468 xij,
1772 2384 2033 2469 predecessorem
2056 2391 2211 2466 nostrum,
2232 2384 2420 2448 reconcilia·

595 2494 681 2558 tione
706 2493 898 2556 dilectorum
920 2492 1060 2555 liliorum
1083 2492 1302 2554 uniuersitatis
1325 2490 1444 2577 Populi
1466 2499 1498 2554 et
1522 2491 1708 2568 Communis
1729 2492 1879 2574 civitatis,
1897 2492 2068 2556 comitatus
2083 2499 2115 2555 et
2131 2491 2295 2556 districtus
2320 2493 2419 2556 bono·

530 2671 532 2678 ⁴
596 2601 756 2664 niensium
781 2600 822 2663 ad
845 2621 904 2663 nos
927 2607 961 2663 et
983 2599 1164 2663 Ecclesiam
1187 2619 1354 2661 romanam
1378 2598 1603 2684 spectantium,
1621 2599 1675 2682 qui
1699 2599 1885 2684 serpentina
1908 2599 2096 2685 decepti0na
2120 2598 2254 2681 seducti,
2273 2599 2314 2664 ab
2333 2599 2420 2682 ejus·

596 2709 670 2772 dem
692 2708 838 2772 Ecclesia
862 2707 1033 2771 devotione
1058 2705 1239 2788 desierant,
1263 2706 1323 2768 snb
1346 2707 1441 2769 certis
1465 2706 1585 2788 modis,
1610 2705 1737 2789 formis,
1763 2707 2028 2770 conventionibus
2059 2713 2091 2771 et
2121 2706 2358 2772 conditionibus
2387 2707 2421 2769 in

594 2817 697 2879 literis
720 2816 840 2901 prelati
862 2815 1099 2900 predecessoris
1123 2813 1198 2876 iude
1222 2812 1392 2895 confectis,
1416 2814 1576 2877 contentis
1600 2814 1726 2899 plenius
1750 2821 1782 2877 et
1805 2814 1967 2899 expressis
1997 2822 2143 2900 recepta,
2168 2815 2279 2878 volens
2306 2813 2421 2900 prede·

596 2945 706 2987 ccssor
730 2924 875 3008 prefatus
900 2921 1048 3006 regimini
1072 2921 1252 3001 comitatus,
1278 2921 1417 2984 civitatis
1441 2927 1473 2983 et
1496 2920 1659 2984 districtus
1683 2920 1900 3007 predictorum
1922 2921 2045 2984 utiliter
2068 2928 2101 2985 ct
2124 2921 2296 2984 salubriter
2316 2921 2423 3006 provi·

596 3031 684 3112 dora,
702 3029 883 3094 venarabili
905 3029 998 3094 fratri
1021 3029 1221 3092 BcltramIno
1242 3028 1432 3092 bononiensi
1448 3035 1523 3092 tunc
1540 3049 1676 3092 cumano
1693 3029 1853 3114 episcopo,
1871 3029 2024 3113 quemad
2041 3029 2215 3111 clvitatam,
2233 3029 2422 3092 comitatum

596 3146 629 3201 et
652 3138 832 3201 districtum
857 3135 1017 3222 pradIctos
1041 3157 1138 3221 super
1165 3137 1379 3200 ratificaticna
1410 3143 1633 3200 contentorum
1664 3137 1696 3199 in
1727 3135 1879 3222 predictis
1910 3136 2011 3200 literis
2042 3158 2100 3222 per
2131 3157 2205 3200 auin
2237 3157 2256 3199 a
2286 3136 2422 3222 prefatis

595 3245 828 3327 Universitatc,
845 3245 971 3331 Populo
995 3252 1027 3307 et
1051 3243 1220 3308 Communi
1238 3245 1366 3307 nomine
1382 3243 1618 3329 predecessoris
1635 3251 1667 3308 at
1681 3245 1827 3309 Ecclesia
1844 3265 1975 3309 romane
1992 3244 2209 3329 predictorum
2226 3243 2421 3329 recipienda,

598 3362 630 3416 et
654 3354 819 3417 nonnullis
843 3353 917 3436 alijs
942 3351 1076 3437 agendis
1100 3359 1133 3415 at
1156 3351 1381 3436 expediendis,
1407 3351 1590 3436 ibidemque
1614 3353 1646 3415 iu
1670 3352 1771 3416 literis
1795 3352 2055 3416 commissionum
2086 3351 2149 3415 sibi
2178 3373 2236 3437 per
2260 3351 2423 3436 prelatum

595 3461 856 3548 predecessorem
879 3459 1040 3524 factarum
1060 3481 1157 3545 super
1172 3458 1223 3522 his
1240 3459 1474 3544 exprimuntur,
1491 3460 1670 3523 transmisit
1686 3459 1959 3541 committendum,
1977 3457 2118 3544 providit
2133 3480 2192 3544 per
2208 3479 2283 3522 suas
2299 3458 2421 3540 literas,

596 3576 628 3633 ct
652 3567 882 3650 mandandum,
899 3577 935 3630 ut
957 3573 1130 3653 postquam
1152 3567 1323 3652 possessio,
1341 3573 1373 3629 at
1389 3567 1491 3651 quasi,
1510 3567 1659 3648 civitatis,
1677 3568 1847 3630 comitatus
1864 3573 1897 3630 et
1912 3565 2074 3630 districtus
2096 3573 2129 3629 et
2150 3566 2287 3630 aliorum
2300 3565 2423 3650 jurium

596 3675 814 3762 predictorum
837 3676 933 3759 juxta
956 3681 1101 3738 tenorem
1126 3681 1158 3737 et
1181 3674 1318 3736 formam
1343 3674 1508 3737 literarum
1533 3675 1675 3760 ipsarum
1700 3673 1936 3756 confectarum,
1962 3681 1997 3736 ut
2021 3674 2228 3758 premittitur,
2252 3694 2350 3759 super
2374 3695 2423 3736 re·

596 3783 821 3847 conciliatione
843 3783 912 3866 jam
934 3782 1035 3864 dicta,
1060 3789 1145 3844 essct
1169 3781 1303 3867 prefatis
1326 3781 1547 3866 predecessori
1571 3788 1602 3844 et
1625 3781 1770 3844 Ecclesia
1795 3802 1936 3863 romane,
1959 3801 2016 3844 sen
2038 3801 2176 3866 persona
2200 3780 2252 3844 vel
2276 3781 2422 3866 personis

596 3913 693 3976 qnam
717 3890 769 3954 vel
794 3911 874 3975 quas
899 3889 937 3953 ad
964 3889 996 3952 id
1021 3889 1153 3954 duceret
1176 3889 1395 3975 deputandam
1418 3889 1471 3952 vel
1495 3889 1593 3952 etiam
1616 3889 1828 3972 deputandas,
1845 3889 1990 3974 plenaria
2015 3889 2182 3970 restituta3
2201 3895 2232 3951 et
2251 3887 2424 3952 ratificatio

597 3999 741 4062 omnium
764 4005 796 4060 et
819 3998 1021 4082 singulorum
1044 4003 1267 4061 contentorum
1291 3997 1324 4058 iu
1348 3995 1426 4082 ipsis
1449 3996 1568 4077 literis,
1594 3996 1693 4059 salvis
1724 3985 1833 4059 tamen
1864 3997 1959 4060 certis
1983 3995 2240 4081 suppletionibus
2264 3995 2422 4059 contentis

597 4105 629 4168 in
654 4105 728 4189 alijs
753 4105 854 4191 ipsius
878 4105 1114 4190 predecessoris
1138 4105 1256 4186 literis,
1282 4103 1436 4167 existeret
1468 4103 1659 4185 subsecuta,
1683 4125 1740 4188 par
1765 4104 1857 4187 cujus
1889 4103 2078 4166 fidelitatem
2101 4109 2134 4166 et
2157 4103 2424 4187 circumspectam

594 4213 801 4298 prudentiam
826 4213 978 4298 sperabat
1002 4212 1177 4294 civitatem,
1195 4211 1381 4275 comitatum
1406 4219 1438 4274 at
1459 4211 1639 4274 districtum
1655 4211 1816 4296 predictos
1833 4211 1866 4274 in
1883 4218 1967 4274 statu
1985 4210 2119 4296 pacifico
2143 4217 2175 4273 et
2196 4210 2283 4273 cultu
2298 4209 2423 4293 justitie

596 4342 690 4405 posse
714 4319 794 4404 vch,
812 4327 844 4382 et
868 4320 1008 4382 maxime
1033 4319 1109 4403 quia
1133 4319 1236 4382 dictus
1261 4319 1399 4404 populus
1423 4319 1596 4403 reputabat
1619 4319 1658 4382 de
1683 4325 1738 4382 tuo
1762 4319 1918 4403 regimine
1942 4339 1976 4382 aa
1999 4317 2424 4399 contentun1,administra·

596 4428 717 4490 tionem
747 4427 926 4512 plenariam
947 4427 1071 4510 jurium
1102 4433 1134 4490 et
1164 4427 1322 4490 bonorum
1346 4426 1387 4489 ad
1411 4425 1558 4489 eamdem
1591 4447 1758 4489 romanam
1781 4425 1961 4489 Ecclesiam
1986 4425 2017 4488 in
2041 4425 2188 4506 civitate,
2214 4425 2368 4488 comitatu
2391 4432 2424 4488 et

597 4535 744 4597 districtu
772 4535 924 4619 predictis
948 4533 1177 4619 pertinentium
1201 4555 1259 4618 par
1282 4541 1313 4596 te
1341 4533 1517 4617 gerendam
1547 4540 1578 4596 ct
1609 4533 1824 4597 exercendam
1855 4533 1984 4596 nornine
2016 4554 2053 4596 ac
2084 4532 2154 4595 vice
2186 4531 2423 4617 predecessoris

596 4649 629 4704 et
652 4641 797 4705 Ecclesia
823 4642 1039 4727 predictorum
1063 4662 1164 4726 usque
1189 4641 1230 4703 ad
1254 4641 1427 4704 triennium
1459 4642 1651 4704 auctoritate
1680 4641 1858 4726 apostolica
1885 4639 2060 4704 concedere
2085 4643 2290 4725 procuraret,
2315 4659 2423 4702 sacra·

595 4756 704 4812 mento
727 4748 891 4811 fidelitatis
916 4755 949 4812 et
972 4750 1154 4834 receptione
1178 4749 1279 4834 ipsius
1304 4769 1323 4812 a
1346 4748 1512 4812 Potestata
1536 4754 1568 4812 et
1592 4747 1787 4833 Capitoneo,
1812 4748 1940 4832 quando
1963 4747 2185 4812 Bononienses
2209 4768 2267 4831 per
2291 4745 2423 4832 Capita·

596 4877 692 4919 neum
717 4855 786 4940 regi
810 4854 978 4936 vallente
1002 4856 1180 4940 ceterisque
1205 4855 1394 4919 officialibus
1417 4864 1450 4918 et
1473 4855 1596 4918 civibus
1621 4855 1760 4919 ciuitatis
1781 4854 1936 4939 ejusdem,
1954 4875 2091 4918 necnon
2109 4853 2251 4916 dominio
2275 4875 2313 4916 ac
2334 4875 2421 4918 mero

595 4971 628 5026 ct
651 4964 752 5026 mixto
774 4963 919 5048 imperio,
935 4962 1170 5047 jurisdictione,
1188 4984 1302 5026 census
1328 4963 1565 5044 constitutione,
1583 4971 1615 5027 et
1631 4963 1860 5026 mittendorum
1875 4963 2020 5047 equitum
2036 4961 2077 5024 ad
2094 4960 2262 5024 servitium
2277 4961 2423 5043 ejusdem

548 5126 552 5132 .
595 5070 740 5134 Ecclesie
765 5070 963 5155 obligatione
996 5092 1033 5134 ac
1065 5071 1248 5134 officialium
1278 5071 1318 5134 ad
1340 5071 1598 5154 jurisdictionem
1621 5069 1804 5156 hujusmodi
1834 5070 1903 5133 vice
1937 5076 1969 5133 et
1999 5069 2128 5134 nornine
2159 5069 2259 5154 ipsius
2291 5089 2422 5132 romane

594 5179 740 5242 Ecclesie
765 5178 991 5260 exercendam,
1009 5186 1041 5242 et
1064 5179 1351 5242 administrationis
1372 5179 1494 5263 jurium
1518 5188 1550 5242 et
1575 5180 1732 5243 bonorum
1753 5178 1982 5242 Universitatis
1999 5177 2144 5262 ejusdam
2168 5198 2226 5262 per
2246 5175 2422 5240 Commune

595 5308 633 5350 ac
655 5286 817 5372 Populum
842 5287 1057 5350 bononienses
1082 5286 1362 5368 nominandorum,
1379 5294 1411 5350 et
1435 5309 1492 5372 per
1516 5288 1619 5372 ipsam
1642 5286 1823 5350 Ecclesiam
1847 5285 2080 5371 eligendorum,
2096 5283 2331 5370 ponendorum,
2349 5305 2423 5347 con·

595 5393 841 5475 stitucndorum,
867 5393 935 5456 sive
959 5391 1217 5478 deputandorum
1241 5393 1408 5474 electione,
1433 5393 1602 5478 positione,
1627 5393 1854 5456 constitutione
1879 5413 1935 5455 seu
1963 5391 2171 5477 deputatione
2195 5389 2370 5470 faciendis,
2392 5396 2424 5452 et

595 5501 669 5584 alijs
690 5501 819 5584 juribus
843 5500 1003 5564 universis
1028 5501 1060 5564 in
1085 5501 1232 5582 civitate,
1257 5501 1411 5564 comitatu
1436 5506 1468 5564 et
1491 5501 1637 5564 districtu
1667 5500 1819 5585 predictis
1843 5499 1948 5563 eidem
1971 5519 2103 5562 romana
2126 5497 2271 5562 Ecclesia
2296 5517 2423 5582 compe·

594 5608 747 5689 tentibus,
773 5607 950 5670 secundnm
974 5607 1060 5693 quod
1085 5608 1117 5670 in
1140 5607 1234 5670 dictis
1266 5607 1369 5670 literis
1400 5627 1498 5692 super
1527 5606 1673 5691 predicta
1703 5605 1983 5686 reconciliatione,
2009 5612 2043 5667 nt
2066 5604 2243 5689 prefertur,
2269 5601 2424 5666 confectis

595 5715 721 5800 plenius
746 5713 946 5778 continetur:
971 5715 1070 5777 salvis
1094 5735 1221 5799 semper
1248 5721 1280 5777 et
1304 5714 1403 5776 illesis
1435 5714 1698 5799 permanentibus
1722 5720 1754 5775 ct
1778 5712 1979 5796 integraliter
2004 5710 2090 5796 apud
2113 5709 2294 5774 Ecclesiam
2319 5731 2423 5772 reina-

595 5823 745 5887 uentibus
770 5823 1008 5908 supradictam,
1034 5843 1095 5906 que
1120 5823 1244 5904 omnia,
1269 5829 1305 5885 ut
1329 5823 1522 5907 premissum
1545 5828 1610 5903 est,
1635 5821 1770 5906 prefatis
1794 5820 1895 5883 literis
1919 5819 2013 5883 factis
2041 5839 2138 5904 super
2162 5817 2424 5882 reconciliatione

591 5932 660 6016 jam
685 5930 771 5994 dicta
795 5930 922 6016 plenius
946 5929 1138 5993 continetur.
1163 5929 1318 5992 Pretcrea
1345 5929 1448 5994 voluit
1478 5928 1686 6014 predecessor
1710 5927 1873 6013 predictus
1905 5927 1991 6012 quod
2023 5926 2109 5990 idem
2140 5927 2310 6011 episcopus
2342 5947 2362 5989 a
2392 5933 2424 5988 te

593 6040 653 6102 sub
678 6038 801 6120 fontia,
827 6058 888 6122 que
912 6040 1068 6122 sequitur,
1094 6037 1258 6100 fidelitatis
1283 6037 1440 6122 reciperet
1461 6037 1699 6120 juramentum:
1731 6034 1836 6119 «qu
1864 6033 2010 6097 Tlrodeua
2033 6034 2071 6097 de
2095 6033 2221 6117 Pepalia
2236 6034 2315 6117 juro
2342 6035 2425 6118 qnod

592 6147 631 6211 ab
660 6145 716 6210 boc
746 6145 823 6208 doro
846 6147 878 6208 in
902 6153 994 6209 antea
1014 6144 1115 6227 fidelia
1139 6153 1165 6208 et
1187 6144 1326 6208 obediens
1355 6165 1406 6208 ero
1436 6143 1519 6207 beato
1543 6143 1635 6207 Petro
1662 6144 1798 6226 principi
1827 6141 2031 6225 apestolorum
2063 6148 2090 6205 et
2120 6142 2309 6204 candissimo
2334 6143 2425 6224 patri

593 6255 716 6317 domiuo
740 6273 814 6334 orec,
831 6251 953 6315 dominc
973 6251 1139 6316 Benedicta
1161 6273 1239 6336 pope
1260 6253 1317 6335 eij,
1340 6252 1465 6336 ejusque
1487 6250 1705 6314 arrecessoribus
1721 6251 1862 6313 cortoaire
1878 6247 2075 6332 intrantibus,
2092 6254 2251 6332 solideque
2267 6248 2425 6332 apestolice

675 6485 713 6550 (1)
734 6482 775 6533 Ex
795 6483 863 6552 Rag.
885 6482 932 6533 VI.
952 6483 1016 6534 anni
1037 6482 1074 6548 I.;
1097 6483 1182 6549 Epist.
1203 6483 1431 6546 decoronatione,
1450 6497 1513 6550 pag.
1533 6484 1576 6545 76,
1596 6481 1643 6532 fol.
1663 6484 1678 6532 4
1699 6498 1720 6532 r.
