5484 7746
598 636 672 704 254
1382 657 1621 708 nonunsnra

596 813 634 876 ad
660 813 794 876 Plebem
818 813 988 896 Medicine,
1013 835 1070 877 sen
1093 813 1216 896 Bnide,
1241 814 1388 878 dominus
1415 814 1578 879 Henrieus
1600 864 2408 884 .........................

597 969 770 984 ......
796 920 950 984 fratribus
975 921 1040 983 suis
1064 921 1186 984 scilicet
1209 923 1397 1006 presbitero,
1414 922 1573 1006 Alghisio,
1598 923 1776 1008 presbitero
1801 923 1957 1006 Tariauo,
1973 924 2151 1010 presbitero
2175 925 2321 1009 Alberto,
2338 947 2409 1010 pre·

595 1029 714 1092 sbitero
737 1029 778 1092 Pl
782 1077 1222 1094 ..............
1247 1029 1404 1114 Anguisa,
1427 1030 1580 1114 magistro
1604 1031 1789 1112 Lamberto,
1807 1031 1961 1116 magistro
1984 1031 2134 1095 ,Iohanne
2162 1033 2410 1096 snddiaconibns

594 1145 626 1200 et
649 1136 778 1200 domiuo
804 1137 944 1201 Gnidoni
963 1185 1204 1200 ........
1229 1134 1400 1218 [lecerunlt
1417 1137 1512 1228 finem
1529 1145 1560 1200 et
1576 1137 1808 1201 refutacionem
1825 1147 1856 1201 et
1872 1139 2107 1202 transacionem
2124 1147 2155 1202 et
2172 1141 2409 1203 concessionem

594 1252 783 1330 perpetuam
807 1251 839 1308 et
863 1244 1126 1327 inre[vocabilem
1153 1292 1460 1308 ..........
1463 1243 1474 1327 1
1497 1243 1628 1308 Vicario
1659 1245 1770 1308 Plebis
1802 1245 1841 1308 de
1865 1245 2025 1309 Medicina
2049 1247 2216 1331 recipienti
2239 1268 2296 1332 pro
2320 1270 2354 1311 se
2378 1255 2409 1311 et

594 1353 659 1414 suis
684 1353 716 1415 in
740 1351 884 1436 predicta
908 1352 1008 1415 Plebc
1032 1350 1296 1434 sne[cess0ribns]
1314 1400 1656 1416 ...........
1682 1351 1956 1437 decimarumque
1978 1362 2052 1416 sunt
2074 1354 2106 1416 in
2130 1355 2227 1418 Certe
2252 1354 2409 1418 Medicine

594 1466 625 1521 et
648 1459 680 1522 in
702 1459 772 1542 ejus
796 1459 945 1540 Plebatu,
969 1466 1078 1544 preter
1102 1480 1198 1543 quam
1222 1458 1261 1522 de
1286 1459 1417 1522 decimis
1443 1507 1718 1523 .........
1743 1458 1938 1545 [privilelgio
1963 1467 1994 1522 et
2018 1481 2128 1523 eorum
2153 1459 2259 1524 Curtis
2283 1469 2315 1524 et
2337 1484 2408 1547 per-

593 1567 738 1629 tinencia.
764 1566 853 1640 Quas
877 1566 1017 1629 decimas
1046 1566 1170 1649 integre
1203 1565 1334 1629 retinuit
1365 1587 1423 1650 pro
1454 1565 1601 1630 Ecclesia
1632 1567 1820 1630 bononiensi
1848 1575 1880 1630 ct
1911 1567 2068 1631 concessit
2099 1567 2201 1630 eidem
2233 1569 2410 1654 presbitero

593 1673 721 1736 l'baldo
746 1672 910 1758 recipienti
936 1673 1064 1735 nourine
1089 1672 1172 1735 dicte
1196 1672 1316 1753 Plebis,
1338 1694 1431 1736 omne
1452 1675 1505 1756 jus
1530 1682 1561 1736 et
1586 1673 1759 1754 necionem,
1779 1673 1862 1757 quod
1881 1682 1911 1737 ct
1929 1695 2025 1758 quarn
2041 1673 2187 1738 Ecclesia
2203 1674 2409 1740 bononiensis

596 1782 663 1842 sire
696 1779 881 1865 Capitulum
912 1780 1117 1843 bononiensis
1145 1779 1288 1843 Ecclesia
1320 1779 1461 1843 habebat
1489 1781 1541 1842 rel
1565 1780 1683 1844 habere
1708 1780 1859 1844 credebat
1882 1781 1915 1844 in
1943 1789 2058 1866 quarta
2082 1782 2277 1845 decimarum
2303 1783 2408 1847 Curtia

593 1887 769 1970 Medicine,
794 1889 982 1974 promittens
1006 1888 1035 1951 ei
1060 1887 1120 1950 sibi
1145 1887 1286 1972 legitime
1312 1887 1483 1952 defendere
1506 1897 1538 1952 et
1562 1889 1774 1970 auctorizare,
1800 1911 1858 1952 nec
1882 1889 2103 1952 contravenire
2128 1911 2185 1976 per
2213 1913 2246 1954 se
2270 1913 2407 1977 suosque

589 1997 620 2058 in
645 1997 787 2082 presenti
811 2002 842 2058 et
867 1996 896 2058 in
923 1995 1064 2058 futurum
1090 2016 1290 2058 successores
1314 1995 1510 2081 snppcnalll
1528 2006 1654 2059 centnm
1679 1996 1833 2058 librarum
1852 1997 2065 2082 imperialium
2082 1997 2259 2082 presbitero
2280 1998 2407 2062 Ubaldo

593 2105 766 2189 recipiente
791 2111 823 2166 et
846 2103 1021 2188 stipulante
1044 2103 1172 2166 nornine
1189 2103 1264 2166 dicti
1281 2103 1447 2186 Plebatus,
1465 2125 1529 2188 qua
1545 2125 1628 2190 pena
1645 2105 1750 2168 soluta
1767 2105 1792 2166 si
1809 2104 1977 2168 commissa
1995 2105 2122 2186 suerint,
2141 2106 2246 2169 omnia
2265 2107 2407 2192 predicta

592 2210 624 2272 in
648 2232 707 2273 sua
731 2219 941 2296 permaneant
964 2209 1124 2290 firmitate,
1148 2215 1179 2272 et
1203 2209 1306 2273 dictus
1331 2210 1488 2294 presbiter
1511 2210 1659 2273 l'baldus
1683 2259 2024 2274 ...........
2050 2209 2252 2296 [ρτο]εοηοὶ(ι,
2278 2212 2405 2277 domino

589 2318 697 2401 jndice
729 2317 934 2381 bononiensis
965 2316 1127 2398 Ecclesia,
1152 2324 1184 2379 et
1207 2316 1290 2380 dicte
1314 2317 1424 2380 Plebis
1451 2317 1608 2381 Medicine
1632 2317 1912 2403 Archipresbitero
1944 2325 2106 2403 prestante
2130 2319 2160 2381 ei
2184 2321 2405 2383 auctoritatem

592 2433 623 2488 et
641 2433 788 2510 presente
807 2473 946 2488 .....
966 2473 973 2505 ,
999 2423 1173 2508 [prelsenlc
1198 2424 1376 2509 presbitero
1400 2425 1539 2488 Viriano
1563 2425 1731 2510 capellano
1748 2425 1851 2488 saneti
1866 2425 2034 2488 Laurentii
2051 2425 2090 2488 de
2104 2425 2274 2508 Medicina,
2292 2449 2405 2512 procn-

591 2541 697 2595 ratore
726 2539 758 2596 et
787 2531 908 2594 sindico
941 2531 1129 2594 clericorum
1153 2530 1192 2592 dc
1216 2531 1377 2594 Medicina
1401 2581 1641 2596 ........
1666 2532 1764 2616 lungo
1788 2539 1994 2618 procuratore
2018 2533 2218 2616 singulorum
2243 2533 2407 2598 hominum

592 2639 631 2704 de
655 2639 817 2703 Medicina
840 2645 873 2702 et
896 2639 1136 2718 consenciente,
1162 2637 1246 2701 idern
1270 2638 1427 2722 presbiter
1453 2639 1601 2702 Ubaldus
1632 2639 1708 2702 fecit
1735 2639 1830 2702 finem
1855 2639 1900 2721 [et
1924 2638 2166 2722 rlefntacionem
2191 2648 2223 2703 et
2248 2649 2406 2706 transsac-

592 2748 715 2810 cionem
740 2754 771 2809 et
802 2746 1039 2809 concessionem
1069 2751 1257 2830 perpetuam
1288 2753 1320 2808 et
1351 2745 1600 2810 inrevocabilem
1631 2745 1759 2810 domino
1790 2745 1933 2810 Mcnrico
1957 2746 2146 2809 bononiensi
2170 2747 2405 2812 Archidiacono

593 2855 758 2939 recipienti
782 2875 840 2939 pro
865 2875 897 2916 se
922 2862 953 2916 et
977 2852 1130 2914 fratribus
1154 2853 1220 2915 suis
1244 2853 1371 2916 nornine
1400 2854 1606 2917 bononiensis
1629 2853 1774 2917 Ecclesie
1799 2852 1882 2938 [pro]
1907 2853 2008 2917 tribus
2040 2854 2186 2939 partibus
2210 2855 2405 2919 decimarum

593 2962 698 3025 Cnrtis
722 2961 891 3041 Medicine,
917 2969 1043 3022 retenta
1067 2959 1127 3021 sibi
1153 2969 1268 3044 quarta
1292 2983 1349 3046 pro
1374 2960 1443 3046 ipsa
1466 2960 1567 3023 Plebe
1592 2969 1623 3023 et
1647 2960 1686 3023 de
1710 2961 1841 3024 decimis
1867 2961 1990 3044 integre
2011 2960 2103 3024 Ponit
2122 2972 2154 3024 et
2170 2961 2356 3044 Trelorcfis]
2373 2973 2405 3027 et

593 3069 687 3153 Gagii
712 3077 743 3131 et
767 3090 877 3132 eorum
903 3067 1009 3131 Curtis
1034 3075 1065 3129 et
1090 3069 1291 3151 pertinentiis
1316 3069 1347 3130 in
1372 3068 1487 3153 quibus
1512 3067 1609 3132 niclril
1635 3068 1778 3152 predicta
1802 3067 1902 3130 Plebe
1919 3068 2061 3148 retinuit,
2079 3075 2110 3130 et
2127 3090 2219 3132 omne
2234 3071 2287 3154 jus
2304 3079 2334 3132 et
2352 3092 2404 3133 ac·

592 3177 715 3240 cionem
733 3175 817 3261 qnod
834 3183 866 3238 et
883 3195 978 3260 quarn
995 3175 1078 3237 dicte
1096 3175 1206 3258 plebes
1222 3175 1261 3238 de
1278 3175 1439 3240 Medicina
1457 3175 1507 3238 rel
1525 3175 1591 3259 ipse
1610 3175 1736 3238 nomine
1754 3175 1863 3238 Plebis
1881 3175 2020 3238 habebat
2038 3174 2089 3237 rel
2111 3175 2230 3239 habere
2254 3177 2405 3241 credebat

590 3286 624 3347 in
651 3284 743 3347 dictis
768 3283 870 3346 tribus
897 3282 1043 3366 partibus
1068 3282 1263 3344 decimarum
1289 3283 1395 3346 Ourtis
1420 3282 1577 3346 Medicine
1602 3290 1634 3345 et
1657 3281 1815 3344 universis
1839 3282 1970 3345 decimis
1994 3281 2033 3344 de
2058 3281 2159 3346 Podio
2184 3292 2215 3346 et
2239 3284 2405 3348 Treforeia

591 3400 622 3455 et
646 3391 752 3476 Gngio
776 3397 941 3453 eteorum
965 3390 1063 3452 curtis
1087 3397 1118 3452 et
1142 3389 1358 3474 pertinenciis,
1375 3389 1459 3453 dicto
1484 3390 1612 3452 domino
1636 3389 1872 3454 Archidiacono
1898 3389 2063 3474 recipienti
2085 3411 2141 3474 pro
2158 3391 2243 3453 dicta
2259 3391 2406 3456 Ecclesia

591 3497 779 3562 bononiensi
804 3496 956 3559 refutarit
979 3503 1012 3559 et
1034 3497 1191 3559 concessit
1215 3503 1310 3581 atquo
1335 3496 1439 3576 cessit,
1457 3496 1645 3580 promittens
1669 3497 1776 3559 omnia
1799 3495 1941 3578 legitimo
1966 3495 2051 3558 dicta
2073 3495 2244 3560 defendero
2266 3505 2298 3560 et
2315 3505 2406 3562 arito-

591 3605 692 3669 rizare
712 3605 856 3668 Ecclesia
881 3603 1079 3684 bononiensi,
1098 3624 1155 3666 nec
1180 3605 1402 3667 contravenire
1419 3625 1476 3690 per
1493 3626 1526 3666 se
1551 3624 1688 3688 suosque
1705 3603 1737 3666 in
1755 3603 1898 3689 predicta
1914 3602 2015 3666 Plebc
2031 3603 2189 3667 Medicine
2206 3627 2406 3670 successores

591 3714 650 3777 snb
673 3715 742 3798 jam
766 3711 851 3774 dieta
873 3731 957 3796 pena
982 3718 1109 3773 centnm
1133 3710 1288 3773 librarum
1312 3711 1526 3796 imperialium
1550 3733 1569 3774 a
1593 3711 1738 3796 partibus
1765 3711 1950 3774 solemniter
1966 3710 2049 3773 inter
2065 3733 2098 3774 se
2116 3711 2269 3796 stipulata
2285 3720 2316 3775 et
2332 3735 2406 3798 pro·

591 3818 725 3903 [missal
749 3819 777 3882 si
801 3818 937 3882 comissa
957 3817 1086 3900 fuerint,
1104 3818 1210 3880 onnria
1234 3818 1378 3903 predicta
1402 3819 1433 3880 in
1458 3840 1516 3881 sua
1540 3825 1750 3904 permaneant
1773 3817 1933 3880 firmitate.
1956 3816 2000 3880 Et
2023 3819 2067 3882 ita
2088 3827 2307 3883 convenerunt
2330 3869 2337 3883 .
2362 3869 2371 3884 .
2396 3869 2405 3885 .

593 3975 801 3992 .......
826 3947 865 3988 ne
890 3925 1084 4009 colligantur
1108 3925 1319 3988 communiter
1349 3947 1407 4010 per
1437 3925 1580 3988 Nuncios
1604 3924 1747 3988 Ecclesia
1771 3924 1985 3988 Bononiensis
2009 3932 2041 3987 et
2062 3925 2218 3988 Plebatus
2242 3927 2281 3989 de
2305 3926 2405 3989 Medi·

590 4036 661 4099 cina
687 4081 928 4098 ........
954 4030 1103 4113 ndantnr,
1127 4031 1171 4094 ita
1195 4032 1280 4116 qnod
1303 4032 1460 4095 Plebatus
1482 4031 1521 4094 dc
1545 4031 1705 4094 Medicina
1729 4031 1848 4094 habeat
1872 4037 2019 4116 quartam
2044 4039 2178 4116 partem,
2204 4040 2235 4095 et
2259 4033 2403 4096 Ecclesia

589 4141 795 4208 bononiensis
820 4188 1026 4204 .......
1052 4138 1177 4222 [curbis
1200 4139 1369 4203 Medicine.

680 4249 781 4323 &In
806 4247 946 4310 claustro
970 4246 1073 4310 sancti
1097 4247 1187 4309 Petri
1211 4245 1417 4310 bononiensis
1443 4246 1615 4310 indictione
1638 4244 1782 4331 predicta
1807 4245 1940 4309 decima.

679 4403 922 4420 ........
947 4354 1060 4416 Abbas
1085 4354 1187 4417 sancti
1211 4353 1380 4418 Michaelis
1403 4353 1442 4416 de
1467 4353 1637 4436 Medicina,
1662 4353 1809 4415 dominus
1833 4353 1948 4436 Pilius,
1968 4353 2079 4418 doctor
2103 4354 2221 4438 legum,
2247 4355 2404 4440 presbiter

588 4464 800 4543 Lambertus,
825 4461 976 4543 sacrista,
1001 4461 1155 4544 magister
1179 4461 1360 4542 Bonadies,
1384 4459 1418 4523 H
1422 4508 1730 4524 ..........
1756 4460 1889 4524 clericus
1916 4510 2088 4524 ......
2114 4463 2216 4524 saneti
2241 4462 2401 4545 Cassiani,

590 4573 720 4636 Guazns
752 4570 894 4633 serviens
926 4569 1073 4653 magistri
1097 4567 1234 4650 Odonis,
1260 4567 1479 4649 Tomarellns,
1504 4568 1736 4650 Bontalentns,
1762 4567 1960 4648 Cardinalis,
1986 4569 2172 4633 Dominieus
2205 4570 2401 4650 Conversus,

588 4679 769 4743 Palmerins
793 4677 895 4740 sancti
920 4675 1087 4760 Laurentij
1113 4675 1144 4738 in
1170 4675 1314 4756 Collina,
1338 4675 1508 4756 Arzufins,
1534 4675 1698 4739 Gerardus
1724 4675 1893 4756 Taurexe,
1919 4675 2081 4738 Guarinus
2113 4675 2152 4739 de
2184 4677 2344 4740 Medicina
2371 4687 2403 4740 et

588 4788 643 4850 alii
667 4785 760 4849 multi
783 4783 889 4868 rogati
913 4789 987 4846 sunt
1008 4790 1117 4845 testes.

676 4894 746 4978 Ego
769 4892 886 4955 Petrus
910 4889 1062 4953 Miniator
1087 4911 1128 4952 ex
1159 4890 1350 4952 auctoritate
1383 4889 1502 4953 domini
1534 4889 1743 4973 Imperatoris
1775 4889 1918 4952 notarius
1950 4889 2000 4952 his
2031 4890 2178 4953 omnibns
2210 4890 2340 4953 interfui
2371 4899 2403 4955 et

588 4999 726 5086 scri[psi]
750 5007 781 5062 et
805 5000 950 5082 triopislro
974 4996 1136 5060 Lutrtberto
1160 4996 1404 5059 interlinealitcr
1428 4995 1607 5059 emendari.
1632 4995 1703 5079 Ego
1728 4995 1868 5058 Thomas
1893 4996 2037 5059 Alberici
2060 4996 2148 5059 Petri
2176 4996 2319 5060 Alberici
2347 5020 2402 5062 no·

587 5111 687 5173 tarius
712 5105 887 5169 secundnm
912 5103 995 5189 qnod
1022 5103 1087 5166 ridi
1112 5103 1265 5189 scriptum
1288 5125 1346 5188 per
1371 5125 1500 5167 manum
1523 5103 1612 5165 Petri
1636 5102 1816 5165 Miniatoris
1843 5103 1970 5184 notarii,
1988 5103 2032 5166 ita
2052 5104 2235 5189 exemplavi
2256 5105 2401 5168 fideliter.

676 5215 760 5289 Quia
777 5214 930 5298 igiturest
947 5233 1008 5296 que
1025 5211 1105 5274 finnt
1122 5233 1140 5273 a
1157 5211 1292 5275 subditis
1309 5211 1454 5274 roborari
1471 5210 1706 5274 desideratura
1725 5211 1867 5296 prelatis,
1886 5233 1943 5274 uos
1968 5211 2085 5274 dictam
2107 5212 2212 5293 finem,
2230 5212 2402 5276 refutacio·

586 5345 659 5388 nem
683 5321 966 5401 transsaccionem,
991 5319 1073 5382 sicut
1094 5339 1192 5403 snpra
1212 5319 1340 5403 legitur,
1357 5319 1515 5404 presentis
1539 5318 1696 5404 scriptito
1714 5318 1888 5381 munimine
1913 5319 2101 5383 roboramus
2118 5327 2150 5381 et
2166 5319 2401 5400 confirmamus,

586 5438 763 5496 statuentes
788 5436 823 5491 nt
846 5428 942 5491 liceat
966 5427 1046 5490 nulli
1070 5427 1153 5490 dicte
1178 5427 1408 5489 transsaccioni
1436 5433 1468 5489 et
1497 5433 1605 5489 nostre
1639 5426 1876 5490 confirmacioni
1908 5427 2099 5490 contrabire.
2127 5427 2161 5490 Si
2192 5428 2262 5511 quis
2294 5435 2403 5492 antem

587 5541 688 5625 ipsam
719 5535 989 5600 transsaccionem
1022 5535 1198 5618 infringere
1230 5554 1267 5596 ac
1299 5543 1406 5596 nostre
1439 5533 1671 5596 confirmationi
1705 5533 1863 5596 contraire
1892 5534 2132 5618 presumpserit,
2158 5534 2402 5598 maledicionem

587 5644 814 5730 omnipotentis
837 5642 899 5705 Dei
924 5648 956 5704 et
986 5650 1128 5705 nostram
1159 5640 1489 5704 excomunicationem
1520 5662 1554 5703 sc
1586 5640 1711 5704 noverit
1741 5640 1960 5722 incursurum,
1985 5639 2401 5724 excomurrican1[us]enim

585 5775 711 5819 omnem
735 5751 898 5814 hominem
923 5750 977 5835 qni
1000 5749 1083 5812 hanc
1107 5748 1388 5828 transsaccionem,
1405 5769 1463 5832 pro
1487 5747 1571 5811 bono
1595 5748 1683 5832 pacis
1707 5753 1739 5810 et
1763 5746 1930 5810 concordia
1955 5747 2084 5830 factam,
2103 5769 2160 5812 nec
2185 5768 2247 5810 non
2271 5757 2303 5810 et
2326 5770 2402 5811 con·

584 5861 797 5924 firmationem
822 5865 963 5921 nostram
988 5855 1184 5939 tem[e]rario
1208 5877 1287 5918 ausu
1312 5854 1541 5940 aptentavlerit
1564 5854 1721 5937 ann]lare.

673 5967 791 6030 Actum
817 5965 848 6028 in
873 5962 994 6050 palatio
1017 5963 1168 6048 prelibati
1190 5961 1343 6048 Episcopi
1368 5961 1569 6046 presentibus
1600 5959 1726 6046 prefato
1756 5960 2010 6040 Archidiacono,
2035 5959 2188 6043 Iuniano]
2211 5961 2401 6046 presbiter0,

583 6075 762 6162 presbitero
787 6072 940 6152 Alberto,
966 6071 1119 6155 magistro
1146 6070 1307 6150 Iohanne,
1332 6069 1486 6153 magistro
1510 6068 1643 6131 Andrea
1666 6075 1698 6131 et
1722 6067 1875 6151 magistro
1899 6067 2012 6132 Odone
2036 6069 2197 6131 canonicis
2225 6069 2402 6133 bononien-

584 6183 682 6263 sibus,
709 6181 878 6244 millesimo
904 6177 1147 6260 [ducentesimo]
1170 6177 1259 6261 xiij,
1284 6177 1362 6260 xvij.
1381 6176 1537 6238 kalendas
1561 6175 1645 6255 iulii,
1666 6174 1838 6238 indictione
1863 6175 1965 6260 prima
1991 6223 2400 6241 .............

664 6432 703 6495 (l)
723 6429 775 6480 Stc.

663 6523 703 6586 (2)
724 6518 850 6587 Legitur:
871 6533 885 6566 a
904 6517 1013 6582 scriptis·
1032 6532 1056 6567 a.
