5484 7746
744 643 974 694 assensuum
1003 645 1055 694 nn
1083 644 1338 696 naosnsaoans
1366 645 1471 696 sums
1501 644 1677 695 cenorum
2043 625 2115 696 193

302 806 478 865 conventus
502 797 636 864 ecclesie
661 807 770 862 sancte
795 798 898 862 Maria
922 798 1024 881 Nove,
1043 806 1079 862 nt
1102 798 1184 863 dixit
1208 797 1364 864 contineri
1388 799 1600 864 instrumento
1624 799 1742 885 scripto
1766 819 1864 863 manu
1886 799 2119 885 Bartholomey

302 907 497 973 Oessallonis
521 905 655 989 notarij,
678 905 899 991 procuratorio
923 905 1052 970 nomine
1076 905 1152 970 dicti
1176 912 1370 988 conventus,
1395 905 1456 970 fuit
1479 906 1644 972 confessus
1665 913 1697 970 et
1720 913 1888 971 contentus
1911 905 2062 971 habuisse
2086 914 2119 971 et

301 1014 461 1102 recepisse
485 1020 612 1078 centum
637 1013 737 1077 libras
761 995 1004 1077 bononenorum
1026 1033 1046 1076 a
1069 1013 1198 1077 domino
1229 1012 1437 1099 Rodulphino
1460 1014 1501 1077 de
1524 1013 1712 1098 ngarellis
1743 1014 1886 1097 notarie,
1910 1021 2117 1100 procuratore

301 1121 495 1187 venerabilis
519 1120 621 1207 patris
649 1119 770 1184 domini
794 1119 888 1205 Opizi
915 1119 1058 1206 episcopi
1081 1121 1274 1207 parmensis,
1298 1120 1563 1206 fideycomissarij
1596 1128 1628 1185 et
1660 1122 1841 1186 executoris
1872 1121 2056 1185 testamenti
2087 1129 2120 1186 et

299 1231 412 1295 ultime
435 1228 610 1294 voluntatis
635 1227 782 1312 magistri
804 1226 921 1292 Jacobi
943 1228 1090 1292 canonici
1112 1227 1279 1311 Bononie;
1303 1249 1384 1313 quas
1416 1235 1545 1292 centum
1575 1227 1675 1292 libras
1707 1229 1883 1314 reliquerat
1909 1229 1983 1312 jure
2018 1228 2119 1314 legati

301 1338 384 1402 dicte
408 1336 543 1402 ecclesie
567 1341 599 1400 et
622 1333 857 1416 conventuslll,
873 1342 910 1399 ut
924 1341 1015 1421 patet
1036 1335 1069 1399 in
1092 1341 1285 1400 testamento
1292 1357 1370 1419 suo,
1387 1336 1505 1421 scripto
1523 1357 1619 1400 manu
1636 1334 1833 1400 Thomaxini
1847 1334 1984 1399 Armani
2000 1336 2118 1420 notarij

301 1468 342 1509 ex
366 1445 578 1508 instrumento
603 1442 686 1507 dicte
710 1441 913 1525 confesionis,
930 1443 1049 1528 scripto
1067 1463 1164 1506 manu
1181 1443 1392 1529 suprascriptj
1409 1443 1538 1528 notarij,
1559 1442 1645 1508 facto
1662 1442 1748 1507 dicta
1768 1443 1829 1527 die,
1846 1443 2049 1530 presentibus
2066 1464 2118 1507 su-

299 1551 488 1639 prascriptis
512 1550 647 1615 testibus
670 1548 815 1614 inferiori
838 1549 969 1636 pagina,
994 1556 1026 1614 et
1049 1550 1095 1614 sic
1118 1557 1214 1636 prout
1237 1549 1273 1614 fit
1296 1556 1330 1614 et
1352 1551 1449 1616 scribi
1472 1551 1558 1616 fecit.

388 1659 452 1724 Die
473 1658 559 1744 jovis
582 1657 665 1741 xiiij.
691 1657 830 1722 intrante
855 1657 1026 1722 decembri.
1043 1659 1096 1732 (ἴ
1104 1657 1262 1722 Dominus
1284 1658 1477 1723 Franciacus
1501 1658 1540 1722 de
1564 1657 1752 1744 Ungarcllis
1775 1658 1814 1722 de
1838 1657 1996 1741 Bononia,
2014 1656 2119 1722 archi-

300 1767 459 1854 presbiter
481 1765 585 1852 plebis
608 1765 648 1830 de
672 1764 825 1847 Cornilia,
842 1765 1020 1850 parmensis
1044 1763 1190 1846 diocesis,
1208 1765 1355 1829 dominus
1378 1765 1607 1851 Rudulphinus
1632 1765 1672 1829 de
1694 1763 1882 1850 Ungarellis
1902 1763 1942 1830 de
1958 1764 2117 1848 Bononia,

299 1879 524 1962 procuratores
540 1871 735 1936 venerabilis
751 1872 851 1958 patris
868 1870 990 1938 domini
1007 1871 1170 1958 Opizonis,
1183 1872 1246 1937 Dei
1262 1873 1368 1957 gratia
1384 1872 1562 1958 parmensis
1583 1871 1735 1958 episcopi,
1753 1877 1942 1936 executores
1963 1879 1995 1935 et
2017 1871 2117 1958 fidey·

301 1981 479 2065 comissarij
502 1980 586 2044 bone
611 1980 763 2044 memorie
787 1979 981 2044 venerabilis
1004 1979 1065 2042 viri
1088 1979 1235 2064 magistri
1258 1979 1375 2045 Jacobi
1397 1979 1543 2044 canonici
1558 1979 1775 2062 bononiensis,
1793 1978 1994 2044 decretorum
2010 1979 2119 2044 docto·

302 2091 345 2154 ris
369 2111 406 2154 ac
430 2087 585 2151 auditoris
609 2085 880 2151 contradictarum
903 2085 1024 2150 domini
1047 2086 1147 2172 Papo,
1173 2135 1346 2152 ......
1372 2086 1510 2151 confessi
1534 2093 1566 2150 et
1589 2087 1730 2150 contenti
1754 2085 1885 2150 fuerunt
1908 2107 1942 2150 se
1966 2086 2119 2151 habuisse

301 2202 334 2260 et
356 2194 515 2280 recepisse
540 2215 559 2258 a
583 2193 683 2258 fratre
707 2192 728 2259 J
731 2193 830 2257 acobo
852 2192 1036 2278 Galignano
1053 2193 1092 2256 de
1107 2193 1286 2276 Provintia,
1303 2194 1410 2280 priore
1427 2193 1556 2278 collegii
1571 2193 1723 2257 Fratrum
1738 2192 1967 2257 Umiliatorum
1983 2193 2118 2258 ecclesie

302 2302 405 2368 sancti
428 2301 545 2367 Jacobi
567 2300 607 2366 de
633 2300 754 2366 Savina
777 2298 816 2363 de
839 2300 998 2382 Bononia,
1024 2348 1199 2365 ......
1223 2301 1311 2366 mille
1334 2301 1434 2364 libras
1457 2300 1710 2366 bononenorum.

385 2409 469 2473 Item
492 2409 560 2494 xvj.
581 2407 691 2491 libras,
716 2408 807 2491 xviij.
825 2407 943 2472 solidos
961 2414 993 2470 et
1016 2408 1061 2492 vj.
1077 2407 1226 2472 denarios
1250 2408 1503 2491 bononenorum,
1521 2428 1601 2493 quas
1621 2406 1741 2472 dictum
1766 2407 1938 2493 collegimn
1961 2407 2119 2473 dictorum

300 2517 438 2582 fratrum
461 2517 587 2581 solvere
611 2515 792 2580 tenebatur.

390 2622 473 2688 Item
496 2643 594 2687 unam
618 2622 732 2687 robam
755 2623 794 2686 de
818 2622 946 2686 furlano
970 2622 1140 2706 integram.

389 2729 474 2796 Item
497 2753 555 2794 sex
579 2736 710 2814 vegetes
734 2729 773 2793 dc
798 2730 889 2795 bozo.

390 2838 474 2902 Item
498 2837 578 2902 duos
601 2838 737 2925 pileatos
760 2837 800 2901 de
823 2858 913 2901 varo.

390 2944 474 3010 Item
497 2965 596 3008 unum
620 2944 825 3029 guarnellum
848 2943 888 3008 de
912 2943 1016 3008 bruna
1040 2965 1112 3008 cum
1136 2965 1225 3008 vero.

390 3051 473 3116 Item
496 3073 596 3115 unum
620 3051 810 3115 mantellum
834 3051 873 3114 de
899 3072 993 3137 perso
1018 3072 1178 3116 eumuna
1202 3051 1361 3115 rediuiua.

391 3159 474 3223 Item
497 3180 598 3222 unum
621 3159 791 3244 capucium
815 3179 885 3222 cunr
910 3179 999 3222 varo.

386 3267 470 3331 Item
493 3287 523 3330 v.
548 3265 675 3352 toaglas
699 3269 719 3329 a
743 3265 842 3330 disco.

389 3374 473 3438 Item
496 3373 552 3458 vij.
577 3373 792 3458 manutergia.
963 3456 965 3460 Ι

264 3517 266 3520 -
390 3479 474 3544 Item
497 3502 596 3544 unam
619 3480 786 3565 thoaglam
810 3501 829 3543 a
853 3479 941 3544 disco
965 3479 1184 3565 gulendntam.

390 3586 475 3651 Item
497 3587 566 3671 viij.
591 3587 779 3674 capitergia.

387 3695 472 3759 Item
494 3695 551 3779 vij.
575 3695 774 3759 linteamina.

389 3801 473 3866 Item
496 3822 594 3866 unam
619 3802 785 3866 cortinam.

390 3909 474 3974 Item
499 3931 598 3974 unum
622 3909 838 3996 copertorium
861 3909 901 3973 de
924 3909 1032 3996 vulpe.

390 4017 475 4081 Item
495 4017 520 4101 j.
545 4017 734 4081 mantellum
758 4016 798 4080 de
821 4017 935 4081 bruna.

390 4124 474 4189 Item
498 4124 532 4209 ij.
557 4123 677 4210 ydrias.

390 4230 475 4296 Item
498 4232 544 4317 iij.
569 4231 698 4296 cusinos
721 4237 781 4295 etc.

1034 4873 1132 4958 1279,
1156 4873 1200 4938 23
1223 4873 1396 4940 decembris.

742 5085 795 5150 Ex
817 5085 917 5150 Arch.
941 5086 1030 5150 Max.
1055 5087 1149 5170 bon.,
1173 5087 1208 5151 in
1232 5086 1465 5152 Memorialibua
1490 5085 1678 5170 Comrnunis,

638 5192 736 5258 Mem.
760 5193 941 5278 Bonjacobi
965 5194 1127 5279 quondam
1150 5194 1284 5280 Ugolini
1309 5193 1508 5277 Guizardini,
1532 5216 1559 5258 o.
1586 5196 1624 5259 'll
1651 5216 1677 5258 r.
1702 5200 1734 5258 et
1757 5215 1787 5258 v.

390 5408 453 5473 Die
477 5409 583 5473 sabati
605 5405 713 5495 xxiij.⁰
737 5409 856 5474 mensis
880 5409 1059 5475 decembris
1083 5409 1320 5495 [mcclxxviiij.]

390 5519 442 5592 οἵ
454 5515 536 5580 Cum
558 5514 606 5580 lix
629 5523 662 5580 et
686 5516 811 5602 questio
832 5522 1012 5582 verteretur
1028 5523 1060 5582 et
1076 5517 1191 5582 fuisset
1206 5517 1326 5581 diutina
1343 5517 1467 5602 agitata
1483 5515 1567 5581 inter
1582 5516 1801 5581 venerabilem
1816 5522 1942 5603 patrem
1957 5515 2122 5581 dominum

303 5623 528 5707 Octavianum,
550 5624 613 5688 Dei
637 5625 744 5710 gratia
766 5625 913 5690 Bononia
938 5625 1134 5712 episcopum,
1159 5631 1191 5690 et
1214 5625 1436 5712 episcopatum
1459 5623 1617 5707 Bononio,
1638 5631 1671 5688 et
1693 5645 1804 5689 eornm
1831 5623 1970 5690 sindicus
1993 5631 2026 5689 et
2047 5645 2122 5711 pro·

303 5738 467 5797 curatores
491 5753 533 5796 ex
556 5737 648 5818 parte
672 5753 755 5815 nna,
780 5739 812 5796 et
836 5731 1012 5798 Commune
1043 5740 1076 5796 et
1107 5732 1253 5797 homines
1276 5739 1308 5798 et
1330 5732 1513 5818 singulares
1536 5752 1690 5818 personas
1715 5739 1748 5797 et
1770 5730 2014 5798 universitatem
2037 5737 2123 5797 terre

301 5838 426 5904 Unaole
443 5845 475 5903 et
491 5860 601 5904 eorum
617 5845 842 5925 procuratores
859 5844 891 5903 et
907 5839 1047 5904 sindicus
1065 5861 1106 5904 ex
1122 5846 1214 5926 parte
1232 5840 1309 5904 allia
1325 5839 1357 5904 in
1374 5838 1431 5923 [et]
1448 5859 1599 5925 supereo
1616 5838 1701 5925 quod
1722 5838 2016 5904 idemuenerabilis
2031 5846 2125 5925 peter

303 5948 428 6031 atejus
452 5945 566 6011 sindici
590 5945 848 6032 dicebantqnod
873 5947 1259 6012 omnesterrasUnzola
1287 5953 1320 6012 et
1350 5947 1421 6032 ejus
1453 5947 1541 6012 curie
1572 5953 1604 6012 et
1635 5947 1816 6029 districtus,
1841 5955 1873 6012 et
1903 5945 2122 6033 possessiones

304 6074 415 6118 earum
438 6052 583 6118 comunis
607 6060 639 6117 et
661 6053 882 6117 universitatis
905 6053 1042 6140 predicti
1066 6075 1136 6118 esse
1159 6075 1325 6141 possessas
1348 6075 1407 6141 per
1430 6075 1565 6118 comune
1589 6060 1622 6118 et
1643 6053 1789 6118 homines
1806 6052 1951 6137 ejusdem
1966 6053 2123 6116 universi-

303 6161 389 6244 tatis,
414 6166 560 6246 spectare
580 6161 654 6246 jure
677 6159 830 6245 dominij,
855 6161 906 6224 vel
930 6160 1040 6247 quasi,
1065 6168 1098 6226 et
1120 6161 1161 6226 ad
1185 6161 1406 6248 episcopatum
1434 6161 1666 6227 bononiensem
1695 6161 1847 6226 renovari
1878 6160 1995 6225 debere
2027 6160 2122 6225 certis

303 6269 514 6355 temporibus,
530 6267 645 6352 modis,
662 6268 765 6354 pectis
788 6275 822 6332 et
844 6267 1081 6334 conditionibus
1105 6269 1146 6333 ab
1170 6269 1240 6356 ipso
1264 6268 1394 6334 domino
1418 6269 1569 6356 episcopo
1592 6275 1625 6333 et
1648 6267 1836 6355 episcopatu
1854 6267 2001 6333 Bononia
2017 6273 2050 6330 et
2064 6288 2124 6353 pro

383 6497 421 6563 (1)
442 6495 494 6548 aa.

455 6705 523 6745 TOII.
542 6708 575 6745 11.
