5490 7750
838 612 1069 662 SPEC'I'ANTIA
1096 613 1148 663 AD
1176 613 1430 664 PROFESSORES
1458 613 1563 664 rums
1591 614 1724 664 CIVILIS
2110 597 2181 668 101

368 785 464 827 sunm
487 764 722 850 promulgatas,
740 765 932 829 auctoritate
956 766 1111 852 predicta,
1130 767 1258 830 omnino
1282 766 1419 848 relaxes,
1444 765 1539 830 tollas
1563 773 1595 830 et
1618 767 1758 849 auferas,
1783 787 1904 849 casses,
1921 767 2026 832 irrites
2050 775 2082 832 et
2105 775 2188 833 tota·

368 870 443 934 liter
467 871 598 935 aboleas
622 877 654 936 et
678 873 837 955 annulles,
854 872 975 937 dictum
993 873 1142 938 Studium
1166 874 1318 958 gencrale
1335 895 1408 938 cum
1429 874 1576 937 omnibus
1592 873 1782 960 privilegijs⁷
1799 873 2009 959 indulgentijs
2025 881 2057 938 et
2073 876 2187 961 gratijs

368 977 562 1064 supradictis
586 979 783 1044 restituendo
808 986 839 1044 et
867 981 1094 1066 reintegrando
1118 982 1239 1046 eisdem
1264 982 1295 1044 in
1320 981 1467 1045 onmibus
1491 989 1522 1044 et
1546 1001 1603 1066 per
1626 981 1748 1062 omnia,
1773 981 1855 1045 sicut
1877 981 1957 1044 illud
1980 989 2055 1045 ante
2079 990 2187 1068 patra-

368 1087 489 1150 tionem
513 1087 671 1151 dictorum
695 1108 886 1152 excessuum
909 1088 1116 1153 obtinebant:
1142 1110 1251 1153 omnes
1276 1089 1406 1174 insuper
1428 1109 1582 1174 personas
1613 1087 1846 1152 ecclesiasticas
1870 1094 1902 1151 et
1925 1089 2086 1153 seculares
2110 1090 2186 1154 eiri-

369 1193 456 1276 tatis,
474 1194 644 1258 comitatus
668 1205 700 1259 et
723 1195 887 1259 districtus
911 1195 1129 1281 predictorum
1154 1197 1195 1261 ab
1217 1195 1526 1260 cxconrunicationis
1548 1217 1604 1259 seu
1628 1194 1995 1260 excommunicationum
2017 1198 2187 1280 sententia,

368 1301 421 1364 rel
446 1302 629 1386 sententijs,
650 1323 747 1388 quam
769 1303 822 1367 vel
844 1323 924 1389 quas
940 1311 1072 1390 propter
1088 1325 1239 1368 excessus
1255 1311 1288 1368 et
1304 1303 1415 1389 culpas
1432 1303 1508 1366 olim
1524 1309 1635 1366 contra
1651 1303 1813 1389 prefatum
1832 1302 2050 1367 Bertraudnm
2065 1303 2187 1390 episco-

370 1429 448 1494 pum
465 1409 639 1472 ostiensem
655 1419 730 1473 tunc
748 1409 909 1494 Legatum
925 1417 958 1474 et
974 1411 1054 1474 alios
1071 1411 1212 1497 prelatos
1229 1419 1261 1474 ct
1277 1431 1431 1496 personas
1448 1409 1681 1474 ecclesiasticas
1697 1416 1773 1474 tunc
1797 1411 1971 1474 existentes
1986 1411 2020 1474 in
2036 1411 2187 1476 comitiva

372 1514 485 1600 ipsius,
501 1537 538 1580 ac
555 1515 731 1580 familiares
749 1517 903 1602 ejusdem,
921 1539 979 1582 nec
996 1539 1060 1582 non
1076 1519 1229 1582 officiales
1244 1517 1369 1604 prefate
1386 1537 1517 1581 romane
1534 1515 1677 1580 Ecclesia
1693 1524 1770 1580 tunc
1784 1517 1817 1579 in
1833 1517 1973 1599 civitate,
1986 1517 2140 1582 comitatu
2155 1526 2188 1583 et

368 1621 516 1687 districtu
538 1623 691 1708 predictis
709 1631 881 1706 morantes,
903 1624 1051 1689 faciendo
1068 1626 1216 1708 insultus,
1233 1645 1456 1710 aggressurae,
1473 1623 1692 1710 spoliationes,
1709 1623 1902 1707 obsidiones,
1918 1624 2023 1708 cedes,
2039 1625 2187 1689 vulnera·

367 1729 482 1812 tiones,
500 1731 676 1816 captiones,
694 1732 905 1814 detentiones,
923 1733 1204 1815 incarcerationes,
1222 1740 1253 1797 et
1274 1733 1338 1796 alia
1362 1731 1517 1795 adversus
1539 1752 1595 1794 eos
1610 1731 1768 1794 maleficia
1784 1731 2010 1817 pertractando
2027 1733 2186 1817 flagitioso

369 1843 401 1898 et
421 1837 579 1921 sacrilego
597 1857 678 1901 ausu
695 1839 891 1921 commissos,
908 1861 966 1925 per
981 1861 1149 1925 processus
1166 1846 1292 1904 nostros
1308 1846 1340 1904 et
1356 1838 1433 1903 dicti
1447 1837 1565 1922 Legati
1580 1837 1762 1922 dictamque
1779 1838 2037 1902 constitutionem
2054 1846 2087 1902 et
2106 1839 2186 1902 alios

370 1963 521 2027 canones,
545 1965 604 2008 seu
626 1967 686 2031 per
707 1946 919 2030 provincialia
943 1953 975 2010 et
999 1948 1158 2012 sinodalia
1181 1953 1303 2011 statuta
1325 1946 1487 2033 predicta,
1513 1945 1564 2009 vel
1588 1946 1669 2008 alias
1695 1931 1924 2032 premissoruni
1955 1946 2121 2010 occasione
2144 1947 2186 2012 ab

367 2049 496 2114 homine
521 2052 574 2114 vel
597 2073 617 2115 a
638 2053 711 2136 jure
736 2053 879 2139 prolatas
904 2055 1144 2139 quomodolibet
1168 2055 1382 2136 incurrerunt,
1399 2053 1571 2118 dummodo
1595 2053 1759 2117 humiliter
1775 2052 1925 2139 petierint
1946 2073 1979 2116 se
1997 2052 2132 2137 absolvi,
2149 2076 2186 2118 ae

364 2159 577 2224 restitutionis
602 2161 698 2224 realis
723 2168 755 2224 et
779 2163 955 2248 corporalis
979 2165 1201 2249 possessionis,
1219 2171 1251 2226 ct
1275 2163 1377 2249 quasi,
1394 2163 1543 2244 civitatis,
1560 2163 1729 2226 comitatus
1752 2169 1784 2226 ct
1808 2161 1981 2244 districtus,
1998 2183 2036 2226 ac
2057 2164 2138 2226 meri
2154 2170 2186 2228 et

367 2265 461 2330 mixti
484 2267 612 2353 imperii
635 2276 667 2332 et
692 2269 872 2334 omnimode
895 2270 1144 2354 jurisdictionis,
1169 2291 1228 2334 nec
1256 2292 1320 2334 non
1345 2279 1526 2334 ceterorum
1544 2270 1666 2354 jurium
1688 2269 1905 2355 predictorum
1926 2269 1995 2352 tibi,
2019 2271 2186 2357 recipienti

364 2379 474 2437 nostro
500 2381 532 2438 et
556 2375 716 2439 dictorum
740 2397 962 2440 successorum
989 2397 1027 2440 ac
1051 2399 1182 2442 romane
1206 2377 1351 2441 Ecclesia
1375 2376 1532 2459 faciende,
1554 2386 1586 2439 et
1609 2374 1891 2460 recognitionibus,
1909 2375 2184 2461 ratificationibus,

365 2482 657 2567 acceptationibus,
683 2482 965 2566 affirmationibus,
991 2485 1305 2566 confirmationibus,
1330 2483 1620 2567 emologationibus
1644 2503 1715 2546 cum
1736 2482 1993 2567 juramentorum
2016 2485 2185 2569 prestatio-

364 2587 469 2670 nibus,
495 2589 747 2673 obligationibus
771 2590 869 2654 etiam
893 2613 990 2677 super
1014 2593 1099 2656 dioto
1124 2613 1222 2656 censu
1245 2598 1278 2655 et
1298 2592 1371 2675 alijs
1389 2591 1536 2655 omnibus
1553 2596 1586 2653 et
1601 2589 1736 2674 singulis
1753 2589 1910 2653 contentis
1927 2589 1960 2652 in
1976 2589 2069 2654 dictis
2084 2591 2185 2656 literis

364 2695 549 2778 specialiter
573 2705 605 2760 et
630 2719 782 2784 expresse
808 2701 1029 2764 consenserint
1056 2721 1175 2785 easque
1199 2699 1334 2763 fecerint
1357 2705 1389 2762 et
1413 2697 1669 2784 adimpleverint,
1686 2703 1721 2759 ut
1743 2697 1914 2782 prefertur,
1935 2705 2064 2784 recepto
2088 2699 2186 2764 etiam

364 2802 453 2887 prius
479 2802 519 2866 ab
547 2803 669 2868 eisdem
689 2805 728 2868 dc
745 2805 860 2870 stando
878 2807 1038 2870 mandatis
1055 2806 1199 2871 Ecclesia
1216 2815 1312 2893 atquc
1329 2806 1447 2870 nostris
1463 2805 1571 2869 debito
1584 2805 1779 2889 juramento,
1800 2825 1858 2889 per
1877 2811 1908 2867 te
1932 2805 1985 2868 vel
2004 2805 2105 2869 alium
2128 2829 2185 2872 seu

367 2909 449 2972 alios
466 2910 499 2972 in
516 2911 695 2976 sacerdotio
712 2914 901 2977 constitutos
915 2916 1011 2999 juxta
1023 2914 1167 2978 Ecclesia
1185 2914 1321 2978 formam
1337 2913 1502 2994 absolvas,
1518 2911 1675 2974 mandans
1691 2911 1737 2974 eis
1754 2910 1813 2974 sub
1829 2909 1937 2975 debito
1953 2912 2096 2976 eiusdem
2112 2935 2184 3000 pre·

362 3017 430 3080 stiti
452 3019 641 3101 juramenti,
660 3019 745 3104 quod
768 3022 872 3106 passis
896 3021 1048 3106 injuriam
1075 3023 1143 3086 sire
1166 3022 1284 3085 damna
1312 3021 1339 3084 si
1363 3040 1427 3084 non
1448 3019 1671 3101 satisfecerint,
1689 3018 1889 3082 satisfaciant
1908 3026 2136 3105 competenter,
2152 3031 2184 3087 et

366 3124 452 3210 qnod
475 3125 594 3189 similia
618 3125 657 3190 de
682 3135 788 3191 cetero
814 3149 876 3192 non
902 3130 1103 3194 committant
1128 3151 1186 3194 nec
1210 3127 1482 3193 committentibus
1506 3127 1708 3191 consentiant
1732 3126 1784 3190 vel
1804 3126 1990 3209 adhereant,
2008 3127 2065 3192 sed
2085 3129 2130 3192 eis
2152 3131 2184 3195 in

363 3230 483 3295 talibus
507 3233 635 3318 penitus
659 3234 897 3317 contradicant,
922 3241 954 3300 et
978 3244 1133 3321 quantum
1164 3237 1197 3300 in
1228 3257 1261 3299 se
1293 3235 1390 3299 fuerit
1421 3233 1598 3320 impediant
1629 3233 1824 3296 contrarium
1848 3242 2078 3318 presumentes.
2103 3235 2185 3300 Cum

362 3337 425 3401 illis
453 3359 580 3426 quoque
605 3341 750 3426 personis
781 3342 1019 3426 ecclesiasticis,
1044 3351 1076 3406 ct
1100 3343 1230 3426 eisdem,
1252 3344 1306 3428 qui
1329 3341 1481 3428 predictis
1505 3340 1598 3426 ligati
1620 3340 1787 3422 sententijr
1810 3361 1869 3425 per
1892 3339 2128 3426 simplicitatem
2152 3351 2185 3408 et

358 3446 442 3529 juris
468 3447 693 3532 ignorantiam,
719 3470 783 3512 non
808 3457 916 3514 tamen
940 3451 973 3514 in
998 3457 1216 3537 contemptum
1240 3450 1396 3530 clavium,
1421 3449 1530 3512 divina
1553 3447 1658 3512 officia
1682 3447 1886 3511 celebrarunt
1908 3448 1960 3511 vel
1984 3469 2018 3512 se
2041 3449 2183 3534 ingesse-

361 3561 437 3616 runt
461 3553 598 3636 eisdem,
624 3575 721 3640 super
745 3555 987 3640 irregularitate
1012 3579 1109 3642 quarn
1133 3565 1304 3644 propterea
1328 3562 1575 3637 contraxerunt,
1600 3554 1646 3618 cis
1674 3554 1762 3640 prius
1786 3555 1882 3638 juxta
1905 3561 1959 3618 tue
1984 3554 2184 3620 discretionis

363 3662 532 3726 arbitrium
555 3684 575 3726 a
598 3685 728 3727 suorum
754 3663 902 3729 ordinum
923 3667 1115 3731 executione
1132 3667 1306 3752 suspensis,
1327 3666 1441 3730 eadem
1457 3665 1648 3728 auctoritate
1665 3664 1840 3750 dispenses,
1857 3663 2009 3748 injunctis
2025 3665 2071 3728 eis
2088 3687 2184 3752 super

363 3769 402 3832 iis
426 3770 604 3856 penitentia
628 3771 780 3853 salutari,
805 3780 837 3836 ct
861 3774 932 3838 aliis
956 3795 1018 3859 que
1042 3775 1081 3839 de
1102 3776 1176 3859 jure
1200 3774 1320 3838 fuerint
1347 3773 1564 3858 injungenda,
1587 3778 1684 3858 prout
1714 3793 1846 3835 suarum
1877 3772 2057 3836 animarum
2087 3775 2184 3839 saluti

363 3878 555 3961 cognoveris
580 3879 744 3964 expedire.
769 3879 920 3945 Prcfatos
945 3903 1072 3967 quoque
1098 3883 1285 3965 Commune,
1302 3882 1544 3946 universitatem
1562 3887 1594 3944 et
1609 3879 1781 3965 Populum,
1798 3880 1942 3965 aliasque
1958 3880 2183 3947 universitates

364 3991 397 4047 et
421 3983 623 4068 Communia,
648 3987 817 4051 comitatus
842 3994 874 4052 et
898 3988 1062 4054 districtus
1086 3991 1228 4076 ipsorum
1252 3996 1285 4054 et
1307 3989 1489 4074 singulares
1512 4008 1667 4074 personas
1691 4009 1812 4069 eorum,
1829 4008 1871 4051 ex
1894 3994 1969 4052 tunc
1994 3989 2184 4055 auctoritate

361 4090 507 4177 predicta
531 4093 684 4157 restituas
709 4094 740 4156 in
766 4095 930 4180 integrum
954 4096 995 4160 ad
1019 4098 1190 4183 pristinum
1215 4105 1344 4180 statum,
1369 4096 1499 4177 famam,
1524 4095 1661 4159 honores
1685 4101 1717 4158 et
1740 4094 1910 4181 privilegia
1933 4103 1965 4159 et
1988 4095 2052 4159 alia
2076 4099 2183 4162 omnia

359 4205 391 4261 ct
415 4198 562 4283 singula,
587 4200 633 4264 ita
666 4200 751 4286 quod
782 4209 885 4265 status
916 4225 1044 4286 eorum,
1077 4205 1244 4269 occasione
1269 4204 1320 4268 vel
1351 4225 1449 4268 causa
1485 4204 1643 4268 dictorum
1671 4223 1862 4267 excessuum
1890 4210 1921 4267 et
1945 4204 2113 4290 culpamm
2145 4227 2183 4270 ac

363 4305 523 4369 dictarum
547 4328 705 4392 penarum
728 4317 759 4372 et
784 4311 1018 4374 sententiarum
1041 4313 1074 4375 in
1098 4312 1205 4398 aliquo
1230 4332 1292 4376 nen
1318 4311 1448 4376 vacillet
1471 4331 1530 4376 nce
1554 4317 1720 4375 remaneat
1743 4310 1935 4393 diminutus,
1960 4313 2017 4376 sed
2039 4313 2183 4399 predicto

364 4411 480 4476 Studio
504 4415 649 4498 generali
674 4436 711 4479 ac
735 4416 869 4501 pristino
892 4425 989 4500 statu,
1017 4419 1113 4502 fama,
1138 4420 1324 4503 honoribus,
1341 4419 1521 4506 privilegijs
1545 4427 1577 4482 et
1599 4419 1673 4503 alijs
1696 4419 1862 4503 beneficijs
1884 4427 1916 4483 et
1937 4421 2064 4505 juribus
2088 4423 2182 4509 plene

357 4519 390 4583 in
425 4521 573 4585 omnibus
605 4521 770 4607 gaudeant
798 4530 830 4588 et
856 4531 998 4608 utantur,
1023 4526 1107 4590 sicut
1130 4535 1204 4591 onte
1228 4527 1446 4614 predictorum
1470 4527 1726 4591 commissionem
1751 4547 1941 4591 excessuum
1965 4529 2011 4592 nti
2034 4537 2184 4615 poterant

356 4635 389 4691 ct
413 4628 556 4713 gaudere
586 4629 625 4693 dc
651 4630 786 4716 speciali
812 4640 921 4695 nostra
940 4639 971 4695 et
988 4633 1132 4716 ejusdcm
1151 4633 1243 4699 Sedis
1260 4636 1366 4721 gratia
1382 4643 1414 4699 et
1430 4636 1606 4721 apostolice
1621 4636 1820 4723 plenitudine
1836 4640 2014 4724 potestatis.
2032 4640 2183 4705 Ceterum

355 4735 387 4798 iu
418 4736 565 4800 omnibus
590 4743 622 4800 et
646 4737 782 4822 singulis
805 4740 963 4802 contentis
988 4740 1020 4803 in
1046 4741 1138 4805 dictis
1163 4742 1265 4806 literis
1288 4743 1429 4826 modurn,
1446 4744 1582 4808 formam
1606 4752 1638 4807 ct
1654 4745 1799 4809 ordinem
1815 4746 1999 4811 eorumdem
2015 4749 2180 4812 literarum

355 4863 414 4928 per
437 4849 468 4905 te
494 4842 643 4907 volumus
666 4843 852 4929 diligentius
877 4847 1051 4911 observari.

448 4949 571 5013 Datum
594 4951 749 5015 Arinioni
772 4960 887 5036 quarto
912 4954 983 5017 idus
1009 4923 1159 5038 octobris,
1182 4957 1387 5043 pontificatus
1411 4957 1512 5021 nostri
1536 4979 1620 5022 anno
1645 4965 1770 5044 quarto.

1210 5279 1317 5345 LXII.

1101 5493 1199 5576 1338,
1232 5495 1270 5556 ff
1293 5494 1428 5558 octobris.

566 5699 619 5764 Ex
643 5702 756 5767 eodem
780 5709 867 5767 toruo
894 5703 1011 5770 Codicis
1033 5707 1157 5791 diplom
1182 5707 1310 5791 bonon,
1335 5731 1421 5774 num.
1446 5710 1619 5794 Lxxt'l,
1644 5735 1671 5776 c.
1700 5716 1760 5777 129
1786 5736 1811 5778 r.
1836 5722 1958 5801 etseq.

441 5910 637 5976 Benedictus
661 5915 847 6002 episcopus,
874 5938 987 5981 servus
1011 5940 1179 5983 servorum
1202 5918 1274 5984 Dei.
1299 5919 1427 5986 Dilecto
1458 5923 1524 5986 filio
1552 5924 1706 6010 magistro
1731 5923 1873 6010 Guigoni
1896 5927 1936 5990 de
1959 5934 2070 5992 sancto
2095 5927 2174 5992 Ger·

352 6041 460 6101 niano,
485 6021 611 6085 notario
635 6031 755 6107 nostro,
780 6027 955 6112 apostolice
982 6025 1073 6091 Sedis
1098 6029 1226 6110 nuncio,
1251 6030 1388 6094 salutem
1412 6038 1443 6094 ct
1467 6033 1678 6118 apostolicam
1701 6033 1966 6099 benedictionem.

441 6127 480 6191 In
504 6128 560 6212 iis,
586 6151 648 6214 que
672 6152 730 6216 pro
755 6140 845 6218 parte
878 6133 1069 6199 dilectorum
1099 6135 1238 6200 filiorum
1264 6137 1466 6221 Communis,
1491 6139 1710 6205 universitatis
1734 6149 1766 6205 et
1789 6141 1907 6226 Populi
1929 6143 2174 6208 bononiensium

352 6253 455 6320 nuper
477 6257 536 6322 per
561 6257 673 6301 eorum
696 6238 855 6304 sindicum
878 6248 911 6304 ct
934 6250 1177 6328 procuratorem
1201 6265 1220 6308 a
1244 6245 1335 6309 nobis
1359 6246 1459 6332 petita
1484 6248 1629 6330 fuerunt,
1653 6249 1737 6312 inter
1760 6248 1824 6312 alia
1848 6248 1909 6312 fuit
1931 6249 2094 6314 humiliter
2117 6272 2174 6336 po·

351 6341 517 6426 stulatum,
534 6349 569 6407 ut
593 6344 632 6408 de
657 6347 790 6432 speciali
814 6350 921 6433 gratia
945 6350 991 6414 eis
1014 6351 1190 6415 concedere
1214 6351 1424 6438 dignaremur
1447 6354 1544 6439 quod,
1561 6376 1662 6440 usque
1687 6356 1727 6419 ad
1744 6356 1981 6441 beneplacitum
1998 6358 2173 6442 apostolice

351 6447 443 6512 Sedis
468 6450 647 6535 dumtaxat,
666 6453 727 6539 ipsi
747 6457 882 6541 possint,
900 6457 993 6521 nobis
1018 6459 1202 6544 nostrisque
1227 6461 1465 6525 suecessoribus
1489 6463 1630 6526 romanis
1653 6463 1857 6548 pontificibus
1879 6464 2031 6529 canonice
2055 6465 2176 6529 intran-
