5484 7746
851 937 1605 1104 MONUMENTA

1086 1254 1367 1320 SPEOTANTIA

425 1477 549 1585 An
603 1472 1244 1584 enonassoaus
1299 1471 2026 1610 pernoscemus,

653 1703 1254 1816 uuunulouum
1299 1704 1801 1814 Lvnuunauu

891 1893 995 2050 'ur
1035 1936 1559 2048 venenosius.

1211 2841 1238 2905 I.

1029 3055 1159 3120 Irrarnlc
1181 3057 1299 3122 saeculo
1322 3055 1424 3120 XIII.

319 3270 372 3334 Ex
396 3279 472 3336 toln.
497 3269 524 3335 Ι.
553 3271 638 3335 Petri
660 3271 697 3334 cle
728 3270 835 3336 Vincis
859 3271 969 3334 iudicis
991 3271 1085 3334 aulici
1108 3277 1134 3333 ot
1157 3271 1334 3334 concellarii
1355 3269 1510 3334 uvido-ia
1535 3270 1583 3334 Il.
1608 3269 1689 3355 Imp.
1712 3268 1934 3354 Epistolorurn,
1957 3268 2066 3354 quibus
2088 3289 2137 3333 res

405 3386 505 3465 pestus
530 3379 664 3442 eiusdem
686 3377 890 3463 Imperatoris
911 3379 1035 3462 ollaque
1057 3378 1155 3441 anullo
1177 3379 1220 3441 acl
1238 3377 1396 3441 historiam
1416 3400 1451 3442 oc
1472 3379 1748 3463 iuriqmnlentioin
1763 3380 1928 3462 spectantia
1942 3379 2137 3442 conticeantur

406 3485 480 3568 (ed.
505 3485 537 3550 J.
562 3485 603 3549 R.
628 3485 757 3566 Ieelins,
781 3485 941 3567 Basileae,
966 3483 1179 3565 uncch.)
1203 3505 1278 3570 pag.
1304 3487 1379 3567 492,
1403 3506 1473 3570 cap.
1498 3484 1637 3549 LXVII.

355 3699 378 3782 [
385 3698 478 3762 Mittit
510 3697 670 3784 Magistris
693 3707 720 3762 et
744 3697 939 3762 scholaribus
962 3697 1192 3762 bononiensibus
1213 3697 1305 3763 libros
1326 3699 1508 3782 Aristotelis,
1531 3698 1568 3762 clo
1588 3719 1697 3784 praeco
1718 3705 1745 3763 et
1767 3697 1889 3762 arabico
1911 3700 1944 3762 in
1967 3699 2097 3762 latinum

972 3826 1033 3890 por
1056 3827 1124 3870 eum
1147 3808 1264 3870 nouiter
1285 3803 1483 3887 translatosJ.

403 4018 442 4083 In
467 4018 661 4082 extollendis
686 4019 774 4103 regie
799 4018 979 4105 profectura
1006 4018 1156 4103 fastigiis,
1173 4019 1289 4104 quibus
1314 4026 1528 4104 congruenter
1551 4019 1665 4102 officia,
1681 4018 1770 4104 leges
1795 4026 1827 4083 et
1849 4038 1940 4082 arma
1962 4019 2138 4083 eommuni-

320 4133 409 4208 cant,
435 4125 617 4190 necessaria
641 4125 710 4192 iore
737 4124 898 4190 oredimus
921 4125 1054 4190 scientie
1078 4126 1300 4209 condimenta,
1325 4147 1365 4190 ne
1377 4125 1416 4190 (1)
1433 4148 1491 4211 per
1517 4126 1614 4210 hujus
1643 4125 1754 4190 mnndi
1770 4126 1809 4191 (2)
1826 4147 1942 4191 suaves
1965 4133 1998 4190 et
2021 4126 2139 4190 mulce-

320 4234 393 4298 brea
419 4231 561 4316 semitas,
579 4233 665 4298 nube
689 4233 870 4318 ignorantie
887 4234 1122 4316 commiscente,
1142 4234 1227 4298 vires
1243 4234 1329 4298 ultra
1344 4233 1448 4298 licitos
1461 4233 1500 4298 (3)
1516 4233 1668 4298 terminos
1685 4232 1839 4298 effrenate
1853 4233 1892 4298 (4)
1907 4233 2088 4316 lasciviant,
2105 4241 2138 4298 et

318 4340 446 4426 justitia
470 4341 555 4404 circa
579 4340 677 4404 debiti
702 4340 832 4424 regulas
855 4340 1013 4404 diminuta
1036 4341 1235 4426 languescat.
1252 4340 1339 4404 Hinc
1363 4362 1421 4405 uos
1444 4340 1599 4427 profecto,
1617 4341 1672 4426 qui
1694 4340 1804 4406 divina
1823 4340 1995 4426 largitione
2011 4341 2138 4428 populis

321 4447 532 4533 presidemus,
557 4447 719 4532 generali,
745 4469 809 4533 qua
832 4469 942 4512 omnes
965 4448 1110 4513 homiues
1134 4448 1325 4513 naturaliter
1348 4449 1429 4512 scire
1452 4447 1655 4532 desiderant,
1679 4455 1711 4512 et
1734 4448 1884 4534 speciali,
1909 4470 1972 4535 qua
1996 4449 2139 4534 gaudent

322 4556 421 4642 aliqui
435 4556 484 4636 (⁵),
500 4556 639 4620 utilitate
663 4555 828 4641 proficere,
846 4561 921 4620 ante
945 4563 1095 4642 suscepta
1118 4555 1218 4620 nostri
1242 4556 1408 4641 regiminis
1431 4577 1539 4638 onera,
1557 4577 1682 4642 semper
1705 4549 1915 4641 a'juventute
1934 4564 2045 4622 nostra
2061 4579 2137 4644 que·

323 4664 466 4745 sivimus,
485 4663 622 4727 formam
639 4663 709 4746 ejus
727 4662 944 4727 indesinenter
967 4663 1156 4746 amavimus,
1173 4668 1205 4727 et
1228 4663 1261 4726 in
1285 4663 1688 4748 od01·e(⁶)unguenterum
1712 4685 1843 4729 suornm
1866 4685 1992 4751 semper
2015 4666 2137 4751 aspira·

324 4771 429 4836 vimus
445 4770 616 4835 indefesse.
633 4770 712 4834 Post
734 4771 828 4855 regni
850 4791 926 4835 vero
943 4771 1044 4834 nostri
1060 4792 1153 4835 curas
1169 4778 1361 4857 assumptas,
1379 4791 1563 4858 quenquam
1584 4791 1720 4856 operosa
1735 4771 1921 4858 frequenter
1936 4773 2139 4858 negotiorum

325 4878 420 4942 turba
443 4899 501 4941 nos
526 4877 694 4959 distrahat,
712 4884 744 4942 et
768 4877 871 4942 civilis
896 4877 958 4942 sibi
981 4880 1063 4943 ratio
1086 4879 1234 4944 vendicet
1257 4878 1468 4944 solicitudinis
1491 4885 1600 4943 nostre
1623 4885 1742 4964 partes,
1760 4878 1914 4964 quidquid
1937 4885 2044 4943 tamen
2061 4887 2139 4945 tem·

323 4985 410 5071 poris
434 4985 473 5048 de
498 5005 607 5048 rerum
631 4982 839 5048 familiarium
863 4987 1072 5072 occupatione
1096 4986 1307 5072 decerpimus,
1324 4987 1460 5050 transire
1484 5007 1548 5051 non
1571 4986 1712 5072 patimur
1736 4987 1883 5068 otiosum,
1901 4986 1957 5050 sed
1980 4994 2083 5051 totum
2106 4987 2138 5052 iu

322 5091 469 5156 lectionis
494 5091 726 5156 exercitatione
749 5092 941 5178 gratuitati)
963 5093 1101 5157 libenter
1113 5092 1152 5158 (8)
1174 5093 1402 5179 expendimus,
1425 5101 1462 5158 nt
1485 5093 1591 5157 anime
1612 5094 1730 5158 clarius
1752 5093 1862 5178 vigeat
1892 5093 2140 5160 instrumentum

322 5199 354 5263 iu
381 5199 591 5285 acquisitione
616 5200 758 5282 scientie,
776 5201 843 5264 sive
857 5202 895 5266 (9)
913 5222 977 5286 qua
1000 5202 1184 5265 mortalium
1207 5203 1274 5266 vita
1295 5223 1358 5266 nou
1375 5203 1498 5287 regitur
1514 5201 1691 5267 liberaliter
1702 5201 1770 5267 (10).
1787 5200 1874 5265 Dum
1890 5201 2045 5267 librorum
2062 5225 2139 5289 ergo

322 5306 502 5389 volumina,
523 5328 658 5392 quorum
682 5307 867 5390 multifarie,
884 5308 1056 5395 multisque
1073 5309 1175 5373 modis
1192 5309 1342 5374 distincta
1358 5309 1584 5395 chirographa,
1601 5315 1783 5373 nostrarum
1799 5309 1939 5373 armaria
1954 5308 2138 5374 divitiarum

325 5413 532 5500 locupletant,
557 5414 671 5478 sedula
695 5415 902 5479 meditatione
925 5415 1120 5480 revolvimus
1144 5423 1176 5480 et
1207 5423 1357 5481 accurata
1388 5416 1658 5503 contemplatione
1682 5437 1872 5502 pensamus,
1896 5417 2138 5502 compilationes

323 5522 411 5586 varie
435 5521 476 5586 ab
500 5521 689 5604 Aristotele,
711 5522 846 5608 aliisque
870 5523 1079 5608 philosophis,
1097 5524 1157 5588 sub
1181 5525 1295 5609 grecis,
1313 5525 1514 5610 arabicisque
1537 5523 1704 5590 vocabulis
1728 5524 1904 5611 antiquitus
1927 5523 2139 5607 editel¹1),in

322 5629 588 5694 sermocinalibus
612 5637 643 5693 et
667 5630 902 5694 mathematicis
933 5630 1109 5716 disciplinis
1141 5633 1258 5697 nostris
1289 5631 1462 5718 aliquando
1495 5632 1641 5696 sensibus
1673 5639 1889 5696 occurrerunt.
1914 5632 2003 5706 Quas
2034 5631 2139 5698 adhuc

324 5735 530 5820 originalium
565 5737 741 5802 dictionum
776 5739 977 5804 ordinatione
990 5739 1047 5804 (12)
1071 5748 1235 5806 consertas
1268 5748 1300 5805 et
1331 5746 1531 5805 vetustarum
1562 5741 1716 5822 vestium,
1748 5762 1827 5826 quas
1859 5741 1905 5805 eis
1938 5746 2007 5805 etas
2035 5740 2138 5826 prima

402 6073 440 6138 (1)
460 6075 506 6126 L.:
526 6091 558 6126 ne
577 6092 612 6126 se.
1337 6083 1376 6146 (l)
1396 6079 1443 6132 In:
1460 6081 1616 6146 proteritate.

402 6162 441 6228 (2)
462 6163 561 6214 Mrcndi
579 6165 665 6218 abest.
1168 6179 1171 6184 ⁴
1340 6171 1378 6236 (8)
1398 6169 1444 6222 L.:
1464 6170 1577 6221 libenter·
1594 6176 1684 6222 lurein.

403 6253 443 6318 (3)
461 6251 507 6305 In:
527 6255 602 6306 liciti.
1337 6261 1376 6325 (9)
1395 6259 1440 6311 In:
1459 6261 1527 6312 εἰπε.

400 6343 439 6407 (4)
459 6342 504 6394 L.:
524 6343 665 6408 effrenare.
1319 6349 1375 6415 (10)
1395 6349 1443 6404 In:
1462 6349 1613 6401 liberaliter
1630 6366 1779 6416 ermaricus.

402 6433 441 6498 (5)
461 6432 508 6485 In:
527 6434 629 6500 aliquo.
1321 6443 1379 6510 (11)
1399 6442 1478 6494 Edita
1497 6442 1583 6495 abest.

402 6523 442 6589 (6)
460 6523 506 6576 In:
525 6524 640 6578 eduam.
1320 6534 1377 6596 (12)
1397 6531 1441 6585 In:
1457 6531 1638 6600 purpleriouc.
