5490 7750
611 597 682 668 116
1393 617 1634 668 uoxonsnrn

600 771 733 856 prefatis
758 770 952 853 nivernensi,
977 777 1052 834 tunc
1076 770 1276 852 bononiensi,
1294 777 1326 834 et
1347 771 1551 856 mirapicensi
1575 772 1733 857 episcopis
1758 771 1948 836 dicebantur
1972 772 2074 855 illata,
2092 795 2270 854 commune,
2286 775 2424 860 populus

600 884 632 940 et
657 878 849 941 universitas
872 877 1085 943 bononienses
1110 879 1245 964 predicti
1268 884 1391 941 starent
1414 885 1446 942 et
1469 886 1621 963 parerent
1645 901 1715 942 cum
1741 879 1857 943 effectu
1881 880 2039 944 voluntati
2063 887 2095 944 et
2116 879 2310 945 ordinationi
2327 903 2423 946 vens·

598 984 709 1046 rabilis
733 984 843 1048 fratris
868 984 969 1047 nostri
992 983 1159 1047 Ainibaldi
1183 984 1324 1070 episcopi
1348 985 1512 1048 tusculani
1536 1006 1632 1070 super
1662 985 1701 1069 ijs
1729 985 1762 1048 in
1791 1007 1924 1049 romana
1956 985 2054 1050 Curia
2085 986 2250 1069 faciende,
2275 995 2307 1051 et
2339 988 2424 1073 quod

598 1113 695 1176 super
719 1091 843 1154 damnis
868 1099 900 1154 et
925 1091 1070 1175 injuriis,
1095 1112 1156 1176 que
1188 1091 1402 1154 familiaribus
1426 1092 1571 1175 ejusdem
1595 1093 1737 1178 episcopi
1762 1093 1909 1156 ostiensis
1934 1101 1966 1157 et
1989 1095 2135 1179 personis
2159 1095 2232 1178 alijs
2257 1103 2332 1160 tunc
2355 1098 2422 1158 exi·

600 1199 759 1262 stantibus
791 1199 824 1262 in
852 1221 910 1262 suo
941 1199 993 1264 vel
1022 1198 1167 1262 Ecclesia
1199 1219 1330 1262 romane
1363 1199 1493 1263 servitio
1526 1220 1584 1286 per
1608 1200 1693 1285 ipsos
1718 1199 1932 1264 bononienses
1956 1202 2100 1285 irrogata
2128 1202 2275 1284 fuerunt,
2301 1210 2424 1268 starent

600 1305 813 1370 effectualiter
836 1313 868 1370 et
891 1313 1043 1392 parerent
1066 1306 1159 1370 totali
1183 1306 1376 1371 ordinationi
1405 1314 1437 1371 et
1467 1307 1627 1371 voluntati
1659 1315 1784 1388 nostre,
1810 1308 1861 1372 vel
1890 1309 1994 1390 illius,
2019 1331 2075 1372 seu
2112 1309 2256 1392 illorum,
2283 1311 2334 1374 cui
2368 1311 2421 1374 vel

598 1413 724 1498 quibus,
749 1421 781 1477 et
805 1414 872 1495 ubi,
897 1414 957 1478 hoo
981 1413 1171 1478 duceremus
1196 1413 1470 1478 committendum.

685 1522 838 1586 Promisit
862 1522 994 1607 insuper
1018 1527 1051 1585 et
1071 1522 1195 1605 juravit
1225 1521 1309 1586 idern
1341 1522 1482 1586 sindicus
1507 1523 1634 1586 nomine
1659 1529 1691 1586 et
1718 1523 1751 1586 in
1776 1523 1899 1586 animas
1924 1525 2187 1588 constituentium
2214 1525 2419 1609 eorumdem,

601 1629 687 1714 quod
710 1630 829 1693 dauma
854 1630 962 1693 onmia
987 1637 1018 1693 et
1043 1629 1171 1714 singula
1195 1651 1252 1716 per
1275 1629 1362 1716 ipsos
1383 1651 1561 1711 commune,
1578 1630 1733 1716 populum
1750 1637 1783 1692 et
1798 1630 2042 1695 universitatem
2058 1631 2142 1695 dicto
2159 1633 2299 1696 civitatis
2316 1633 2421 1696 eidem

598 1735 743 1800 Ecclesia
768 1733 909 1817 roniaue,
927 1737 979 1800 vel
1004 1737 1077 1820 alijs
1102 1737 1247 1820 ecclesijs
1271 1743 1304 1800 st
1327 1736 1472 1822 personis
1493 1737 1718 1800 ecclesiasticis
1743 1737 1891 1819 civitatis,
1914 1738 2083 1801 comitatus
2107 1746 2139 1802 et
2164 1738 2327 1803 districtus
2347 1761 2419 1824 pre-

600 1845 760 1909 dictorum
784 1845 816 1907 in
839 1845 936 1908 rebus
961 1844 1179 1908 immobilibus
1207 1844 1258 1906 vel
1290 1843 1463 1908 mobilibus
1487 1865 1524 1907 ac
1546 1844 1673 1926 juribus
1701 1865 1758 1908 seu
1784 1843 1874 1908 bonis
1899 1844 2154 1930 quibuscumque
2178 1846 2421 1931 quomodolibet

601 1952 754 2038 irrogata,
772 1952 848 2016 dicti
872 1973 1051 2034 commune,
1068 1951 1262 2014 universitas
1286 1957 1319 2014 et
1343 1951 1480 2036 populus
1504 1951 1718 2016 bononienses
1742 1951 1846 2014 eidenr
1870 1951 2014 2016 Ecclesie
2039 1974 2170 2017 romane
2195 1960 2227 2017 et
2247 1953 2321 2037 alijs
2345 1954 2420 2018 lesis

599 2061 727 2144 ecelesij
769 2067 801 2124 et
824 2061 969 2145 personis
994 2059 1219 2123 ecclesiasticis
1244 2059 1338 2144 plene
1363 2060 1565 2140 resarcirent,
1590 2065 1622 2122 et
1643 2059 1728 2123 bona
1752 2081 1809 2145 per
1833 2059 1919 2144 ipsos
1942 2059 2065 2123 eisdem
2080 2082 2212 2124 romano
2229 2067 2261 2125 et
2279 2062 2353 2145 alijs
2369 2083 2420 2125 ec·

599 2169 706 2251 clesijs
731 2175 761 2231 et
785 2169 931 2252 personis
956 2167 1182 2231 ecelesiasticis
1206 2166 1316 2228 ablata
1343 2166 1395 2229 vel
1420 2175 1576 2252 occupata
1600 2188 1657 2230 sea
1676 2167 1808 2230 detenta
1832 2189 1889 2252 per
1913 2187 1968 2230 eos
1992 2167 2112 2231 eisdem
2138 2189 2268 2232 remane
2292 2175 2324 2232 et
2346 2169 2420 2252 alijs

598 2277 744 2359 ecclesijs
768 2283 799 2340 et
821 2277 966 2362 personis
991 2274 1216 2339 ecclesiasticis
1242 2296 1313 2338 cum
1339 2274 1524 2358 integritate
1551 2275 1767 2356 restituerent,
1792 2283 1824 2337 et
1848 2275 1880 2338 in
1904 2295 1984 2360 pace
2008 2275 2221 2358 dimitterent,
2247 2285 2278 2340 et
2301 2276 2420 2340 damna

598 2385 688 2448 illata
716 2392 749 2447 et
779 2383 863 2446 bona
888 2383 1073 2468 hujusmodi
1097 2389 1253 2467 occupata
1286 2402 1343 2466 per
1374 2382 1555 2466 singulares
1578 2403 1733 2466 personas
1762 2382 1904 2467 ipsorum
1929 2383 2073 2447 facerent
2097 2391 2253 2468 quantum
2276 2384 2417 2469 pertine-

599 2503 670 2555 rent
694 2492 734 2554 acl
759 2491 888 2554 eosdem
913 2490 1166 2570 universitatem,
1193 2509 1360 2552 commune
1384 2496 1416 2552 et
1440 2490 1594 2574 populum
1619 2489 1821 2572 integraliter
1844 2490 1992 2553 resarciri
2017 2497 2048 2553 et
2072 2491 2208 2573 restitui,
2226 2498 2258 2554 et
2281 2492 2314 2555 in
2339 2512 2419 2576 pace

600 2600 717 2663 dimitti
741 2599 861 2662 eisdem
886 2618 1018 2661 romane
1043 2604 1075 2660 et
1099 2597 1172 2680 alijs
1197 2597 1341 2680 ecclesijs
1365 2604 1397 2660 et
1420 2596 1566 2681 personis
1590 2596 1815 2660 ecclesiasticis
1843 2597 2042 2679 memoratis,
2067 2598 2217 2683 ipsasque
2251 2620 2418 2663 romanam

598 2718 630 2770 et
654 2707 735 2770 alias
760 2707 913 2770 ecclesias
937 2717 969 2769 et
993 2726 1147 2792 personas
1171 2704 1405 2767 ecclesiasticas
1427 2705 1459 2766 in
1476 2704 1542 2766 suis
1559 2704 1773 2785 libertatibus,
1790 2704 1882 2767 bonis
1900 2725 1938 2768 ac
1952 2704 2079 2789 juribus
2096 2711 2127 2768 et
2141 2706 2419 2789 jurisdictionibus

598 2815 853 2900 quibuscumque
878 2819 1117 2892 conservarent,
1142 2833 1245 2897 eaque
1269 2812 1399 2874 minime
1424 2817 1635 2896 usurparent3
1653 2818 1684 2874 et
1708 2812 1734 2874 si
1759 2811 1954 2875 contrarium
1977 2834 2035 2898 per
2059 2813 2200 2896 aliquem
2217 2813 2268 2876 vel
2293 2813 2419 2898 aliquos

599 2923 682 2986 soret
706 2929 909 3002 attentatum,
928 2921 970 3002 id,
988 2943 1059 2985 eum
1084 2920 1125 2982 ad
1150 2921 1293 3006 ipsorum
1317 2919 1464 2983 notitiam
1488 2920 1685 3004 perveniret,
1703 2919 1848 2982 facerent
1871 2920 1927 3001 eis,
1945 2919 1986 2982 ad
2009 2941 2090 3005 quos
2113 2921 2299 3006 pertineret,
2321 2942 2418 3006 quam

599 3031 692 3094 eitius
717 3037 858 3116 possent,
884 3028 1048 3092 commode
1073 3027 1248 3091 emendari.

685 3138 837 3201 Promisit
862 3137 959 3200 etiam
983 3135 1112 3200 nomine
1137 3135 1400 3199 constituentium
1424 3133 1659 3219 predictorum,
1685 3133 1769 3219 quod
1794 3134 1854 3219 ipsi
1878 3135 2100 3219 permitterent
2123 3135 2224 3198 libere
2249 3135 2334 3221 quod
2362 3157 2419 3200 ex·

596 3247 681 3332 pulsi
705 3246 743 3308 de
769 3246 898 3309 civitate
923 3265 979 3307 seu
1005 3244 1158 3308 comitatu
1186 3243 1239 3306 vel
1263 3243 1408 3306 districtu
1432 3242 1600 3327 predictis,
1626 3242 1749 3306 ratione
1773 3243 1980 3328 partialitatis
2013 3242 2196 3324 dumtaxat,
2222 3265 2285 3306 non
2310 3251 2418 3308 tamen

599 3354 721 3417 barmiti
745 3361 877 3438 propter
901 3373 1052 3416 excessus
1077 3351 1129 3414 vel
1153 3351 1311 3414 maleticia
1335 3351 1531 3430 eorumdem,
1557 3373 1618 3436 que
1644 3359 1774 3436 propter
1798 3350 2030 3435 partialitatem
2057 3350 2109 3414 vel
2140 3372 2181 3413 ex
2214 3352 2319 3414 causis
2344 3372 2418 3415 eon-

596 3462 677 3525 fictis
702 3463 747 3524 eis
773 3461 922 3546 imposita
947 3481 1011 3524 non
1035 3459 1181 3540 luissent,
1199 3466 1428 3544 recuperarent
1452 3459 1537 3522 bona
1561 3481 1629 3541 sua,
1648 3481 1685 3522 ac
1709 3459 1911 3544 perciperent
1936 3458 2047 3540 libere,
2065 3466 2096 3522 ct
2112 3459 2277 3544 percipere
2294 3457 2418 3523 fructus

597 3580 629 3634 et
653 3570 795 3633 redditus
821 3588 1095 3654 quorumcumque
1120 3567 1277 3630 bonorum
1301 3588 1442 3648 suorum,
1461 3575 1492 3631 et
1516 3568 1614 3630 etiam
1638 3567 1708 3652 ipsa
1732 3566 1827 3648 bona,
1845 3587 1906 3650 que
1931 3574 2074 3651 temporo
2092 3567 2290 3651 expulsionis
2307 3566 2419 3650 hujus-

598 3678 683 3741 modi
709 3678 914 3740 obtinuerant
939 3677 972 3738 in
996 3676 1136 3756 civitate,
1154 3675 1307 3738 comitatu
1330 3683 1361 3738 et
1386 3675 1531 3739 districtu
1552 3675 1704 3760 predictis
1722 3683 2015 3766 quantumcumque
2033 3673 2118 3736 dieta
2134 3674 2220 3736 bona
2237 3674 2420 3737 extitissent

595 3786 771 3872 publicata,
789 3786 850 3847 nisi
873 3784 983 3848 forsan
1008 3783 1039 3845 in
1064 3783 1120 3864 eis,
1139 3804 1202 3846 non
1225 3783 1349 3846 rationo
1374 3783 1600 3868 publicationis
1625 3783 1819 3866 hujusmodi,
1838 3783 1894 3846 sed
1918 3783 1999 3845 alias
2023 3782 2116 3845 alteri
2140 3782 2266 3866 private
2282 3801 2418 3866 persons

596 3895 710 3957 luisset
735 3894 877 3974 legitime
899 3893 953 3976 jus
977 3891 1148 3976 quesitum,
1166 3890 1250 3953 dum·
1266 3898 1374 3954 tamen
1398 3891 1475 3955 dieti
1498 3891 1625 3976 expulsi
1650 3891 1890 3954 contribuerant
1914 3890 1945 3952 in
1970 3889 2121 3952 oneribus
2143 3890 2319 3952 communis
2336 3889 2419 3952 dicte

597 4001 736 4066 civitatis
761 4000 984 4080 bononiensis,
1009 3999 1090 4061 sicut
1115 3999 1171 4081 alij
1197 3999 1283 4061 cives
1307 3999 1416 4083 ipsius,
1439 3998 1621 4082 dictamque
1653 3999 1816 4061 civitatem
1840 3999 1873 4060 in
1897 3997 2005 4082 aliquo
2029 4018 2093 4060 nou
2119 3996 2356 4081 impugnarent,
2382 4016 2419 4059 ac

598 4108 758 4172 mandatis
783 4108 858 4171 dieti
883 4108 1060 4171 communis
1082 4106 1178 4189 juxta
1202 4113 1323 4169 statuta
1347 4112 1379 4168 et
1403 4106 1650 4168 consuetudines
1676 4105 1880 4168 rationabilia
1904 4104 2043 4168 civitatis
2060 4103 2206 4187 ejusdem
2223 4110 2374 4188 parerent
2388 4103 2418 4166 in

596 4217 748 4301 injunctis
773 4216 833 4279 sibi
858 4214 1036 4278 confinibus
1060 4221 1092 4277 et
1115 4213 1259 4277 terminis
1284 4213 1504 4296 observandis,
1529 4221 1560 4276 et
1585 4213 1685 4298 quod,
1710 4213 1736 4276 si
1761 4213 1865 4276 redire
1894 4212 1934 4274 ad
1967 4211 2130 4274 civitatem
2154 4211 2256 4296 ipsam
2282 4210 2419 4292 vellent,

597 4330 728 4409 possent
752 4343 823 4384 eum
848 4341 928 4406 pace
952 4328 984 4383 et
1008 4319 1180 4382 securitate
1204 4319 1382 4382 communis
1406 4325 1437 4382 et
1462 4319 1580 4382 civium
1603 4318 1742 4381 civitatis
1766 4318 1865 4402 ipsius
1889 4316 2012 4398 redire,
2038 4323 2070 4380 et
2094 4316 2126 4378 in
2151 4316 2266 4379 eadem
2289 4315 2419 4380 civitate

597 4453 709 4494 secure
733 4431 815 4492 sient
839 4429 924 4490 cives
949 4426 1047 4490 ceteri
1071 4425 1272 4506 commorari,
1290 4425 1335 4487 ita
1359 4432 1466 4488 tamen
1492 4425 1577 4509 quod
1603 4424 1711 4488 omnia
1735 4432 1766 4487 et
1791 4423 1920 4508 singula
1940 4444 2038 4507 supra
2062 4429 2094 4486 ct
2118 4421 2203 4484 infra
2226 4443 2284 4507 per
2300 4422 2421 4484 dictum

597 4538 755 4602 sindicum
786 4535 958 4599 simlicario
982 4542 1014 4597 et
1037 4533 1258 4618 procuratorio
1291 4533 1419 4596 nomine
1452 4532 1713 4596 constituentium
1746 4532 1963 4618 predictorum
1993 4534 2084 4611 acta,
2109 4535 2218 4613 gesta,
2242 4529 2418 4614 promissa,

597 4647 716 4726 oblata,
742 4645 828 4726 data,
846 4643 1020 4706 constituta
1043 4648 1075 4704 et
1096 4643 1220 4724 jurata,
1238 4641 1327 4703 velut
1351 4641 1427 4703 boui
1451 4641 1537 4704 cives
1561 4647 1593 4703 et
1617 4640 1725 4703 devoti
1748 4639 1893 4723 ejusdem
1919 4637 2052 4701 ecclesie
2076 4637 2284 4719 ratificarent,
2302 4657 2419 4722 appro-

596 4755 721 4834 barent,
747 4752 993 4832 confirmarent;
1010 4757 1042 4813 et
1064 4748 1159 4834 quod,
1177 4749 1245 4811 sive
1269 4755 1363 4812 extra
1387 4749 1550 4812 civitatem
1574 4747 1752 4833 predictam
1776 4749 1809 4811 in
1833 4747 1985 4830 injunctis
2009 4746 2071 4808 sibi
2094 4745 2238 4808 terminis
2266 4765 2324 4807 scu
2344 4765 2419 4808 con·

596 4862 713 4924 finibus
738 4865 957 4938 morarentur,
982 4857 1050 4920 sive
1081 4858 1113 4919 in
1146 4856 1265 4919 dictam
1297 4857 1460 4920 civita-tem
1492 4857 1631 4940 regressi
1662 4855 1768 4920 forent
1791 4861 1823 4918 et
1847 4854 1988 4936 reducti,
2010 4854 2231 4937 juramentum
2254 4851 2419 4915 fidelitatis

597 4969 690 5032 nobis
715 4975 746 5031 et
770 4966 1008 5030 successoribus
1033 4965 1150 5029 nostris
1175 4971 1206 5027 et
1230 4986 1362 5028 romane
1385 4963 1530 5028 Ecclesia
1553 4965 1648 5047 juxta
1673 4963 1809 5027 formam
1834 4962 1982 5048 superius
2006 4981 2212 5045 expressam,
2238 4981 2334 5044 quam
2362 4959 2419 5042 alij

596 5078 683 5142 cives
709 5075 922 5140 bononienses
953 5056 1045 5136 nobis
1076 5072 1233 5157 dictisque
1259 5072 1497 5136 successoribus
1520 5080 1552 5136 et
1576 5072 1680 5135 eidem
1703 5071 1848 5135 Ecclesia
1871 5075 2017 5155 prestare
2041 5067 2177 5150 debent,
2203 5088 2264 5152 quo
2288 5067 2418 5152 incipit:

602 5213 615 5242 ι
642 5185 708 5270 Epo
734 5228 1314 5246 ..................
1338 5182 1410 5243 ciris
1434 5187 1485 5244 etc.
1504 5203 1533 5262 ›,
1559 5186 1703 5265 prestare
1728 5185 1917 5258 teneantur3
1935 5175 2082 5240 addendo
2099 5195 2251 5260 expresse
2275 5175 2308 5236 in
2329 5174 2419 5256 jura-

596 5301 703 5356 mento
726 5291 881 5377 predicto,
904 5289 988 5374 quod
1012 5288 1178 5352 Ludovieo
1202 5287 1242 5350 de
1267 5287 1419 5369 Bavaria,
1445 5289 1579 5372 ejusque
1605 5287 1812 5371 complicibus
1837 5294 1869 5349 et
1893 5283 2084 5368 sequacibus
2102 5304 2139 5346 ac
2163 5282 2236 5364 alijs
2261 5281 2418 5344 indevotis

596 5399 742 5483 ejusdem
767 5397 910 5460 Ecclesia
935 5396 1119 5459 nullatenus
1144 5393 1337 5457 adhererent
1360 5394 1488 5479 publice
1512 5393 1564 5457 vel
1589 5394 1731 5475 occulte,
1757 5415 1815 5456 nec
1839 5393 1885 5456 eis
1908 5397 2091 5477 prestarent
2118 5389 2290 5470 auxilium,
2315 5387 2417 5452 consi·
2448 5428 2451 5434 ·

595 5508 674 5571 lium
698 5507 748 5568 vel
776 5505 931 5568 favorem.

685 5614 776 5678 Idem
802 5633 929 5698 quoque
954 5611 1095 5676 sindicus
1119 5612 1265 5696 promisit
1290 5619 1321 5674 et
1343 5609 1484 5694 juravit,
1510 5618 1541 5673 et
1566 5610 1597 5673 in
1622 5609 1746 5672 animas
1778 5606 2041 5671 constituentium
2072 5605 2307 5690 predictorum,
2333 5601 2418 5688 quod

545 5765 550 5777 ·
596 5743 693 5808 super
717 5721 865 5786 onrnibus
889 5727 921 5783 et
945 5719 1080 5803 singulis
1105 5718 1230 5781 damnis
1255 5725 1286 5782 et
1310 5718 1436 5800 injuriis
1460 5717 1492 5780 in
1516 5717 1705 5802 expulsione
1730 5715 1890 5800 predicta,
1914 5714 1966 5777 vel
1991 5713 2158 5777 occasione
2182 5712 2300 5798 ipsius,
2327 5709 2418 5773 nobis

595 5831 648 5894 rel
672 5829 756 5892 dicto
780 5828 1000 5913 predecessori
1024 5834 1134 5890 nostro
1162 5848 1219 5888 seu
1244 5847 1375 5889 romane
1399 5825 1544 5888 Ecelesic
1569 5846 1627 5910 per
1642 5824 1744 5887 dictos
1761 5844 1938 5902 commune,
1956 5822 2199 5885 universitatem
2216 5827 2248 5882 et
2264 5818 2418 5904 populum

595 5937 735 6002 civitatis
760 5935 895 6022 prefate,
918 5935 970 5998 vel
994 5955 1052 6019 pcr
1076 5934 1257 6018 singulares
1282 5953 1435 6018 personas
1460 5932 1570 6017 ipsius,
1588 5931 1640 5994 vel
1664 5931 1834 5994 comitatus
1858 5936 1890 5992 et
1914 5929 2077 5992 districtus
2101 5926 2318 6013 predictorum
2342 5946 2419 6009 quo-

596 6045 771 6109 modolibet
796 6043 957 6127 irrogatis,
982 6042 1118 6128 predicti
1143 6041 1266 6124 civitas,
1292 6061 1471 6122 commune,
1495 6039 1690 6102 universitas
1714 6047 1746 6103 et
1769 6039 1907 6124 populus
1931 6036 2148 6118 bononiensis,
2174 6056 2211 6098 ac
2235 6032 2418 6097 communia

595 6161 626 6217 ct
650 6151 894 6232 universitates,
920 6150 1090 6214 comitatus
1121 6157 1153 6212 et
1185 6148 1347 6212 districtus
1378 6147 1597 6233 predictorum
1628 6154 1660 6210 ct
1688 6146 1869 6231 singulares
1901 6165 2038 6229 persone
2070 6144 2212 6227 ipsorum
2236 6138 2417 6205 omnimode

595 6259 800 6338 ordinationi,
816 6258 986 6340 voluntati,
1004 6256 1205 6343 dispositioni
1229 6262 1260 6319 et
1284 6255 1495 6341 beneplacitis
1520 6255 1647 6335 nostris,
1665 6255 1716 6318 vel
1741 6273 1963 6317 successorum
1987 6257 2167 6313 nostrorum
2193 6249 2257 6311 alte
2275 6253 2307 6310 et
2324 6247 2417 6310 basse

595 6390 667 6432 cum
690 6367 808 6431 effectu
832 6371 984 6451 parerent
1007 6371 1040 6428 et
1062 6369 1200 6446 starent,
1226 6385 1416 6448 omnemque
1440 6384 1577 6448 penam,
1602 6362 1755 6424 mulctam
1780 6382 1817 6424 ac
1842 6358 2072 6446 penitentiam,
2098 6377 2194 6441 quam
2218 6360 2250 6418 et
2274 6374 2354 6438 quas
2378 6352 2418 6416 ob

595 6477 752 6562 premissa
776 6482 808 6538 et
831 6475 975 6560 ipsorum
1000 6473 1142 6536 omnium
1166 6478 1198 6535 et
1221 6471 1422 6555 singulorum
1443 6469 1586 6533 omnium
1603 6469 1770 6532 occasione
1787 6469 2036 6553 imponeremus,
2054 6465 2105 6528 vel
2123 6463 2199 6526 dicti
2218 6480 2419 6525 successores
