5544 7750
598 582 672 652 354
1350 603 1465 653 umas
1493 603 1674 653 mamaea

593 758 650 832 vel
680 760 793 855 magis
823 761 915 857 quod
946 761 1138 858 scriptores
1167 761 1291 856 nostri,
1317 770 1423 858 atque
1452 761 1487 833 in
1518 761 1639 860 primis
1669 761 1960 858 Ghirardacoius,
1982 762 2016 834 in
2040 762 2107 835 hac
2136 763 2304 838 historiae
2334 791 2416 862 par·

596 884 704 958 ticula
733 885 940 958 adornanda
968 884 1003 956 in
1033 885 1210 982 aliquibus
1239 885 1329 984 lapsi
1358 893 1452 958 sunt.
1481 885 1524 958 ln
1554 887 1698 958 civitate
1727 887 1796 961 iam
1826 911 1903 959 esse
1932 895 2098 984 coeperat
2127 897 2162 960 et
2187 888 2313 962 florere
2333 888 2416 961 Col-

596 1008 726 1105 legium
756 1009 964 1105 Doctorum,
993 1010 1263 1084 Advocatorum
1292 1019 1328 1083 et
1356 1011 1543 1106 Judicum,
1574 1019 1609 1084 et
1638 1011 1706 1092 nisi
1733 1037 1949 1108 magnopere
1978 1035 2069 1108 erro,
2101 1013 2175 1085 eius
2204 1013 2343 1086 initium
2372 1015 2416 1086 ad

595 1158 728 1207 annum
757 1133 1077 1209 MCCLXXXVI.
1108 1135 1273 1232 pertinet.
1304 1136 1347 1208 In
1376 1160 1417 1209 eo
1447 1143 1568 1209 autem
1597 1145 1681 1210 tunc
1709 1137 1878 1234 temporis
1903 1162 2024 1212 omnes
2044 1139 2207 1211 doctores
2227 1138 2416 1236 pluresque

590 1259 729 1356 judiees
758 1268 793 1332 et
821 1260 913 1333 forte
943 1260 1136 1334 advocatos
1165 1261 1225 1357 qui
1253 1261 1416 1334 doctores
1437 1287 1507 1334 non
1528 1270 1642 1357 crant,
1664 1263 1708 1336 ob
1729 1263 1933 1336 doctoratus
1953 1262 2201 1336 excellentiam
2220 1288 2323 1360 quem
2344 1264 2418 1336 rari

594 1386 915 1482 consequebantur,
936 1385 1052 1458 locum
1081 1385 1247 1459 habuisse
1276 1385 1495 1460 arbitrorfll.
1522 1385 1613 1460 Cum
1641 1387 1750 1483 igitur
1778 1387 1873 1462 dicto
1903 1413 1996 1462 anno
2023 1387 2224 1462 MCCCIV.
2251 1397 2418 1484 ageretur

594 1509 637 1582 de
667 1509 881 1582 conferendo
912 1511 1100 1583 doctoratu
1128 1510 1348 1606 lllarzalolio,
1369 1511 1553 1584 Galluccio
1581 1519 1616 1584 et
1645 1509 1821 1584 Gandono
1848 1514 1892 1585 ob
1913 1512 2108 1608 singularia
2128 1536 2249 1585 eornm
2270 1512 2307 1584 in
2325 1512 2417 1585 Uni-

594 1634 801 1707 versitatem
831 1635 976 1731 merita,
1007 1644 1114 1732 atque
1143 1635 1345 1708 huiusmodi
1372 1636 1485 1710 honor
1514 1636 1677 1709 decretus
1706 1635 1757 1708 eis
1785 1636 1910 1710 fuisset
1938 1662 2002 1735 per
2030 1637 2202 1710 Rectores
2230 1637 2416 1710 Universi-

594 1760 690 1854 tatis,
713 1758 911 1855 Collegium
939 1761 1135 1834 Doctorum
1164 1786 1294 1856 magna
1323 1762 1548 1835 contentione
1576 1760 1784 1835 Marzalolio
1813 1761 1960 1858 aliisque
1989 1761 2082 1835 hanc
2110 1763 2316 1836 doctoratus
2340 1762 2415 1835 adi·

594 1885 753 1982 piscendi
781 1885 990 1958 facultatem
1019 1885 1227 1981 negavitlrl.
1250 1887 1319 1959 Sed
1339 1896 1416 1960 tota
1443 1886 1511 1960 hac
1539 1911 1578 1959 re
1607 1886 1726 1960 delata
1755 1887 1800 1958 ad
1829 1886 2009 1985 publicum
2033 1887 2188 1960 civitatis
2209 1885 2415 1983 Consilium,

593 2011 770 2083 sancitum
798 2011 835 2082 in
864 2036 906 2083 eo
935 2019 1009 2105 est,
1040 2019 1079 2082 ut
1108 2011 1176 2084 ΠΙ.
1207 2011 1274 2084 riri
1302 2036 1390 2108 quos
1424 2012 1577 2084 diximus
1606 2012 1651 2084 ad
1681 2011 1903 2084 doctoratum
1933 2021 2200 2085 assumerentur
2227 2019 2415 2110 postquam

592 2135 788 2208 examinati
806 2135 957 2208 fuissent
976 2160 1095 2208 coram
1115 2136 1256 2208 domino
1275 2135 1467 2210 Francisco
1488 2138 1530 2209 de
1551 2136 1738 2210 Ubaldinis
1762 2146 1797 2210 et
1817 2137 2031 2234 Henrigipto
2052 2138 2094 2210 de
2114 2136 2247 2231 Rostis,
2269 2137 2414 2210 Vicario

595 2260 868 2355 Archidiaconi,
899 2269 934 2332 et
963 2285 1082 2333 coram
1113 2261 1254 2334 domino
1283 2260 1458 2356 Gregorio
1487 2261 1530 2334 de
1560 2261 1756 2358 Placentia,
1786 2261 1954 2359 Episcopi
1981 2261 2207 2334 bononiensis
2236 2261 2415 2356 (Huberti

591 2384 782 2477 nimirum)
811 2385 922 2458 fratre
952 2393 1047 2457 nato.
1078 2385 1125 2456 Et
1154 2385 1294 2481 quando
1323 2385 1505 2480 graviores
1538 2385 1691 2458 indictae
1724 2393 1807 2458 sunt
1845 2385 2048 2458 doctoribus
2087 2409 2222 2483 poenae
2258 2385 2288 2457 si
2323 2384 2414 2458 forte

593 2509 709 2582 adhuc
739 2508 819 2581 huic
848 2510 1023 2582 sanctioni
1052 2510 1290 2604 obstitissent,
1320 2535 1362 2582 ac
1395 2509 1826 2606 Marzalolium'aliosque
1856 2510 1905 2582 sio
1935 2509 2092 2606 prolatos
2128 2509 2165 2582 in
2203 2533 2305 2582 suum
2334 2507 2414 2582 Col-

592 2633 724 2729 legium
745 2643 911 2731 cooptare
932 2644 1167 2728 recusassent,
1190 2659 1246 2707 res
1274 2661 1293 2708 e
1322 2644 1405 2708 voto
1435 2635 1576 2708 omnino
1605 2635 1722 2729 cessit,
1745 2643 1780 2708 et
1808 2634 2037 2708 Marzalolius
2064 2659 2134 2708 una
2164 2659 2243 2707 eum
2272 2634 2415 2730 collegis

592 2759 799 2832 doctoratus
827 2759 1020 2832 honoribus
1049 2770 1102 2832 cst
1138 2769 1273 2832 auctare.
1304 2760 1421 2832 Huius
1451 2760 1502 2832 rei
1531 2770 1799 2832 monumentum
1828 2759 1975 2856 [extat],
2006 2784 2149 2856 exque
2187 2759 2273 2833 illud
2306 2760 2412 2833 etiam

593 2894 812 2981 compertum
843 2885 881 2956 lit
901 2909 1039 2958 errasse
1061 2885 1356 2958 Ghirardaceium
1375 2897 1410 2958 et
1429 2885 1641 2980 Alidcsium,
1663 2885 1722 2981 qui
1741 2884 1998 2981 Marzalolium,
2020 2884 2242 2959 Gallaecium
2262 2894 2298 2959 et
2317 2885 2415 2958 Gan·

593 3009 721 3082 donem
744 3010 836 3104 juris
866 3011 1026 3082 canonici
1055 3011 1274 3107 professores
1303 3010 1412 3082 fuisse
1441 3011 1611 3083 scribunt.

700 3133 768 3206 Sed
799 3135 920 3231 paucis
949 3143 1029 3232 post
1059 3135 1160 3207 annis
1188 3135 1434 3208 blarzalolium
1465 3137 1538 3208 vita
1567 3136 1758 3208 decessisse
1787 3136 1962 3232 arbitror,
1993 3160 2074 3208 nam
2112 3135 2156 3208 de
2184 3136 2261 3233 ipso
2290 3159 2413 3208 monu-

592 3269 713 3331 menta
741 3268 864 3332 nostra
894 3261 1122 3356 sequentibus
1150 3260 1368 3356 temporibus
1398 3261 1539 3334 omnino
1568 3259 1690 3356 silent,
1720 3260 1814 3356 quod
1852 3261 1914 3333 vix
1953 3260 2049 3333 credi
2077 3271 2196 3358 posset
2225 3260 2254 3333 si
2282 3260 2413 3333 diutius

592 3384 763 3480 vixisset,
793 3409 839 3456 ex
867 3384 909 3456 iis
938 3385 1030 3457 enim
1061 3410 1150 3482 quae
1179 3383 1287 3458 allata
1316 3393 1398 3458 sunt
1422 3386 1508 3458 satis
1529 3395 1691 3458 constare
1711 3393 1829 3483 potest
1849 3386 1963 3482 ipsum
1984 3410 2054 3458 non
2074 3384 2287 3458 incelebrem
2304 3384 2413 3459 fuisse

592 3509 628 3582 in
656 3509 902 3582 Universitate
931 3518 1054 3584 nostra
1082 3509 1329 3608 professorem.
1357 3510 1426 3583 Sed
1450 3511 1621 3607 quidquid
1639 3511 1682 3582 de
1702 3509 1769 3582 hac
1789 3535 1826 3582 re
1846 3510 1915 3582 dici
1935 3510 2057 3608 possit,
2080 3534 2272 3607 numquam
2292 3519 2413 3583 tamen

593 3633 630 3706 in
658 3659 737 3706 eam
766 3635 942 3708 adducam
971 3635 1183 3707 sententiam
1213 3643 1252 3706 ut
1280 3650 1402 3732 putem
1431 3633 1677 3708 Marzalolinm
1706 3659 1832 3707 revera
1861 3635 1956 3732 apud
1984 3642 2124 3708 nostros
2153 3635 2313 3708 docuisse
2333 3660 2411 3708 eam

587 3759 680 3856 juris
708 3758 821 3832 civilis
851 3767 1000 3857 partem,
1027 3784 1117 3856 quae
1139 3817 1271 3833 .....
1289 3756 1328 3821 (3)
1353 3759 1451 3831 Nihil
1481 3784 1565 3832 sane
1595 3760 1782 3833 absurdius
1811 3759 1879 3832 dici
1907 3767 2045 3857 potest3
2075 3784 2199 3833 verum
2229 3761 2295 3832 etsi
2322 3759 2411 3834 haee

591 3909 678 3958 vera
703 3885 784 3980 sint,
807 3894 966 3958 attamen
994 3883 1112 3957 nullus
1140 3885 1291 3957 inveniri
1318 3885 1451 3982 poterit
1479 3885 1540 3982 qui
1568 3884 1657 3958 haec
1681 3885 1731 3958 ita
1750 3911 1771 3958 a
1790 3885 1891 3958 nobis
1909 3885 1978 3957 dici
1996 3885 2176 3958 existimet
2195 3892 2235 3957 ut
2252 3883 2413 3959 fabulosa

590 4034 656 4107 pro
684 4009 778 4082 veris
810 4009 993 4082 venditare
1024 4009 1183 4084 velimus.
1204 4010 1338 4082 Eorum
1367 4035 1443 4083 mos
1471 4009 1527 4082 hic
1558 4035 1634 4083 csse
1663 4010 1764 4084 solet.
1786 4009 1855 4082 Sed
1883 4017 1938 4082 est
1965 4010 2073 4082 etiam
2102 4011 2195 4106 quod
2225 4008 2413 4104 diligenter

593 4136 824 4208 observemus
852 4135 887 4206 in
915 4135 982 4208 hoe
1011 4136 1157 4230 negocio
1185 4137 1279 4233 quod
1308 4135 1353 4208 ad
1382 4134 1620 4208 definiendum
1648 4134 1789 4207 difficile
1818 4134 1922 4208 valde
1951 4143 2026 4231 est,
2048 4135 2110 4208 sed
2130 4143 2249 4208 tamen
2278 4135 2308 4208 si
2335 4134 2412 4208 dili-

591 4261 689 4356 genti
718 4261 944 4358 inquisitione
973 4262 1009 4334 in
1037 4261 1103 4334 hac
1133 4287 1171 4334 re
1200 4262 1252 4334 uti
1280 4260 1441 4356 velimus,
1463 4261 1622 4360 profecto
1643 4261 1822 4334 eliciamus
1841 4261 1876 4332 id
1902 4261 1995 4360 quod
2024 4268 2086 4334 aut
2114 4285 2238 4333 verum
2267 4269 2322 4334 est
2349 4269 2411 4335 aut

591 4386 637 4459 ad
675 4386 710 4458 id
753 4443 2409 4461 ..........................................

593 4567 2324 4586 ,,,,,,,,,,,,,,,,,,,,,,,,,,,,,,,,,,,,,,,,,,,,
2346 4507 2386 4574 (4)

1131 4849 1201 4922 AD
1239 4848 1458 4922 ΤΗΟΜΑΜ
1496 4847 1877 4922 MARZALOLIUM.

697 5135 919 5231 Mecum,
951 5135 1056 5208 XIV.
1087 5135 1294 5207 decembris.
1325 5134 1405 5206 Hoc
1443 5143 1601 5230 tempore
1638 5133 1800 5206 doctores
1837 5133 1988 5230 pessime
2026 5133 2140 5206 officio
2169 5157 2233 5206 suo
2262 5133 2411 5207 docendi

590 5262 850 5358 fungebantur:
882 5286 952 5358 qua
981 5285 1019 5334 re
1049 5260 1164 5333 Studii
1192 5260 1379 5332 celebritas
1408 5285 1478 5331 non
1507 5283 1632 5356 parum
1661 5259 1756 5356 apud
1783 5267 1925 5331 exteros
1945 5265 2022 5331 erat
2041 5257 2239 5332 imminuta.
2259 5259 2312 5331 Ut
2330 5258 2412 5331 huic

590 5387 682 5461 malo
712 5393 951 5480 occurrerent,
982 5386 1144 5458 doctores
1173 5385 1427 5457 Universitatis
1457 5384 1578 5456 dicunt
1607 5392 1642 5455 et
1671 5391 1873 5481 proponunt
1902 5383 1996 5480 quod
2021 5391 2094 5455 tres
2123 5389 2206 5456 sunt
2234 5381 2413 5456 scholares

591 5522 627 5587 et
654 5512 850 5587 bachelarii
877 5512 913 5584 in
943 5512 1087 5583 civitate
1116 5511 1275 5584 Bononio
1305 5509 1492 5622 approbati
1522 5518 1556 5582 et
1587 5508 1689 5616 electi
1710 5534 1773 5607 per
1791 5509 2085 5604 Universitatem,
2107 5508 2167 5606 qui
2195 5508 2224 5581 si
2251 5507 2412 5603 legerent

671 5797 710 5862 (l)
730 5794 845 5860 MCOC,
864 5794 971 5845 XVIII.
991 5795 1094 5863 aprilis.
1117 5795 1237 5846 interest
1261 5793 1378 5845 Thomas
1403 5798 1473 5844 tam·
1528 5793 1569 5844 bis
1588 5793 1699 5861 petiisse
1719 5792 1898 5856 declaratum,
1917 5791 2012 5860 bisque
2031 5790 2171 5859 repulsam
2191 5791 2286 5842 tulisse
2306 5789 2412 5842 dialtur.

589 5901 671 5956 quam
690 5885 767 5937 testis
786 5884 926 5936 donationi
941 5883 997 5935 CD.
1011 5884 1141 5935 librarum
1160 5883 1251 5935 factae
1272 5900 1287 5934 a
1306 5883 1474 5934 Bernardino
1531 5881 1666 5934 Nimirum
1680 5881 1757 5933 initio
1773 5881 1851 5950 pettit
1871 5897 1933 5932 oum
1946 5879 2084 5932 Bonifatio
2098 5878 2220 5932 Gallutio
2239 5883 2267 5931 et
2285 5878 2413 5931 Mathoae

588 5979 616 6029 et
629 5975 727 6026 Blaxio
743 5974 805 6026 tiliis
826 5973 938 6025 Martini
957 5974 1065 6026 cuidam
1084 5974 1170 6025 sorori
1183 5989 1248 6024 suae
1263 5973 1370 6024 Bertae.
1384 5973 1475 6037 (Mem.
1531 5971 1675 6038 Gandon03
1704 5971 1801 6023 deinde
1834 5986 1896 6022 cum
1924 5969 2028 6022 Jacobo
2056 5969 2176 6021 Belaisio
2208 5972 2235 6021 ct
2266 5968 2348 6021 Patro
2379 5969 2413 6020 ds

587 6063 739 6117 Rolandim'
756 6064 788 6114 de
808 6063 949 6128 Floronia
968 6063 1015 6114 fol.
1035 6063 1096 6131 xij.)
1527 6061 1653 6113 Cernitis.

667 6155 707 6220 (2)
727 6153 852 6206 Similem
874 6154 901 6205 in
925 6154 1081 6206 doctoratus
1100 6153 1232 6223 petitione
1252 6155 1390 6220 repulsam
1410 6153 1473 6204 tulit
1608 6151 1648 6216 (B)
1667 6149 1721 6202 Sic.
1740 6147 1802 6201 vio.
1823 6153 1915 6200 notam
1935 6165 1997 6218 pag.
2017 6151 2078 6201 359.

586 6243 722 6296 Balearica
740 6242 814 6310 (Vid.
828 6242 855 6295 in
876 6259 907 6296 eo
925 6243 1031 6310 5111.)¹
1046 6242 1098 6294 Sed
1117 6243 1161 6294 hic
1181 6242 1246 6312 quia
1258 6242 1381 6311 partibus
1395 6242 1476 6293 Lam·
1610 6241 1650 6306 (4)
1668 6239 1776 6292 Desunt
1795 6240 1879 6292 uerba
1897 6240 1925 6291 in
1946 6239 2112 6310 apographo.
2131 6240 2164 6292 In
2181 6240 2307 6310 originali
2320 6243 2413 6292 autern

586 6333 711 6387 bertatiis
725 6333 836 6385 favebat
856 6349 922 6402 gena
942 6332 1076 6398 Balvisia3
1096 6333 1166 6401 quod
1184 6333 1276 6384 nescio
1296 6348 1330 6384 an
1351 6333 1383 6383 de
1403 6332 1475 6383 Mar·
1530 6331 1632 6399 scripto
1645 6330 1700 6382 alia
1716 6329 1816 6399 partim
1835 6330 1926 6382 deleta
1946 6334 2195 6400 sequentemquae,
2208 6347 2270 6383 cum
2283 6329 2414 6399 imperfe-

586 6423 685 6476 zalolia
704 6423 757 6475 dlei
777 6423 871 6490 possit.
892 6421 1032 6474 Videndus
1052 6421 1115 6472 ibid.
1135 6421 1149 6487 ξ
1169 6420 1218 6472 Vl.
1236 6421 1281 6472 ubi
1301 6421 1474 6472 Marzalolius
1530 6425 1573 6472 ote
1593 6421 1704 6472 redacta
1722 6421 1785 6487 sint,
1805 6420 1972 6488 superfluum
1990 6422 2104 6490 prodere
2124 6420 2288 6474 existimari.
2320 6421 2355 6488 (o.
2370 6423 2412 6486 rr.)
