5484 7746
656 579 731 649 280

718 754 897 840 Sequuntur
914 775 1007 839 respice
1027 753 1070 817 nd
1085 761 1174 838 cupiet
1194 751 1414 834 CLXXXII.²
1427 753 1536 816 deiude

655 865 685 926 iu
712 863 810 926 iudice
833 865 896 947 ipso
918 863 1123 946 crpiitulocum
1145 861 1219 925 baec
1240 859 1408 925 laudentur:

716 971 765 1034 De
794 970 1035 1056 pollutionibus,
1059 969 1270 1055 interrogatio
1294 967 1467 1053 Augustini
1501 974 1533 1030 et

653 1079 818 1164 responsio
844 1078 1003 1163 Gregorii.

717 1187 751 1249 Si
774 1193 847 1272 post
871 1186 1079 1267 inlusionem,
1101 1207 1162 1270 que
1186 1206 1243 1270 per
1267 1185 1426 1248 sonnsium
1450 1182 1531 1246 solet

653 1293 816 1374 accidere,
841 1302 876 1357 ut
905 1293 1029 1380 Corpus
1059 1293 1191 1358 Domini
1222 1291 1356 1378 quilibet
1387 1290 1532 1376 accipere

653 1402 770 1483 valeat,
788 1402 850 1483 rel,
871 1401 897 1464 si
922 1400 1071 1466 sacerdos
1095 1400 1146 1482 sit,
1170 1420 1262 1463 sacra
1286 1397 1428 1462 misteria
1452 1396 1533 1460 cele·

651 1510 771 1574 brace?

714 1619 894 1705 Responsio
919 1618 1079 1703 Gregorii.

713 1725 873 1812 Equidem
905 1726 989 1791 bunc
1025 1725 1266 1790 Testamentum
1301 1732 1394 1787 nctus
1429 1723 1530 1808 legis,

652 1833 734 1898 sicut
758 1834 790 1896 in
815 1833 973 1920 superiori
996 1841 1092 1918 eaput
1113 1834 1182 1916 jam
1206 1832 1356 1913 diximus,
1373 1831 1532 1916 pollutum

652 1941 738 2024 dicit,
760 1951 792 2006 et
815 1943 876 2006 nisi
900 1942 985 2006 lotus
1009 1961 1093 2027 aqua
1116 1947 1273 2026 eiusque
1297 1940 1338 2004 ad
1361 1959 1532 2024 uesperum

651 2051 771 2115 intrare
796 2050 965 2115 ecelesiam
988 2050 1183 2114 conceditur.
1205 2049 1297 2124 Quod
1315 2057 1422 2113 tamen
1440 2047 1533 2112 aliter

651 2160 788 2245 populns
812 2158 988 2244 spiritualis
1011 2157 1195 2242 intelligens
1219 2156 1278 2220 snb
1302 2155 1416 2220 eodem
1440 2154 1532 2218 intel·

650 2267 736 2331 lectu
771 2267 906 2352 accipiet
935 2287 998 2351 quo
1029 2265 1147 2350 prelati
1178 2286 1307 2347 surinus,
1330 2263 1407 2348 quia
1439 2261 1531 2346 qussi

649 2397 708 2461 per
731 2375 890 2438 somnium
915 2373 1060 2436 illuditur
1083 2373 1137 2458 qui
1161 2379 1337 2457 temptatur
1360 2368 1531 2434 immundi·

651 2485 698 2548 cia
724 2483 808 2546 veris
833 2481 1027 2566 irrraginibus
1051 2482 1083 2544 in
1108 2481 1303 2565 cogitatione
1328 2479 1531 2564 inquinatur,

649 2591 706 2655 sed
731 2590 888 2654 lavandus
912 2597 961 2653 est
989 2610 1092 2673 aquo,
1117 2596 1151 2652 ut
1183 2588 1294 2672 culpas
1327 2585 1530 2671 cogitationis

649 2698 790 2762 lacrimis
814 2697 942 2779 abluat3
968 2705 1000 2761 et
1023 2697 1084 2759 nisi
1108 2695 1196 2781 prius
1213 2695 1296 2778 ignis
1313 2694 1531 2780 temptationis

650 2807 827 2886 recesserit,
846 2825 879 2868 sc
897 2827 960 2868 nou
977 2826 1010 2867 se
1021 2803 1059 2869 (1)
1072 2804 1164 2889 quasi
1180 2824 1281 2887 usque
1304 2801 1345 2864 ed
1361 2823 1531 2886 vesperum

650 2921 833 3000 cognoscat.
849 2913 913 2977 Sed
929 2919 977 2977 est
994 2914 1025 2976 in
1043 2913 1156 2976 eudem
1172 2912 1330 2976 inlusione
1348 2911 1530 2974 necessaria

650 3021 744 3086 valde
758 3022 918 3102 diseretio,
932 3043 993 3106 que
1010 3021 1170 3084 subtiliter
1186 3019 1315 3106 pensari
1331 3019 1457 3099 debeat,
1468 3025 1528 3082 etc.

649 3130 789 3194 Desinit:
806 3149 879 3192 ecce
898 3129 1004 3214 itaque
1021 3136 1070 3191 est
1093 3128 1198 3209 homo,
1217 3134 1252 3190 ut
1276 3127 1321 3190 ita
1344 3126 1459 3206 dicam,
1477 3147 1529 3188 ca·

650 3238 756 3324 ptinus
781 3243 812 3300 et
836 3236 934 3316 libcr;
959 3235 1040 3298 liber
1068 3256 1110 3298 ex
1135 3235 1262 3318 justitia
1286 3255 1382 3318 quam
1406 3233 1528 3318 diligit,

650 3345 795 3432 captivus
819 3365 860 3407 ex
885 3343 1096 3406 delectatione
1121 3363 1217 3427 quem
1241 3349 1348 3427 portat
1372 3341 1502 3404 invitus.

712 3451 805 3526 Quod
831 3451 910 3514 nihil
934 3451 1034 3536 prosit
1054 3449 1213 3514 sacerdoti
1230 3449 1327 3512 etiam
1344 3449 1370 3512 si
1387 3450 1468 3513 besse
1486 3449 1530 3512 vi·

649 3565 722 3641 vat,
747 3559 774 3622 si
798 3559 881 3622 snale
905 3558 1050 3621 viventes
1082 3556 1217 3620 tacendo
1243 3577 1306 3619 non
1331 3556 1529 3620 contradicit.

712 3667 806 3741 Quod
829 3689 906 3731 uero
931 3666 1007 3730 dicit
1030 3665 1224 3751 Apostolus,
1250 3674 1285 3729 ut
1308 3686 1366 3728 nes
1394 3665 1530 3728 formum

648 3776 822 3839 debeamus
846 3775 999 3838 exhibere
1023 3773 1181 3856 fidelibus,
1206 3780 1265 3836 etc.

710 3883 797 3946 IIuec
813 3905 892 3968 pure
915 3882 937 3946 I
943 3881 974 3944 V
972 3932 978 3946 .
997 3885 1142 3966 iuscripta
1164 3891 1206 3946 eet
1230 3884 1261 3944 iu
1278 3884 1430 3966 superiori
1444 3903 1528 3944 esserr-

644 3995 735 4074 plue:

709 4099 759 4163 De
784 4098 970 4186 presbiteris
994 4104 1027 4161 et
1049 4097 1181 4182 reliquis
1205 4096 1390 4161 Ordinibus.

712 4422 813 4488 Coeles
836 4420 1003 4485 Vaticanus
1021 4442 1107 4484 reseiu.
1126 4420 1213 4483 1378
1237 4422 1269 4483 iu
1295 4419 1471 4483 uresrshrnua
1495 4423 1527 4484 iu

643 4532 719 4615 sotio
742 4532 873 4614 scriptus
896 4527 978 4593 XII.
1001 4530 1044 4592 eet
1068 4527 1168 4592 XIII.
1185 4529 1304 4592 saeculo
1327 4531 1456 4592 ceretiuet
1482 4529 1527 4592 1ιί-

644 4641 734 4724 spoui
760 4639 938 4718 ctrieesdam,
963 4635 1148 4700 [acheruntis
1178 4638 1317 4717 norisius,
1339 4637 1453 4721 plesseis
1481 4637 1524 4700 ad

644 4747 851 4811 Collecticuem
882 4746 1078 4809 decretalium
1102 4743 1274 4808 Inuoceutii
1296 4742 1362 4806 III.
1386 4766 1405 4807 a
1435 4743 1526 4808 I'elro

640 4855 853 4920 Beneuentano
881 4855 1102 4918 cosseiuuatum.
1121 4851 1337 4916 Praemittitur
1360 4855 1392 4915 iu
1418 4851 1525 4916 Codice

639 4963 811 5027 Irumceutii
838 4963 1008 5026 coristitutio
1031 4962 1181 5024 uteieecsis
1205 4958 1364 5044 Mupistris
1387 4967 1413 5023 et
1434 4959 1525 5023 Scito·

645 5070 761 5134 toribus
785 5069 942 5132 Bononiae
961 5066 1216 5132 consumentibus
1232 5067 1314 5130 eluta.
1332 5066 1385 5130 Au
1400 5067 1526 5130 euredum

646 5200 712 5243 cero
742 5177 992 5240 Coeestitutiouem
1022 5177 1173 5259 Incipiunt
1205 5175 1337 5259 glossae,
1369 5173 1421 5237 sebi
1454 5174 1525 5238 Isaec

643 5288 723 5351 iuter·
745 5293 862 5349 caetera
886 5285 1049 5368 leputatur:

706 5394 864 5458 Dominus
888 5401 919 5456 et
951 5391 1170 5455 sanctissimus
1202 5413 1288 5478 papa
1318 5392 1525 5457 innocentius

643 5502 813 5565 eminentis
836 5501 968 5565 scientie
993 5507 1025 5564 et
1048 5501 1315 5586 perspicacissimi
1332 5501 1453 5585 ingenii
1470 5501 1524 5564 de-

706 5757 744 5819 (ll
763 5753 814 5804 Sic.
1449 5805 1452 5813 ,

706 5846 744 5909 tt)
764 5843 813 5894 Est
832 5844 859 5894 in
879 5843 1038 5894 membrana
1058 5843 1084 5893 in
1100 5843 1138 5893 I.⁰
1152 5843 1236 5894 nitide
1255 5843 1382 5910 scriptus,
1396 5847 1476 5911 utque
1493 5860 1526 5895 ex

641 5935 831 5988 cacoetherum
848 5932 937 5984 torma
949 5937 1053 5984 certam
1068 5932 1254 5984 coniecturam
1268 5931 1359 5983 lacere
1373 5947 1525 5999 possumus,

640 6026 756 6079 eundem
771 6024 880 6075 saeculo
895 6023 973 6074 XIII.
988 6023 1072 6074 tuisse
1093 6023 1286 6090 conscriptum.
1302 6023 1403 6073 Eorum
1425 6027 1525 6087 eutem,

640 6133 709 6185 quoe
731 6115 756 6166 in
779 6115 836 6182 ipso
856 6114 1038 6176 continentur,
1058 6113 1109 6164 hoc
1129 6113 1268 6180 specimen
1289 6113 1392 6163 demus.

703 6207 741 6269 (3)
762 6204 811 6255 His
837 6203 926 6254 serbis
951 6203 1093 6270 rhythmus
1117 6203 1281 6266 continetur,
1306 6219 1386 6271 quem
1419 6203 1521 6255 dividas

639 6297 747 6364 oportet
766 6294 817 6344 boc
836 6293 930 6345 modo:

829 6383 860 6435 In
881 6383 1023 6436 Trinitatis
1042 6384 1151 6436 nomine

900 6474 1000 6525 Sancte
1020 6477 1047 6524 et
1067 6474 1204 6525 individue

1401 595 1724 646 monumentorum

1600 753 1736 818 cretales
1759 755 1913 840 epistolas
1937 777 2037 840 usque
2058 755 2099 820 ad
2116 755 2193 818 XII.
2212 777 2331 818 aunum
2348 777 2404 839 per
2421 775 2472 818 uo·

1599 860 1726 943 tarium,
1743 863 1848 927 uirum
1871 863 2041 948 providum
2064 869 2096 926 et
2120 861 2303 944 discretum,
2320 870 2351 924 et
2376 863 2472 948 magi·

1597 975 1697 1032 strum
1722 969 1883 1054 quondam
1907 970 2063 1052 Bononia,
2081 970 2140 1034 sub
2161 971 2415 1056 competentibus
2438 972 2472 1036 ti·

1597 1075 1672 1138 tulis
1688 1077 1883 1162 corripilanit.
1899 1077 2003 1162 Super
2016 1099 2152 1163 quarum
2169 1079 2398 1164 compositione
2415 1101 2471 1164 ego

1595 1179 1774 1264 Laborans,
1790 1184 1839 1248 uir
1856 1184 2020 1270 hispanus,
2038 1186 2069 1248 in
2094 1185 2294 1272 expositione
2319 1187 2472 1269 glossula·

1597 1309 1667 1354 rum
1691 1291 1819 1356 veniam
1843 1293 1970 1378 postulo
1994 1315 2013 1356 a
2037 1293 2167 1358 lectore.

1660 1397 1781 1462 Desiuit
1802 1398 1902 1464 Coeles
1919 1402 1951 1462 iu
1967 1402 2030 1464 tit:
2053 1400 2102 1465 De
2120 1402 2278 1465 sententia
2294 1423 2473 1466 excommu-

1597 1509 1766 1574 nicationis
1790 1512 1968 1594 constitut.,
1993 1533 2070 1597 puae
2093 1515 2218 1597 incipit:
2241 1512 2331 1576 Idem
2359 1514 2471 1578 Docto·

1596 1616 1684 1680 ribus
1709 1617 1908 1683 ‹lecretorum
1926 1619 2082 1684 Bononio.
2099 1620 2188 1686 Inter
2209 1623 2283 1704 atie,
2307 1643 2385 1706 qeuse
2406 1627 2472 1687 stri·

1593 1727 1745 1810 perriensis
1766 1726 2007 1812 ‹rccisiepiscopus
2022 1731 2156 1812 proponi
2175 1729 2265 1812 feeit,
2289 1751 2343 1792 ucis
2374 1733 2472 1794 recoli·

1596 1853 1664 1896 mm
1688 1835 1885 1918 respondisse,
1908 1843 1960 1900 etc.

2016 2159 2056 2224 V.

1596 2407 1647 2470 IJr
1669 2409 1766 2472 coelice
1790 2409 1990 2475 Bibliothecae
2012 2411 2199 2493 turturinae,
2225 2435 2308 2477 eeseru.
2330 2416 2414 2478 1881
2426 2417 2471 2480 (2).

1657 2658 1770 2744 Incipit
1794 2663 1824 2724 iu
1849 2661 1921 2725 lecsec
1946 2661 2052 2726 cerba:

1711 2803 1742 2853 In
1764 2802 1904 2856 Trinitatis
1924 2807 2032 2858 nomine
2052 2809 2091 2870 (3)
2111 2813 2205 2860 sancte
2226 2813 2252 2860 et
2272 2809 2409 2861 individue

1640 2891 1740 2960 Incipit
1759 2893 1822 2945 hino
1843 2893 1960 2946 feliciter
1980 2897 2057 2948 istius
2077 2897 2140 2949 libri
2158 2899 2242 2949 series

1638 2981 1725 3042 Quem
1745 2991 1855 3036 sanctus
1876 3001 1908 3036 ex
1931 2985 2011 3038 Italis
2031 2987 2177 3038 Anselmus
2191 2988 2325 3056 quondum
2342 2989 2491 3042 l'ontitex'

1710 3072 1819 3125 Lucano
1840 3075 1892 3124 l'uit
1913 3075 2045 3128 Ecclesia.

1638 3161 1686 3212 vn
1705 3164 1824 3231 prudeus
1844 3181 1875 3216 sc
1896 3165 2046 3217 catholicus
2067 3166 2093 3217 in
2115 3165 2221 3218 Christo
2242 3168 2293 3218 fide
2314 3167 2438 3220 fervidus

1638 3251 1745 3319 Carpsit
1766 3269 1799 3304 ex
1820 3259 1875 3304 toto
1896 3253 2036 3306 Cenouum
2058 3256 2167 3306 Petrum
2189 3261 2343 3308 sanctorum
2359 3275 2472 3326 corpore

1639 3343 1755 3394 Utiliora
1774 3344 1906 3413 colligens
1926 3345 2038 3412 proficui
2058 3348 2097 3410 (l)
2118 3351 2240 3398 nostrum
2259 3347 2406 3415 providens

1639 3432 1672 3484 Et
1692 3433 1724 3484 de
1745 3433 1833 3484 causis
1853 3434 1977 3486 omnibus
1997 3435 2048 3486 sibi
2067 3436 2291 3487 conuenientibus

1638 3523 1763 3591 Singulos
1783 3526 1934 3592 composuit
1954 3525 1980 3576 in
2001 3525 2051 3576 boe
2071 3527 2208 3579 volumine
2228 3527 2345 3578 codices.

1658 3667 1905 3732 Praemittuutur
1920 3667 2028 3732 deiude
2043 3673 2169 3732 uoirsiua
2187 3692 2383 3734 rmnouorum
2396 3694 2475 3756 prou·

1593 3776 1708 3858 tificum
1723 3799 1743 3840 α
1763 3775 1845 3840 liutto
1867 3775 1957 3839 Petro
1978 3778 2224 3860 apostolumque
2245 3779 2288 3842 ud
2314 3777 2475 3844 Isclumum

1592 3919 1635 3930 -
1652 3885 1781 3947 natione
1805 3883 2026 3968 francigenam
2046 3905 2087 3947 es
2108 3891 2199 3970 patre
2222 3885 2342 3950 Milone
2359 3887 2401 3951 de
2420 3909 2475 3974 op·

1590 3992 1665 4077 pido
1690 3993 1885 4074 Oustiliouis,
1910 3991 1962 4077 qui
1988 3992 2053 4056 sed.
2072 4015 2173 4058 annos
2189 3994 2249 4058 XI.
2271 4017 2398 4058 aienses
2417 3996 2475 4060 IV.

1590 4099 1657 4164 dies
1680 4100 1753 4164 XV.
1779 4100 1897 4164 -ubi
1929 4103 2017 4164 etiam
2049 4103 2201 4164 seosinuliu
2233 4105 2475 4186 interseruntur,

1586 4231 1663 4294 pesae
1678 4209 1720 4271 cul
1734 4208 1892 4272 historiam
1908 4210 2132 4272 ecclesiasticum
2143 4213 2308 4292 pertinent.
2325 4210 2410 4274 Bina
2427 4213 2475 4276 Iu'c

1590 4315 1754 4380 exscribam
1779 4317 1914 4400 erempla
1937 4319 2108 4400 speciminis
2130 4317 2206 4380 luico:

1653 4423 1827 4487 Zacharias
1851 4445 1953 4487 anuos
1976 4423 2018 4487 X.
2043 4446 2168 4488 aienses
2192 4425 2251 4488 IV.
2272 4426 2339 4488 dies
2364 4426 2465 4490 XIII.

1651 4531 1714 4594 Hic
1739 4531 1921 4596 franeorum
1947 4553 2056 4616 regem
2080 4532 2247 4614 Karolum,
2266 4533 2401 4596 tratrem
2419 4535 2474 4598 Pi-

1589 4639 1667 4724 piui,
1689 4639 1763 4702 fecit
1788 4639 1939 4703 clericum
1962 4647 1994 4703 et
2017 4640 2103 4702 misit
2128 4661 2201 4703 eum
2225 4641 2256 4704 in
2287 4641 2476 4705 cesssinense

1590 4747 1819 4810 monasterium
1843 4747 1913 4810 fieri
1936 4747 2137 4810 monachum.
2164 4747 2223 4811 Oui
2243 4749 2340 4812 etiam
2359 4771 2475 4813 aronn-

1589 4855 1686 4917 sterio
1710 4854 1794 4918 dona
1819 4854 1957 4940 plurima
1989 4877 2060 4918 cum
2089 4854 2259 4940 privilegi0
2292 4857 2474 4942 apostolice

1590 4959 1682 5024 Sedis
1706 4962 1850 5025 eontulit.
1868 4961 1932 5025 Hic
1948 4962 1988 5026 ob
2006 4962 2244 5027 infestationem
2259 4964 2404 5046 Aistulli,
2424 4987 2474 5028 re·

1589 5069 1638 5154 gis
1673 5068 1956 5154 longobardorum,
1984 5091 2122 5154 pergens
2155 5071 2337 5152 Franciam,
2377 5075 2476 5136 srsrxit

1587 5177 1749 5262 Pipinum,
1767 5177 1899 5241 fratrem
1918 5178 2026 5242 Caroli
2042 5180 2137 5264 regis,
2155 5187 2187 5243 et
2204 5179 2283 5244 duos
2300 5181 2384 5242 filios
2403 5183 2478 5264 ejus

1588 5285 1621 5348 iu
1645 5307 1738 5370 reges
1761 5284 1954 5349 francorum.
1972 5286 2036 5360 Qui
2051 5308 2109 5350 res
2126 5287 2221 5350 simul
2238 5289 2371 5350 veniens
2399 5310 2476 5352 eum

1589 5414 1628 5456 eo
1652 5392 1790 5469 Italiam,
1809 5393 1941 5456 abstulit
1963 5393 2154 5458 Ravennam
2178 5402 2210 5457 et
2233 5393 2307 5457 XX.
2328 5395 2413 5458 alias
2432 5396 2478 5458 ci·

1552 5489 1556 5494 ’
1590 5501 1705 5563 vitates
1729 5500 1832 5562 eidem
1849 5500 2033 5586 Aistulpbo,
2051 5509 2083 5563 et
2106 5500 2166 5565 sisb
2188 5503 2260 5584 jure
2286 5504 2391 5566 salicti
2411 5503 2477 5566 Pe·

1849 5750 1950 5819 Incipit
1969 5750 2031 5802 hine
2052 5749 2170 5802 feliciter

1849 5841 1931 5892 Istius
1950 5841 2012 5891 libri
2031 5841 2124 5905 series,

1849 5930 1936 5991 Quem
1956 5935 2067 5982 sanetus
2087 5945 2120 5982 ex
2141 5930 2222 5982 Italis

1848 6021 1994 6072 Anselmus
2014 6021 2149 6090 quondam
2170 6020 2296 6073 Pontifex

1847 6111 1958 6163 Lucane
1978 6111 2029 6162 tuit
2048 6111 2171 6162 Ecclesie

1847 6203 1897 6255 Vir
1915 6203 2043 6272 prudens,
2063 6209 2114 6256 etc.

1650 6389 1688 6451 (4)
1708 6386 1834 6450 Proficui,
1854 6384 1983 6436 mendose
2003 6401 2051 6452 pro
2067 6385 2227 6451 profectum.
