5492 7750
796 590 1027 642 SPEGTANTIA
1054 591 1105 639 AD
1134 587 1389 639 PROFESSORES
1418 587 1523 638 JURIS
1550 585 1683 636 GIVILIS
2095 562 2139 632 Il

330 745 381 809 vel
405 744 563 810 tradenda
587 745 769 810 continetur
793 744 846 808 vel
870 744 1105 826 continebatur,
1129 743 1183 808 vel
1205 743 1434 830 equipolentia.
1460 747 1513 820 (ζ
1526 741 1610 806 Item
1637 740 1719 804 dixit
1750 738 1908 804 contineri
1931 738 1964 802 in
1987 738 2072 803 dicto
2099 746 2146 804 te-

331 859 491 916 stamento
515 851 757 938 infrascriptum
779 853 935 937 legatum,
958 852 992 914 in
1014 851 1100 915 buno
1123 850 1267 915 modum:

419 965 474 1036 (ιζ
485 959 570 1023 Item
593 959 740 1045 relinquo
765 965 927 1024 trecentas
950 959 1050 1022 libras
1072 958 1147 1022 bon.
1172 957 1211 1022 de
1236 979 1333 1022 avere
1355 978 1427 1020 meo
1451 978 1509 1042 pro
1537 957 1621 1020 male
1645 954 1789 1042 quesitis,
1812 954 1953 1038 incertis,
1971 954 2147 1020 seeundum

330 1065 416 1150 quod
448 1066 631 1131 continetur
661 1066 714 1130 vel
737 1065 954 1131 continebitur
976 1065 1010 1128 in
1038 1065 1153 1129 cedula
1183 1064 1260 1128 data
1293 1085 1351 1128 reu
1381 1063 1488 1127 danda
1519 1063 1671 1150 predictis
1702 1063 1796 1127 fratri
1825 1061 1923 1127 Petro
1954 1068 1988 1126 et
2018 1062 2147 1127 domino

330 1171 473 1256 Juliano,
491 1173 622 1259 sigilata
638 1172 745 1258 sigillo
763 1193 844 1256 meo,
858 1172 910 1236 vel
934 1171 1162 1258 equipolentia.
1180 1177 1234 1249 (ιζ
1246 1171 1401 1236 Preterea
1424 1171 1507 1235 dixit
1529 1171 1685 1234 contineri
1708 1171 1741 1234 in
1765 1169 1850 1234 dioto
1873 1191 1931 1233 suo
1955 1175 2147 1234 testamento

330 1279 363 1342 in
388 1280 473 1344 hune
497 1279 645 1344 modum:

418 1393 472 1464 (ιζ
484 1387 569 1452 Item
602 1387 833 1452 Bartholomeo
858 1407 929 1451 meo
954 1387 1063 1472 nepoti
1087 1386 1254 1450 etheredi
1286 1392 1425 1450 tutorem
1448 1392 1481 1449 et
1503 1383 1795 1449 administratorem
1824 1385 1967 1450 omnium
1989 1385 2147 1450 bonorum

330 1515 474 1559 meorum
509 1495 657 1581 relinquo
691 1494 857 1558 dominum
888 1493 1057 1558 Juliannm
1089 1493 1210 1558 domini
1241 1493 1368 1558 Oambii
1398 1491 1581 1578 Graciadey
1612 1492 1652 1557 de
1675 1499 1777 1556 strata
1804 1493 1907 1557 sancti
1928 1492 2057 1557 Vitalis.
2083 1492 2149 1557 Sed

331 1602 485 1687 qnoniam
508 1601 676 1686 usquead
701 1601 826 1665 exitum
857 1600 923 1664 vite
954 1600 1105 1665 recedere
1136 1601 1213 1664 licet
1246 1621 1266 1664 a
1297 1601 1527 1685 cuiuscumque
1556 1600 1631 1686 lege
1652 1599 1765 1664 ultime
1796 1599 1972 1664 voluntatis
1995 1605 2028 1663 ot
2050 1599 2148 1663 etiam

331 1707 488 1794 disponite
519 1707 695 1790 declarare,
721 1715 753 1772 et
782 1713 915 1794 propter
945 1707 1165 1772 conditionum
1196 1714 1229 1771 et
1251 1728 1359 1771 rernm
1383 1727 1550 1772 successus
1573 1706 1688 1771 varios
1704 1713 1852 1793 oporteat
1882 1728 1956 1771 enm
1986 1712 2149 1771 remutare

332 1815 516 1899 consilium3
534 1814 653 1880 idcirco
677 1815 762 1879 idern
786 1815 934 1879 dominus
959 1815 1185 1897 Francischus,
1202 1815 1347 1878 infirmus
1367 1835 1511 1901 corpore,
1535 1835 1634 1878 sanus
1656 1821 1766 1878 tamen
1781 1835 1879 1878 sensu
1895 1821 1927 1878 et
1941 1820 2059 1896 mente,
2076 1835 2148 1900 pre·

331 1930 437 1986 sentes
461 1929 535 2008 post
557 1922 664 2008 ipsum
687 1929 916 1986 testamentum
939 1943 1014 1986 suos
1039 1923 1198 2008 disposuit
1221 1921 1385 1987 codicillos
1408 1923 1441 1986 in
1465 1922 1551 1986 huno
1575 1921 1716 2004 modum,
1734 1922 1767 1986 in
1789 1921 1906 2007 quibus
1929 1921 2068 2007 quedam
2090 1941 2149 2006 per

332 2050 407 2094 eum
430 2029 587 2115 disposita
615 2028 794 2094 declaravit
817 2038 849 2094 et
872 2029 1012 2115 quedam
1034 2029 1100 2093 alia
1123 2029 1235 2093 adidit.
1253 2036 1306 2107 (s
1318 2030 1429 2094 Primo
1446 2029 1576 2115 quidem
1592 2030 1713 2094 dictum
1728 2029 1872 2115 legatum
1889 2029 1976 2092 mille
1992 2028 2148 2092 librarum

329 2137 573 2202 bononenorum
597 2137 631 2199 in
653 2136 740 2201 diota
767 2137 837 2221 ojus
860 2136 975 2200 ultima
1004 2137 1170 2202 voluntate
1195 2137 1429 2223 conscriptum,
1454 2158 1518 2201 non
1547 2136 1694 2202 obstante
1718 2135 1866 2222 eoquod
1897 2135 1980 2199 dixit
2006 2135 2148 2199 indicto

331 2265 390 2307 suo
413 2249 618 2326 testamento,
644 2243 730 2324 quod
753 2242 909 2307 deberent
933 2243 1082 2307 distribui
1106 2243 1283 2308 secundum
1306 2243 1392 2328 qnod
1416 2244 1449 2306 in
1473 2243 1612 2340 quadam
1635 2243 1750 2308 cedula
1773 2243 1903 2329 sigilata
1919 2243 2014 2328 sigilo
2030 2244 2101 2326 ejus
2117 2249 2150 2306 et

206 2387 208 2390 ·
331 2351 461 2433 tradita,
479 2371 537 2414 seu
553 2350 710 2415 tradenda
734 2348 911 2437 predictils]
937 2349 1031 2414 fratri
1053 2351 1152 2415 Petro
1176 2358 1209 2415 et
1232 2351 1361 2415 domino
1385 2351 1517 2417 Iuliano
1540 2357 1637 2438 prout
1659 2351 1692 2416 in
1715 2351 1800 2416 dloto
1824 2351 1932 2436 legato
1956 2351 2148 2432 continetur,
2209 2425 2213 2430 Ι

331 2457 415 2544 quod
440 2457 586 2540 verbum,
613 2457 699 2543 quod
721 2457 849 2521 dixerat
864 2457 904 2521 de
929 2457 1044 2522 cedula
1067 2458 1222 2544 predicta,
1247 2457 1333 2543 qnod
1356 2457 1511 2522 deberent
1533 2458 1683 2522 distribui
1706 2457 1882 2522 secundum
1905 2458 1991 2543 qnod
2014 2458 2047 2521 in
2063 2456 2149 2522 dicta

331 2565 447 2630 cedula
471 2565 653 2628 continetur
675 2565 728 2628 vel
753 2563 979 2648 continebitur,
997 2585 1142 2669 esprespe
1165 2565 1331 2629 revocavit
1352 2585 1411 2651 per
1428 2571 1594 2650 presentes
1611 2565 1789 2647 codicillos,
1807 2571 1839 2628 et
1854 2564 2020 2628 declarare
2036 2564 2148 2628 volens

334 2672 473 2736 formam
495 2671 643 2737 solvendi
665 2671 768 2735 dictas
791 2671 879 2735 mille
896 2671 995 2735 libras
1018 2671 1262 2736 bononenorum
1278 2693 1336 2758 pro
1353 2673 1424 2756 ejus
1443 2671 1552 2735 anima
1575 2672 1608 2735 in
1624 2671 1709 2736 dicto
1726 2693 1784 2736 suo
1800 2676 1993 2736 testamento
2010 2671 2150 2753 relictas,

332 2785 364 2844 et
388 2779 504 2865 quibus
529 2786 560 2843 et
583 2800 642 2865 per
665 2801 745 2864 quas
770 2786 878 2865 parte's
902 2778 1080 2843 declaravit
1103 2787 1135 2843 et
1159 2779 1317 2866 disposuit
1340 2779 1423 2844 solvi
1448 2779 1480 2843 in
1503 2779 1589 2844 huno
1614 2779 1765 2844 modum:

425 2893 478 2964 (ιζ
490 2888 531 2952 In
554 2887 665 2974 prImis
690 2887 819 2973 quidem
843 2887 945 2951 voluit
968 2894 1000 2951 et
1031 2887 1198 2951 mandavit
1221 2887 1303 2951 solvi
1327 2894 1359 2951 et
1383 2887 1454 2950 dari
1476 2887 1594 2952 debere
1617 2909 1675 2973 pro
1692 2888 1800 2950 anima
1817 2909 1875 2951 sua
1891 2887 1930 2952 de
1955 2888 2048 2951 dictis
2064 2887 2152 2951 mille

333 2993 424 3058 libris
447 2995 692 3059 bononenorum
714 2994 777 3058 filis
802 2993 955 3058 (landulfi
971 2995 1010 3059 de
1028 2993 1316 3080 Scareobaglaxini
1332 2995 1382 3059 sui
1406 2993 1520 3058 famuli
1536 2995 1648 3059 decem
1664 2994 1764 3058 libras
1779 2994 2023 3059 bononenorum
2039 2994 2153 3059 dandis

333 3101 453 3166 eisdem
478 3101 512 3164 in
535 3101 661 3166 duobus
685 3103 778 3165 annis
801 3101 835 3166 in
858 3102 1030 3166 furmento.
1055 3108 1108 3179 (ἵ
1121 3102 1206 3166 Item
1236 3101 1311 3164 filiis
1333 3102 1517 3187 Paparonis
1539 3101 1657 3186 viginti
1679 3102 1779 3166 libras
1802 3102 2056 3184 bononenorum,
2073 3123 2154 3187 quas

332 3209 414 3274 solvi
441 3208 540 3273 voluit
562 3209 684 3273 eisdem
707 3209 740 3272 in
764 3209 888 3273 duobus
913 3209 1005 3272 annis
1030 3209 1062 3273 in
1087 3209 1248 3273 frumento
1272 3216 1304 3274 et
1320 3209 1405 3273 vino.
1424 3215 1477 3286 (ιζ
1491 3208 1573 3273 Item
1589 3209 1684 3274 uxori
1701 3208 1906 3274 Oavalcantis
1921 3209 2038 3294 viginti
2053 3209 2153 3273 libras

334 3316 588 3399 bononenorum,
614 3337 694 3401 quas
723 3316 806 3380 solvi
837 3316 939 3380 voluit
970 3316 1074 3380 eidem
1105 3316 1139 3378 in
1170 3316 1296 3379 dnobus
1324 3316 1418 3380 annis
1441 3317 1474 3379 in
1498 3315 1660 3380 frumento
1685 3322 1717 3379 et
1740 3315 1826 3380 vino.
1852 3323 1905 3392 (ιζ’
1918 3315 2002 3380 Item
2025 3315 2154 3380 domine

334 3423 554 3503 Lambertine,
579 3422 696 3487 nutrici
720 3423 797 3488 olim
828 3421 993 3487 Castelani
1019 3423 1070 3487 sui
1091 3423 1160 3506 filii,
1188 3430 1259 3487 octo
1283 3424 1383 3488 libras
1406 3423 1607 3488 bononerum
1630 3422 1867 3509 compensando
1896 3422 1929 3487 id
1959 3423 2045 3509 quod
2071 3445 2170 3502 uror¹

336 3531 412 3596 olim
435 3530 537 3617 ipsius
561 3529 682 3594 domini
705 3529 894 3594 Francisobi
918 3530 1022 3594 eidem
1045 3529 1194 3616 reliquid.
1219 3537 1272 3607 (Π
1286 3529 1370 3594 Item
1385 3530 1484 3595 Petro
1500 3530 1634 3594 Ferenti
1657 3530 1769 3594 decem
1784 3529 1884 3594 libras
1900 3530 2153 3614 bononenorum,

333 3659 414 3725 quas
438 3660 512 3703 eum
535 3638 656 3702 habere
680 3637 783 3702 voluit
806 3638 839 3700 in
870 3637 1032 3702 furmento
1063 3645 1095 3702 et
1118 3639 1204 3703 vino.
1237 3645 1291 3716 (ζ’
1303 3638 1387 3703 Item
1415 3637 1566 3724 hospitali
1589 3637 1691 3702 Beata
1716 3637 1818 3703 Mario
1842 3637 1882 3702 de
1908 3637 2000 3703 Senis
2023 3639 2153 3724 viginti·

333 3747 474 3834 quinque
498 3746 599 3811 libras
623 3745 877 3810 bononenorum.
903 3752 956 3822 (ιῖ
970 3743 1054 3810 Item
1077 3746 1231 3832 hospitali
1254 3747 1358 3810 sancti
1382 3745 1457 3810 Gali
1481 3744 1520 3809 de
1551 3744 1749 3828 F[l]orentia
1778 3745 1890 3810 decem
1919 3745 2020 3810 libres
2051 3746 2151 3811 bono·

334 3875 501 3919 nenorum.
527 3857 581 3930 (ιῖ
593 3852 678 3916 Item
699 3852 853 3939 hospitali
876 3853 975 3917 stanti
1000 3853 1032 3916 in
1057 3853 1185 3938 alpibus
1208 3853 1248 3917 de
1271 3853 1438 3917 Florentia
1460 3852 1577 3938 viginti
1600 3853 1708 3918 soldos
1723 3852 1977 3917 bononenorum.
2002 3860 2055 3931 (ιζ
2068 3853 2152 3918 Item

331 3961 486 4048 hospitali
514 3961 614 4024 stanti
629 3961 663 4024 in
690 3959 818 4046 alpibus
842 3961 959 4024 montis
983 3961 1086 4024 sancti
1110 3960 1269 4024 Bernerdi
1293 3959 1405 4024 decem
1427 3960 1527 4025 libras
1551 3960 1805 4024 bononenorum.
1828 3966 1883 4037 (ιζ
1895 3960 1979 4025 Item
2001 3961 2156 4047 hospitali

335 4069 460 4134 Domus
484 4068 546 4150 dei,
573 4089 635 4153 qua
659 4073 708 4132 est
730 4066 884 4132 Parixins
908 4068 993 4131 iusta
1016 4066 1147 4132 domum
1171 4073 1278 4132 nostre
1302 4067 1453 4148 Domine,
1470 4067 1581 4132 decem
1604 4066 1705 4131 libras
1728 4067 1982 4132 bononenorum.
2006 4075 2059 4145 (ιζ
2072 4067 2156 4133 Item
2182 4089 2185 4096 ’

334 4176 488 4263 hospitali
519 4174 623 4240 sancti
655 4173 814 4258 Anthonij
846 4174 886 4239 de
917 4175 1047 4238 Vienna
1078 4175 1183 4261 posito
1214 4175 1247 4238 in
1278 4174 1470 4260 Burgundia
1502 4175 1738 4260 quinquaginta
1768 4174 1868 4239 libras
1901 4175 2154 4240 bononenorum.

335 4291 388 4361 (Π
401 4283 485 4348 Item
508 4280 663 4368 hospitali
687 4281 793 4367 posito
818 4283 850 4346 in
874 4281 996 4366 Anglia
1019 4281 1106 4345 ultra
1129 4281 1351 4364 Cantauriam,
1368 4281 1401 4346 in
1422 4282 1511 4346 Villa
1528 4302 1590 4367 qne
1606 4287 1741 4346 vocatur
1757 4280 1878 4368 Ospizi,
1896 4283 2037 4368 quinque
2057 4283 2156 4348 libras

332 4391 587 4456 bononenorum.
612 4394 665 4466 (ι’
679 4388 763 4452 Item
789 4389 942 4474 hospitali
965 4389 1070 4475 posito
1094 4388 1127 4452 in
1148 4388 1271 4475 Anglia
1294 4389 1328 4452 in
1350 4387 1540 4472 Londonijs,
1558 4388 1650 4474 quasi
1671 4389 1704 4452 in
1720 4389 1853 4454 introitu
1871 4389 2010 4454 civitatis
2027 4390 2155 4474 quando

334 4499 462 4563 venitur
486 4497 526 4561 de
550 4496 691 4560 Francia
714 4502 747 4560 et
770 4496 833 4559 itur
857 4496 890 4559 in
916 4495 1048 4581 Anglia,
1067 4496 1208 4582 quinque
1223 4495 1323 4560 libras
1338 4495 1594 4562 bononenorum.
1606 4503 1658 4573 (ἵ
1668 4497 1751 4560 Item
1767 4496 1921 4582 hospitali
1936 4497 2003 4561 sive
2020 4498 2155 4581 Domus,

333 4628 395 4692 que
424 4611 560 4670 vocatur
591 4610 723 4668 sanetus
755 4603 906 4667 Tlromax
937 4603 975 4668 de
999 4602 1089 4686 Acri,
1110 4605 1216 4690 posito
1240 4603 1272 4666 in
1296 4603 1419 4688 Anglia
1443 4604 1475 4666 iu
1500 4604 1630 4668 civitate
1653 4604 1831 4668 Londoniis
1858 4605 2062 4669 incontrato
2094 4627 2156 4691 que

337 4713 455 4778 dicitur
487 4713 644 4796 Guazapa
675 4710 912 4796 quinquaginta
943 4710 1043 4774 libras
1078 4711 1331 4775 bononenorum.
1363 4718 1416 4787 (ιζ’
1426 4711 1509 4775 Item
1541 4711 1693 4797 hospitali
1725 4712 1830 4798 posito
1862 4733 1934 4776 eum
1965 4713 2094 4776 venitur
2116 4713 2156 4777 de

335 4819 511 4884 Alamania
534 4839 648 4882 versus
673 4816 904 4881 Lombardiam
922 4817 956 4880 in
971 4823 1079 4882 monte
1097 4817 1201 4882 sancti
1217 4815 1356 4880 Gutardi
1372 4818 1589 4903 quadraginta
1605 4817 1712 4881 soldos
1728 4817 1981 4882 bononenorum.
2006 4826 2059 4895 (Π
2072 4818 2157 4884 Item

334 4927 520 5012 Malgarite,
539 4925 657 4989 nutrici
672 4924 905 5011 Bartholomcy
922 4925 973 4988 sni
995 4924 1134 5010 nepotis,
1158 4925 1244 4988 ultra
1268 4925 1422 4988 salarium
1446 4925 1530 5010 quod
1546 4924 1667 4989 habere
1685 4924 1790 5007 debet,
1814 4947 1874 4989 sex
1889 4924 1989 4989 libras
2013 4926 2155 4992 bonone·

336 5055 462 5099 norum.
487 5038 540 5111 (ι’
551 5032 635 5096 Item
651 5031 780 5096 domine
797 5031 956 5096 Ghisiline
973 5032 1069 5097 uxori
1084 5032 1246 5118 quondam
1266 5031 1387 5096 domini
1402 5031 1611 5116 Bonacnrxii,
1629 5032 1771 5118 quinque
1787 5032 1887 5096 libras
1902 5032 2155 5100 bononenorum.

336 5140 421 5206 Item
436 5139 619 5204 Ricbildine
637 5138 789 5202 servienti
806 5139 889 5202 dicte
907 5139 1034 5203 domine
1052 5138 1222 5221 Ghisilino,
1236 5139 1452 5224 quadraginta
1468 5139 1576 5204 soldos
1592 5139 1845 5203 bononenorum.
1862 5147 1915 5217 (ιζ
1928 5139 2011 5204 Item
2027 5141 2156 5206 domine

335 5247 510 5334 Pelegrine
544 5245 609 5310 filie
634 5246 756 5310 domini
779 5246 864 5310 Novi
887 5246 1041 5332 Rainery,
1066 5247 1118 5311 vel
1142 5231 1212 5330 ejus
1236 5247 1300 5310 filie
1332 5246 1477 5310 nundum
1513 5253 1630 5333 nepte,
1654 5267 1727 5311 cnm
1750 5246 1850 5311 nubet
1882 5246 1935 5310 vel
1966 5248 2157 5334 religionem

337 5377 395 5420 seu
418 5353 649 5419 monasterium
670 5353 813 5436 intrabit,
830 5353 945 5439 viginti
968 5353 1068 5418 libras
1092 5353 1345 5418 bononenorum.
1369 5361 1423 5430 (ζ’
1435 5353 1519 5418 Item
1543 5352 1697 5418 fratribus
1720 5359 1752 5417 et
1775 5355 1948 5418 conventui
1964 5355 2100 5420 fratrum
2116 5356 2156 5421 de

218 5461 223 5472 ’
337 5462 448 5528 Servis
484 5460 602 5527 Sancte
635 5459 739 5525 Maria
764 5461 998 5524 comorantium
1032 5460 1198 5544 Bononio,
1221 5483 1281 5548 pro
1315 5461 1477 5526 laborario
1500 5461 1613 5526 domus
1637 5461 1753 5546 viginti
1776 5461 1876 5526 libras
1904 5463 2157 5530 bononenorum.

337 5576 391 5648 (ιζ’
402 5570 487 5634 Item
510 5568 613 5632 voluit
636 5575 668 5631 et
692 5568 858 5632 mandavit
881 5567 968 5654 quod
1002 5569 1089 5632 omni
1116 5590 1200 5634 anno
1226 5591 1328 5655 usque
1358 5569 1399 5633 ad
1428 5569 1676 5656 quadriennium
1706 5569 1882 5634 induantur
1914 5576 2042 5634 centurn
2077 5593 2157 5658 pau-

337 5697 441 5763 peres,
466 5675 571 5740 silicet
595 5675 854 5762 vigintiquinque
878 5697 936 5762 pro
963 5676 1107 5762 quolibet
1130 5678 1303 5762 quarterio,
1327 5675 1558 5762 espenlden]do
1583 5684 1615 5741 et
1638 5676 1744 5741 dando
1768 5677 1800 5740 in
1825 5677 1968 5742 vestibus
1985 5679 2158 5761 cujuslibet

337 5783 489 5870 pauperis
514 5781 630 5868 viginti
653 5782 761 5847 soldos
784 5783 1039 5848 bononenorum.
1066 5789 1119 5861 (ιζ’
1129 5783 1213 5847 Item
1236 5783 1345 5847 domui
1368 5783 1567 5848 misellorum
1598 5783 1638 5847 de
1660 5783 1787 5848 Mutius
1811 5784 2027 5870 quadraginta
2050 5786 2158 5850 soldos

337 5891 592 5956 bononenorum.
617 5895 670 5966 (ιζ
682 5889 778 5974 Item,
802 5911 860 5976 pro
895 5890 1118 5955 anniversario
1142 5913 1200 5955 auo
1225 5890 1384 5973 faciendo,
1409 5890 1563 5955 fratribus
1587 5891 1765 5955 minoribus
1795 5891 1835 5955 de
1870 5890 2019 5955 Bononia
2042 5893 2159 5977 viginti

338 5999 480 6084 quinque
504 5997 604 6060 libras
627 5996 881 6080 bononenorum,
906 5997 940 6060 in
964 5998 1081 6083 quibus
1104 6004 1308 6084 computetur
1330 5999 1423 6084 panis
1447 6006 1479 6062 et
1501 5998 1613 6062 vinum
1635 5998 1675 6062 de
1698 6019 1756 6062 suo
1780 5998 1897 6062 dando.
1922 6006 1975 6076 (ιζ
1986 5999 2070 6062 Item
2086 6021 2156 6064 car·

338 6105 455 6170 ceratis
481 6104 520 6168 de
545 6125 675 6168 camara
699 6105 857 6191 superiori
890 6111 922 6168 et
952 6105 992 6169 de
1024 6105 1120 6168 Turri
1151 6106 1191 6170 de
1215 6106 1328 6170 subtus
1353 6105 1538 6170 Communis
1561 6105 1708 6170 Bononio
1731 6125 1833 6191 usqne
1858 6105 1899 6169 ad
1922 6105 2033 6170 decem
2057 6129 2158 6171 annos

338 6212 426 6278 omni
460 6232 556 6293 anno,
581 6211 737 6277 solvendo
772 6211 1012 6297 particulariter
1043 6213 1129 6276 omni
1153 6233 1238 6277 anno
1262 6212 1373 6276 decem
1396 6212 1509 6277 corbes
1533 6212 1687 6276 furmenti
1710 6213 1743 6276 in
1766 6233 1851 6299 pane
1883 6219 1914 6276 et
1945 6213 2057 6277 docem
2080 6215 2157 6278 vini.

339 6325 392 6396 (ιζ
402 6319 486 6382 Item
510 6318 723 6404 infrascriptis
752 6318 907 6382 fratribus
943 6319 1063 6383 ordinis
1094 6319 1340 6384 Prediootornm
1371 6320 1410 6384 de
1434 6319 1593 6402 Bononia,
1617 6319 1769 6383 videlicet
1792 6319 1886 6385 fratri
1916 6319 2095 6384 Bertboldo
2119 6320 2158 6385 de

337 6425 471 6508 Ferara,
488 6424 588 6512 priori
611 6425 769 6491 dictorum
794 6425 931 6489 fratrum
953 6426 1192 6512 predicatorum
1215 6425 1255 6490 de
1278 6425 1437 6510 Bononia,
1455 6432 1508 6504 (Π
1521 6425 1615 6490 fratri
1639 6425 1764 6491 Simoni
1787 6427 1826 6491 de
1850 6427 1969 6491 Fracta
1994 6427 2160 6512 Superiori
