5490 7750
789 648 1020 700 sasoranrm
1048 651 1099 700 nn
1129 650 1383 702 raornssonss
1412 652 1518 702 roais
1547 649 1680 701 crvrnrs
2070 633 2142 704 147

325 803 500 900 redirent,
531 811 568 878 at
595 813 784 903 postquam
812 806 988 880 intellexit
1016 806 1103 881 nihil
1130 807 1300 905 proficere
1330 833 1444 906 possa,
1465 810 1507 881 de
1537 810 1698 882 omnibus
1727 811 1915 884 certiorem
1943 810 2028 882 lecit
2047 834 2142 883 sum-

325 952 422 999 mum
450 929 670 1025 Pontificem,
692 931 764 1027 qui,
784 939 973 1028 expectato
1003 931 1100 1029 prius
1128 933 1285 1004 adventu
1315 933 1515 1007 medietatis
1544 935 1847 1030 quadragesimae,
1869 935 2062 1032 promissae
2087 959 2144 1006 ra-

326 1052 527 1127 tificationis
555 1055 717 1150 terminu,
740 1080 782 1128 ac
810 1055 957 1129 ulterius
987 1055 1064 1130 aliis
1091 1056 1251 1154 pluribus
1278 1058 1457 1130 mensibus
1483 1060 1684 1154 transactis,
1706 1061 1849 1132 tandem
1869 1067 2049 1157 comperto
2068 1066 2144 1130 tum

325 1179 420 1274 quod
448 1177 638 1254 Thadaeus
667 1205 731 1277 pro
760 1179 1021 1255 Conservatore
1050 1182 1205 1254 civitatis
1233 1207 1270 1256 se
1298 1191 1440 1278 gereret
1466 1192 1542 1257 tum
1568 1185 1661 1280 quod
1681 1209 1801 1258 omnes
1824 1185 1884 1258 alii
1912 1183 2080 1257 officiales
2109 1183 2145 1256 in

325 1327 446 1377 eorum
485 1304 599 1378 officio
637 1307 906 1402 continuarent,
936 1315 1013 1379 tum
1050 1307 1190 1380 demum
1219 1310 1314 1405 quod
1343 1309 1505 1404 magistri
1533 1309 1732 1383 scholarum
1762 1311 1975 1405 edocebant,
2006 1307 2144 1382 schola-

324 1453 451 1526 resque
480 1431 683 1526 audiebant,
714 1433 850 1528 ajentes
879 1433 973 1528 quod
1001 1432 1128 1506 saltem
1156 1435 1192 1505 in
1220 1435 1397 1508 suburbiis
1426 1435 1544 1508 studia
1571 1435 1648 1508 fieri
1676 1444 1832 1533 possent,
1858 1436 2041 1533 completis
2069 1460 2144 1508 mo·

323 1555 546 1630 nitorialibus
575 1557 737 1630 omnibus
765 1558 937 1653 terminis,
957 1557 994 1630 in
1013 1558 1080 1630 hac
1109 1559 1303 1656 apostolica
1332 1559 1483 1658 epistola
1511 1561 1669 1634 decrevit
1698 1561 1905 1634 Thadaeum
1933 1586 1955 1634 a
1983 1559 2079 1633 nullo
2107 1561 2145 1634 in

324 1679 621 1754 Conservatorem
642 1682 796 1756 civitatis
811 1682 993 1756 Bononiae
1013 1685 1229 1779 recognosci,
1245 1709 1287 1757 ao
1307 1686 1468 1758 eamdem
1489 1685 1669 1758 civitatem
1690 1686 1880 1782 beneficiis,
1898 1685 2024 1780 feudis,
2041 1710 2143 1783 prae·

323 1807 494 1902 rogativis
523 1831 565 1879 ac
594 1807 718 1880 Studio
746 1806 904 1902 generali
932 1809 1108 1905 privatam
1139 1808 1299 1904 intelligi,
1329 1817 1364 1882 et
1393 1811 1526 1882 dictum
1554 1810 1779 1906 Thadaeum,
1805 1819 1978 1907 quatenus
2007 1811 2043 1882 in
2072 1823 2143 1883 ter·

324 1933 418 2004 mino
446 1931 596 2005 aliorum
625 1933 732 2005 trium
751 1935 925 2006 mensium
944 1959 1014 2006 non
1033 1935 1269 2032 resipisceret,
1290 1936 1491 2008 durioribus
1511 1937 1633 2033 poenis
1653 1937 1728 2010 sore
1749 1937 1963 2009 vexandum.
1986 1935 2144 2024 Quorum

324 2057 480 2129 omnium
508 2058 651 2153 eisdam,
682 2058 725 2130 de
755 2059 881 2155 quibus
909 2059 946 2131 in
974 2059 1077 2132 titulo
1105 2059 1210 2155 hujus
1238 2085 1439 2157 processus,
1470 2061 1744 2158 publicationem
1775 2061 1977 2134 demandat.
2008 2061 2141 2134 Datum

324 2183 503 2255 Areuioni
531 2183 596 2256 VI.
626 2183 697 2256 kal.
727 2185 949 2280 septembris,
980 2209 1073 2260 anuo
1103 2186 1226 2281 quinto
1243 2183 1294 2258 (¹).

431 2310 662 2382 Postmodum
691 2310 885 2383 instructus
912 2310 980 2382 luit
1009 2311 1100 2383 alter
1128 2320 1252 2384 contra
1278 2311 1521 2385 Bononienses
1546 2337 1743 2408 processus,
1765 2313 1824 2408 qui
1843 2313 2001 2385 continet
2026 2313 2143 2384 omnia

323 2459 413 2530 quae
442 2435 613 2529 magister
641 2433 759 2530 Guigc
789 2435 831 2506 de
865 2435 995 2508 Sancto
1033 2435 1234 2527 Germano,
1264 2435 1479 2533 apostolicae
1518 2437 1617 2510 Sedis
1653 2437 1833 2530 Nunnius,
1864 2444 1986 2532 egerat
2022 2437 2057 2508 in
2094 2436 2142 2508 ci-

322 2560 434 2633 vitate
471 2560 653 2634 Bononiae
692 2569 728 2633 et
765 2585 855 2656 quae
885 2561 999 2633 eidem
1033 2562 1257 2656 contigerant
1291 2563 1429 2656 agendo
1467 2561 1510 2634 de
1548 2562 1831 2634 reconciliatione
1857 2562 1964 2658 juxta
1992 2561 2142 2634 formam

323 2685 519 2784 primarum
545 2685 729 2758 literarum
757 2711 837 2758 cum
866 2685 1129 2759 Communitate
1159 2695 1195 2759 et
1223 2686 1352 2784 populo
1382 2688 1536 2759 civitatis
1566 2695 1601 2760 et
1629 2687 1810 2760 districtus
1838 2687 2075 2780 bononiensis,
2102 2709 2143 2757 ac

323 2835 403 2884 curn
432 2811 601 2884 Thadaeo
631 2811 673 2883 de
707 2811 852 2908 Pepulis
888 2819 924 2883 et
961 2812 1239 2908 quibuscumque
1274 2812 1351 2884 aliis
1387 2813 1559 2910 personis,
1590 2812 1896 2900 Quemadmodum
1933 2836 2017 2884 vero
2055 2810 2144 2882 haec

322 2935 445 3032 legalis
474 2937 599 3009 relatio
628 2937 785 3009 continet
814 2945 979 3008 exactum
1009 2937 1170 3032 diarium,
1192 2961 1263 3010 non
1291 2939 1354 3009 abs
1382 2962 1420 3009 re
1450 2936 1516 3009 erit
1544 2936 1629 3009 illud
1658 2937 1859 3009 summatim
1889 2937 1946 3008 hic
1974 2936 2142 3008 indicare.

429 3062 502 3136 Sub
539 3085 631 3135 anno
668 3060 1048 3155 MCOOXXXVHL,
1081 3062 1209 3134 XXX.
1240 3062 1468 3159 septembris,
1499 3071 1534 3134 et
1571 3061 1797 3158 pontificatus
1832 3062 2016 3134 Benedicti
2053 3060 2140 3132 XII.

322 3212 415 3260 anno
444 3189 586 3283 quinto,
618 3187 820 3284 praedictus
859 3186 1020 3259 Nuncius
1057 3189 1237 3282 ingressus
1273 3188 1341 3260 luit
1376 3188 1411 3259 in
1440 3188 1622 3259 civitatem
1650 3186 1853 3282 Bononiae,
1884 3212 1926 3260 ac
1954 3188 1990 3259 in
2019 3188 2143 3259 eadem

322 3312 512 3386 honorifice
541 3321 709 3409 acceptus
737 3337 758 3384 a
787 3312 943 3407 civibus,
974 3312 1194 3386 scholaribus
1232 3320 1268 3385 et
1304 3312 1473 3385 Thadaeo
1508 3314 1551 3385 de
1580 3312 1744 3409 Pepulis,
1774 3337 1854 3384 curn
1892 3337 1961 3409 quo
1998 3337 2142 3409 prorsus

322 3439 442 3512 extitit
470 3439 505 3510 in
534 3437 668 3535 palatio
697 3437 903 3510 Communis
931 3438 1086 3510 civitatis
1115 3439 1329 3534 praedictae,
1353 3439 1445 3534 quod
1465 3447 1550 3510 tunc
1579 3439 1624 3511 ab
1653 3439 1777 3510 eodem
1806 3437 1975 3510 Thadaeo
2004 3437 2142 3509 inhabi-

321 3565 478 3637 tabatur.
1229 3561 1232 3568 '

428 3688 495 3761 Die
524 3689 639 3786 prima
661 3688 820 3784 januarii
847 3687 1167 3760 MCOCXXXIX.
1189 3688 1353 3786 exposita
1381 3688 1448 3761 fuit
1477 3689 1521 3761 ab
1550 3688 1675 3761 eodem
1703 3688 1843 3760 Nunnio
1872 3698 1946 3760 tam
1973 3687 2141 3760 Thadaeo

321 3816 364 3888 de
394 3815 537 3912 Pepulis
566 3839 673 3911 quam
700 3814 775 3885 lere
804 3814 1017 3908 sexagiunta
1045 3813 1180 3886 civibus
1209 3815 1262 3886 sui
1291 3815 1466 3887 adventus
1495 3838 1622 3909 causa,
1653 3815 1699 3886 ed
1728 3815 1878 3887 formam
1907 3812 2143 3908 capitulorum

320 3941 357 4013 in
385 3941 507 4038 primis
535 3940 647 4013 literis
675 3938 971 4011 reconciliationis
1001 3940 1507 4036 corrtent01·um;quoandito
1536 3939 1726 4012 Thadaeus
1755 3939 1907 4011 asseruit
1940 3938 2033 4034 quod
2062 3949 2141 4009 eum

315 4067 393 4163 jam
420 4067 495 4164 ipse
524 4066 631 4138 fuerit
660 4065 705 4137 ad
734 4065 845 4136 vitam
874 4064 1007 4136 electus
1036 4064 1275 4137 Conservator
1310 4065 1486 4159 civitatis,
1516 4089 1587 4137 non
1624 4073 1765 4162 poterat
1802 4064 1945 4160 quidem
1979 4062 2141 4160 praelata

323 4192 618 4265 reconciliationis
646 4190 803 4288 capitula
830 4189 1008 4287 amplecti,
1039 4198 1142 4263 utens
1171 4191 1332 4286 sequenti
1362 4191 1475 4263 dicto:
1514 4219 1531 4259 a
1561 4191 1661 4281 Quod
1676 4192 1757 4288 jone
1778 4214 1884 4286 equus
1903 4196 2042 4262 loretum
2061 4195 2142 4260 cate

316 4324 551 4414 processerat,
580 4317 672 4414 quod
700 4341 768 4389 non
796 4322 931 4413 poteret
956 4317 1101 4387 retroire
1129 4341 1164 4410 ›>,
1194 4316 1356 4388 addendo
1385 4315 1534 4388 ulterius
1562 4316 1597 4386 in
1627 4315 1759 4387 eisdem
1794 4314 1905 4387 literis
1939 4313 2141 4410 apostolicis

322 4442 426 4541 plura
453 4443 626 4515 contineri
655 4441 810 4538 capitula
839 4465 928 4538 quac
956 4440 1231 4514 inobservabilis
1260 4442 1515 4538 propemodum
1552 4450 1672 4536 erant,
1703 4441 1796 4512 inter
1824 4465 1914 4536 quae
1943 4440 2010 4512 sibi
2039 4438 2141 4512 valde

322 4567 547 4665 displicebat:
578 4567 607 4640 Ι.
637 4568 673 4638 in
707 4591 927 4663 quocumque
960 4566 1115 4663 capitulo
1152 4567 1276 4639 adesse
1314 4565 1509 4639 clausulam
1537 4567 1667 4661 (quam
1703 4565 1943 4662 serpentinam
1975 4565 2140 4656 vocavit)

321 4694 416 4789 quod
444 4718 570 4790 nempe
598 4692 857 4787 intelligeretur
892 4693 1056 4789 apposita
1093 4717 1208 4789 poena
1242 4691 1495 4764 reincidentiae
1524 4691 1559 4762 in
1589 4715 1672 4763 casu
1707 4690 2008 4762 contraventionis
2037 4690 2140 4762 unius

321 4819 429 4893 etiam
458 4844 503 4892 ex
532 4826 585 4891 tot
614 4818 797 4891 conventis
826 4817 1008 4914 capitulis,
1038 4817 1086 4889 II.
1116 4817 1287 4913 injustum
1316 4841 1392 4889 esse
1417 4815 1611 4913 capitulum
1631 4817 1725 4888 circa
1744 4814 1911 4912 expulsos
1931 4839 1976 4887 ex
1996 4839 2038 4888 eo
2058 4815 2140 4910 quia

312 4945 460 5041 'quotics
488 4944 692 5016 eorumdem
721 4943 970 5015 admitteretur
998 4943 1178 5037 ingressus
1206 4943 1241 5014 in
1275 4941 1439 5036 civitate,
1470 4941 1576 5014 iidem
1603 4941 1780 5012 vindictae
1810 4939 1993 5012 dulcedine
2022 4938 2140 5011 allecti

321 5070 476 5142 nefanda
504 5067 638 5142 seelera
666 5068 948 5164 committerent3
977 5067 1046 5140 HI.
1077 5067 1171 5164 quod
1200 5067 1395 5164 capitulum
1413 5068 1506 5139 circa
1524 5066 1838 5160 reintegrationem
1856 5066 2028 5138 bonorum
2050 5064 2138 5136 Car-

321 5195 447 5268 dinalis
475 5194 623 5289 Legati,
653 5217 734 5266 cunr
762 5192 865 5291 plura
893 5193 1044 5265 fuissent
1071 5193 1116 5265 ab
1145 5193 1269 5264 eodem
1298 5191 1480 5264 Cardinali
1513 5191 1749 5287 oppignorata
1776 5215 1840 5287 pro
1868 5189 1954 5263 MD.
1984 5189 2138 5284 florenis,

321 5320 524 5394 eorumdem
543 5319 721 5391 restitutio
741 5343 811 5391 non
831 5318 973 5413 quidem
992 5317 1244 5391 satisfactionis
1272 5317 1334 5390 sed
1358 5317 1569 5389 extorsiouis
1591 5324 1731 5413 saperet
1752 5324 1935 5410 naturam,
1956 5315 2023 5388 lv.
2046 5314 2139 5410 quod

321 5471 402 5520 cum
433 5445 551 5518 variae
580 5443 760 5516 clausulae
788 5443 824 5515 in
852 5443 984 5515 eisdem
1013 5441 1124 5516 literis
1152 5449 1340 5516 contentae
1370 5441 1533 5538 capitulis
1562 5441 1742 5513 difformes
1762 5447 1891 5535 essent,
1912 5440 1994 5511 hino
2014 5463 2139 5535 seque-

321 5580 420 5644 retur
448 5569 506 5643 rel
532 5570 713 5665 negotium
742 5569 875 5664 absque
904 5569 1109 5641 earumdem
1138 5566 1377 5640 clausularum
1404 5566 1601 5639 irritatione
1630 5564 1799 5662 compleri
1826 5590 1897 5638 non
1924 5589 2048 5662 posse,
2078 5572 2140 5636 aut

322 5697 415 5793 quod
444 5694 570 5768 saltem
599 5695 675 5768 lieri
704 5702 884 5790 oporteret
911 5718 1004 5766 nova
1032 5693 1211 5790 expeditio
1240 5692 1285 5765 ad
1314 5691 1458 5764 Curiam
1487 5692 1532 5763 ad
1561 5691 1628 5764 hoo
1650 5699 1688 5763 ut
1718 5691 1881 5787 praefata
1909 5689 2065 5786 capitula
2084 5713 2139 5760 re-

314 5810 572 5894 'formarentur

429 5948 537 6020 Hisce
567 5947 835 6044 exceptionibus
871 5946 1054 6043 respondit
1081 5944 1243 6017 Nuncius
1279 5945 1372 6042 quod
1408 5969 1487 6017 oum
1517 5945 1562 6017 ad
1591 5953 1725 6018 certam
1763 5967 1907 6017 causam
1943 5943 2140 6014 destinatus

321 6073 451 6169 luerit,
482 6097 552 6146 non
581 6081 721 6170 poterat
750 6073 816 6144 nisi
846 6071 1047 6144 executoris
1075 6071 1226 6166 figuram
1253 6095 1398 6165 gerere,
1429 6078 1464 6143 et
1493 6071 1587 6167 quod
1615 6070 1651 6141 in
1680 6093 1898 6166 consequens
1932 6068 2049 6140 omnia
2078 6090 2141 6165 per

322 6224 381 6272 eos
411 6199 593 6296 proposita
622 6198 763 6296 penitus
793 6198 994 6294 respuebat.
1100 6201 1109 6216 '

402 6484 441 6550 (l)
461 6483 531 6534 Vide
552 6483 609 6534 sub.
629 6499 704 6534 num.
724 6481 824 6548 ΕΠ,
843 6498 866 6535 c.
887 6485 938 6535 108
958 6487 986 6535 et
1002 6499 1077 6552 seqq.
1124 6491 1125 6494 ’
