5544 7750
579 1243 1245 1415 SOHOLARES
1311 1237 1951 1407 ILLUSTRES.

437 1900 611 1968 Elenchum
633 1901 817 1966 scholarium
840 1900 1047 1964 illustriorum
1069 1905 1201 1963 catremo
1224 1898 1286 1962 loco
1302 1897 1451 1962 daturum
1466 1917 1497 1962 se
1506 1897 1650 1981 promisit
1665 1895 1701 1958 cl.
1720 1892 1844 1958 Sumtus
1861 1892 1963 1978 (part.
1980 1891 2009 1956 I.
2018 1942 2027 1976 ,
2044 1899 2114 1957 tom.
2131 1891 2179 1976 I.,

348 2029 419 2094 pap.
436 2008 529 2090 244).
545 2007 700 2072 Eumdem
717 2027 786 2093 erpo
802 2004 935 2072 exhibuit
951 2004 1145 2069 Fattoriaius
1160 2024 1197 2068 ea
1211 2003 1326 2068 schedis
1341 2003 1484 2067 eiusdem.
1501 2001 1628 2067 Horum
1643 2002 1780 2066 omnium
1796 2001 1922 2064 uomina
1937 1998 2040 2063 hausit
2056 1998 2181 2064 Sartius

348 2137 385 2180 ec
408 2115 558 2181 codicibus
584 2113 799 2180 CCCXXIX.
823 2112 1062 2178 Memorialium
1084 2111 1213 2176 Archioi
1235 2112 1364 2176 marioni
1386 2110 1593 2194 bononiensis,
1617 2111 1670 2195 qui
1693 2109 1815 2195 quidem
1838 2108 1967 2191 codices,
1990 2109 2077 2172 initio
2098 2107 2180 2190 facto

350 2223 388 2288 ab
410 2245 494 2288 auno
517 2221 677 2288 MaaLX
683 2222 720 2288 V.
732 2273 742 2307 ,
766 2225 956 2306 immensam,
979 2228 1014 2286 ut
1036 2222 1081 2286 ita
1103 2221 1219 2303 dicam,
1242 2239 1347 2285 eorum
1368 2227 1492 2305 sepetem
1514 2219 1709 2303 suppeditant
1716 2241 1728 2302 ,·
1747 2217 1923 2302 frequentes
1945 2218 2026 2281 enim
2048 2215 2180 2280 aderam

347 2331 497 2396 scholares
519 2329 721 2396 contractibus
743 2330 889 2396 iracundis
911 2329 1041 2414 aliisque
1063 2328 1138 2392 actis
1154 2325 1288 2412 publicis
1309 2333 1467 2411 mmquam
1490 2325 1645 2408 testes,an
1667 2332 1825 2410 tamquam
1847 2331 1971 2389 actores.
1988 2322 2179 2388 Huiusmodi

347 2439 526 2504 collectionis
544 2437 630 2503 labor
645 2445 672 2502 et
687 2438 714 2502 si
728 2457 792 2502 uon
813 2437 1012 2520 accusamus,
1030 2442 1057 2499 et
1073 2453 1261 2520 parnassum
1276 2433 1431 2498 absolutus
1453 2453 1515 2497 nors
1538 2440 1590 2518 est,
1605 2452 1660 2497 suo
1676 2440 1775 2496 tamen
1791 2431 1899 2515 fructu
1915 2450 1977 2495 uon
1993 2437 2075 2496 caret
2082 2455 2094 2515 ,·
2102 2431 2178 2516 plu·

348 2567 397 2610 ros
419 2547 500 2610 asim
524 2547 606 2610 iuter
628 2565 733 2610 eorum
755 2551 926 2629 temporum
948 2542 1098 2606 scholares
1120 2546 1296 2623 occurrunt,
1313 2541 1367 2626 qui
1385 2539 1541 2605 doctrinae
1563 2541 1780 2626 dipuitatisque
1802 2538 1970 2603 celebritate
1990 2545 2180 2622 praestantes

349 2653 517 2718 admodum
547 2659 726 2718 evaserunt:
752 2671 880 2736 cumque
902 2649 995 2714 iidem
1019 2669 1055 2713 ea
1077 2648 1192 2712 dissitis
1218 2649 1372 2734 comaque
1401 2647 1574 2732 ropionibus
1603 2648 1645 2712 ad
1674 2654 1811 2712 nostram
1841 2646 1921 2710 hauc
1948 2644 2180 2710 biniccrsitatcm

351 2761 547 2844 confiscarent,
557 2759 695 2844 profecto
710 2759 755 2822 ael
769 2759 835 2842 ipsa
851 2757 939 2821 uuda
955 2757 1115 2820 ammissum
1137 2755 1230 2820 series
1251 2754 1406 2840 aliquibus
1422 2755 1567 2839 prodesse
1583 2755 1696 2839 poterit
1712 2755 1743 2818 iu
1754 2755 1962 2839 peculiarium
1978 2753 2179 2818 historiarum

341 2867 509 2952 particulis
531 2865 739 2931 illustrandis.
763 2863 817 2928 En
839 2863 1026 2928 scholarium
1047 2863 1157 2927 seriem
1179 2863 1310 2949 suspulis
1331 2863 1424 2926 annis
1445 2861 1554 2926 ordino
1576 2860 1759 2946 alphabetico
1781 2861 1927 2946 dipestam
1941 2859 1990 2924 (¹).

693 3429 887 3498 MGOLXV.

346 3649 434 3735 Mag.
459 3648 586 3712 Alanus
610 3646 649 3712 de
672 3646 806 3711 Pruino.

345 3756 511 3838 Albertus,
535 3753 781 3820 archidiaconus
804 3751 960 3817 liviensis.

346 3863 434 3949 Mag.
458 3862 578 3944 Bedus,
603 3861 776 3926 canonicus
800 3858 1002 3925 coloniensis.

344 3969 387 4035 D.
410 3969 630 4056 Berengarius
659 3968 698 4032 de
728 3967 927 4050 Berberano,
952 3964 1124 4030 canonicus
1155 3965 1229 4030 iler-

453 4077 571 4142 densis.

349 4185 390 4250 D.
414 4184 600 4249 Bernartius
628 4183 667 4248 de
690 4181 863 4268 Fugliano,
887 4179 1060 4246 canonicus
1091 4179 1230 4244 aurelia·

456 4293 574 4357 nensis.

348 4400 390 4466 D.
413 4399 601 4464 Bernartius
620 4397 660 4463 de
679 4396 905 4480 Villamarino,
922 4395 1094 4460 eanonicus
1111 4414 1229 4480 gerun-

455 4507 573 4573 densis.

346 4616 388 4682 D.
413 4615 632 4698 Bonaeursus,
657 4612 830 4678 eanonicus
853 4611 996 4698 pisanus.

348 4724 389 4788 D.
412 4722 568 4788 Bonanus
593 4721 714 4786 domini
733 4719 892 4785 lobannis
914 4717 979 4802 [de]
1004 4716 1231 4783 Crescenzoni·

454 4831 515 4896 bus
540 4829 579 4894 de
601 4828 718 4894 Roma.

346 4938 389 5003 D.
415 4937 588 5003 Corsalvns
610 4935 763 5020 Redoioi,
788 4935 960 5001 canonicus
983 4933 1229 5021 peleusinensis.

346 5044 389 5109 D.
412 5043 521 5109 David
544 5043 681 5109 Jcanuis
704 5042 898 5125 viennensis,
923 5040 1096 5106 canonicus
1118 5038 1230 5104 laude·

453 5150 615 5217 mouensis
639 5157 672 5215 et
694 5149 835 5214 decanus
858 5149 1055 5214 veronensis.

347 5259 435 5346 Mag.
458 5259 549 5324 Elias
572 5257 709 5323 Marcoli
731 5257 894 5344 quondam
916 5255 1038 5322 domini
1060 5254 1206 5320 Roberti.

347 5367 388 5433 D.
411 5367 597 5450 Federicus,
621 5365 794 5430 eanonicus
816 5363 1025 5430 treverensis.

347 5476 389 5542 D.
411 5474 636 5540 Ferdinandus
659 5473 802 5557 Martini,
826 5473 999 5539 canonicus
1022 5469 1227 5537 zamorensis.

346 5584 389 5649 D.
404 5582 596 5648 Fernandus
611 5581 755 5668 Fugerii,
772 5579 992 5646 thesaurarius
1008 5579 1227 5645 calabriensis.

347 5690 389 5756 D.
415 5689 633 5756 Gandisalvns
662 5688 878 5772 Ferdinandi,
902 5686 1118 5774 portionarius
1152 5687 1226 5751 bur-

454 5818 573 5883 gensis.

428 6026 466 6092 (1)
486 6025 547 6078 Hiis
566 6025 729 6094 pracsertim
747 6025 920 6094 adiungenda
939 6027 1003 6076 sunt
1021 6023 1132 6076 nomina
1150 6022 1230 6076 scho-

347 6115 455 6180 larium,
468 6133 539 6185 quae
552 6115 726 6186 reperiuntur
738 6115 765 6167 in
779 6131 875 6184 opere:
889 6114 958 6166 Acta
970 6113 1099 6167 Natiouis
1116 6113 1230 6166 Germa·

347 6206 423 6256 nicae
440 6204 627 6256 Unieersitatis
645 6205 814 6257 boumsiensis
832 6242 839 6257 .
859 6242 865 6256 .
885 6243 892 6256 .
912 6243 919 6256 .
939 6204 1081 6256 ediderunt
1098 6203 1231 6256 Ernestua

348 6293 546 6345 Friedlaeuder
558 6299 581 6346 et
595 6293 710 6346 Carolus
722 6293 863 6360 Malapolo
876 6293 1021 6360 (Baralini,
1034 6293 1106 6363 typis
1119 6292 1152 6346 G.
1165 6293 1231 6347 Rei·

349 6383 426 6448 mari,
438 6381 744 6449 Mnaccnmvn.)
758 6385 785 6435 et
798 6383 826 6435 in
838 6383 922 6436 libro:
940 6382 1107 6450 Monaprafie
1117 6383 1231 6436 mericho

347 6472 417 6525 dello
435 6471 530 6525 &adio
548 6471 700 6539 Bolopneec,
712 6473 743 6524 di
761 6471 844 6525 Corio
862 6472 1001 6539 Malapola
1020 6472 1167 6542 (Bologna,
1179 6473 1230 6525 Za·

348 6561 468 6629 nichelli,
490 6563 575 6629 1888)
594 6578 653 6632 par.
666 6561 720 6614 IL:
739 6561 814 6614 Serie
832 6562 877 6614 dei
893 6561 997 6614 Rettori
1014 6577 1028 6613 e
1051 6560 1111 6613 Vico
1127 6561 1232 6614 Rettori

1294 3427 1335 3494 D.
1364 3427 1576 3493 Gardefridus
1600 3429 1639 3494 de
1662 3429 1873 3514 Modrescin.‚
1897 3431 1982 3496 filius
2014 3433 2175 3518 quondam

1401 3535 1522 3600 domini
1545 3535 1730 3602 Gardefridi
1753 3539 1874 3604 militis.

1293 3644 1381 3730 Mag.
1403 3644 1587 3710 Gaulredus
1604 3646 1643 3710 de
1659 3645 1872 3729 Bellomonte,
1890 3648 2065 3734 apostolice
2083 3649 2174 3714 Sedis

1399 3751 1555 3838 Legatus,
1579 3775 1652 3818 cum
1676 3754 1747 3818 aliis
1771 3755 1981 3821 scholaribus.

1292 3857 1334 3923 D.
1362 3857 1537 3925 Gaufridus
1561 3860 1601 3924 de
1624 3860 1778 3943 Arciaeo,
1803 3865 2004 3929 santonensis
2028 3865 2174 3932 diocesis.

1292 3966 1335 4031 D.
1360 3966 1577 4032 Gondisalvus
1613 3967 1823 4054 Gandisalvi,
1855 3973 2027 4038 eanonicus
2061 3976 2175 4040 braca·

1400 4097 1512 4140 reneis.

1292 4181 1381 4269 Mag.
1406 4182 1568 4248 Gorlanus
1592 4183 1738 4249 Jhenans
1762 4185 1925 4271 quondam
1948 4187 2070 4253 domini
2096 4190 2175 4256 Gui-

1400 4289 1510 4373 lielmi‚
1534 4283 1716 4356 turonensis
1740 4291 1886 4358 diocesis.

1293 4397 1381 4483 Mag.
1406 4396 1609 4482 Guiliehnus,
1633 4400 1875 4464 cenomanensis
1899 4401 2045 4468 diocesis.

1292 4504 1335 4570 D.
1361 4504 1564 4589 Gnilielmus,
1588 4506 1659 4590 ejus
1683 4506 1793 4572 irater.

1293 4612 1381 4699 Mag.
1405 4612 1505 4698 Hugo
1528 4612 1655 4699 Vigerii
1679 4614 1839 4700 quondam
1863 4614 1984 4680 domini
2006 4617 2174 4703 Hugonis,

1401 4721 1606 4785 sansonensis
1629 4720 1775 4786 diocesis.

1294 4827 1383 4914 Mag.
1407 4828 1428 4894 J
1431 4829 1574 4894 ohannes
1590 4829 1630 4894 de
1645 4829 1767 4913 Insula,
1781 4829 1953 4894 eanonicus
1965 4834 2174 4899 tornacensis.

1293 4935 1382 5022 Mag.
1405 4936 1572 5002 lohannes
1588 4936 1627 5001 de
1644 4936 1808 5001 Mauduno
1825 4936 1987 5023 quondam
2003 4938 2174 5023 lobannis,

1401 5043 1634 5108 aurelianensis
1658 5043 1803 5109 diocesis.

1293 5148 1381 5235 Mag.
1405 5150 1428 5215 J
1429 5151 1573 5215 ohannes
1596 5149 1635 5214 de
1657 5151 1794 5237 Sepibus
1809 5150 1894 5215 lilius
1910 5150 2032 5217 domini
2047 5152 2173 5238 Uberti,

1398 5257 1593 5322 lexoviensis
1617 5257 1763 5322 diocesis.

1292 5363 1380 5451 Mag.
1400 5364 1422 5430 J
1425 5364 1567 5429 ohannes
1585 5364 1786 5448 Gondisalvi,
1803 5365 1976 5430 eanonicus
1993 5367 2174 5454 burgensis.

1291 5469 1380 5558 Mag.
1404 5471 1571 5536 lohannes
1595 5471 1635 5536 de
1658 5471 1799 5537 Meduno
1822 5472 1984 5558 quondam
2004 5473 2174 5558 lobannis,

1398 5578 1631 5643 aurelianensis
1654 5579 1800 5644 diocesis.

1291 5683 1380 5773 Mag.
1393 5686 1415 5752 J
1417 5686 1561 5751 ohannes
1574 5685 1613 5750 de
1628 5686 1727 5752 Sacro
1744 5686 1862 5752 (lesere
1877 5687 2040 5774 qnondam
2051 5688 2073 5754 J
2075 5689 2175 5753 chan·

1399 5794 1460 5876 nis,
1483 5793 1687 5858 bituricensis
1711 5793 1857 5861 diocesis.

1292 6025 1453 6079 dell’cutieo
1471 6024 1565 6076 Studio
1582 6025 1613 6076 di
1630 6023 1766 6092 Bolopna,
1784 6041 1847 6094 pag.
1869 6027 1918 6077 129
1938 6030 1966 6078 at
1985 6043 2041 6096 seq.
2061 6053 2094 6064 —
2114 6025 2176 6077 Non

1293 6131 1395 6187 paucos
1414 6114 1500 6168 relect
1519 6113 1666 6183 Catslogus
1686 6131 1803 6179 errores,
1827 6115 1874 6184 qui
1895 6120 2018 6167 actorum
2043 6116 2175 6184 graphiae

1293 6208 1401 6258 tantum
1414 6205 1551 6256 tribuendi
1564 6221 1618 6256 non
1631 6207 1703 6271 sunt,
1717 6205 1878 6273 praesertim
1892 6222 1954 6256 amn
1967 6205 2047 6257 utrius
2060 6206 2176 6258 nominis

1293 6311 1376 6364 saepe
1395 6293 1471 6346 varia
1489 6293 1617 6362 praebuit
1635 6293 1803 6346 Faltorinius
1823 6295 1964 6363 exempla3
1984 6294 2031 6346 sed
2054 6293 2176 6346 laborem

1293 6385 1433 6454 ingentem
1446 6381 1553 6435 efficere
1564 6383 1598 6434 ad
1611 6383 1722 6436 nomina
1735 6383 1843 6452 singula
1855 6383 1883 6435 in
1897 6383 2103 6436 Memorialibus
2115 6399 2177 6453 pro·

1293 6473 1392 6540 banda,
1410 6470 1478 6524 mihi
1496 6471 1663 6540 impossibile
1683 6472 1757 6524 duxi.

1992 6563 2035 6627 (0·
2055 6563 2096 6626 u.)
