5544 7750
1249 2289 1279 2363 I.

646 2557 1205 2669 MACAGNANUS
1250 2557 1355 2666 DE
1400 2555 1887 2667 AZZOGUIDIS.

457 2821 866 2896 MACAGNANUS
903 2822 1109 2896 ALTER.
1148 2821 1568 2896 BLIOBARIXIUS
1605 2821 1678 2893 DE
1716 2819 2071 2894 AZZOGUIDIS.

466 3105 496 3179 I.
526 3106 659 3178 Mirum
687 3130 772 3179 sane
801 3106 895 3203 quod
923 3105 1078 3179 tenebris
1108 3105 1297 3203 scriptores
1316 3105 1428 3178 nostri
1447 3112 1482 3178 et
1502 3105 1617 3177 exteri
1636 3103 1743 3177 etiam
1761 3103 1888 3176 horum
1908 3104 2064 3177 omnium
2084 3103 2173 3176 Pro-

359 3229 533 3303 fessorum
561 3230 745 3304 historiam
774 3232 988 3305 obduxerint
1016 3231 1174 3304 Joannes
1201 3230 1317 3304 Maria
1345 3229 1640 3302 Mazzucchellius
1668 3229 1704 3301 in
1739 3253 1802 3302 suo
1838 3228 1969 3302 celebri
1995 3253 2102 3326 opere
2130 3228 2173 3301 de

359 3353 485 3427 Italiae
514 3354 757 3453 scriptoribus,
786 3365 811 3428 t.
833 3357 885 3451 I.,
915 3363 1007 3454 part.
1028 3355 1102 3452 Il.,
1131 3380 1212 3453 pag.
1237 3358 1351 3450 1289,
1377 3356 1420 3427 de
1448 3379 1519 3428 uno
1547 3362 1686 3427 tantum
1713 3353 1938 3450 Macagnano
1965 3353 2172 3450 Azzoguido

357 3477 526 3576 loquitur,
547 3488 583 3552 et
611 3480 711 3553 varia
739 3480 874 3578 profert
902 3480 1031 3553 hausta
1059 3505 1104 3553 ex
1133 3479 1306 3576 Alidosio,
1328 3478 1512 3576 Gazalupo
1541 3477 1700 3575 aliisque,
1722 3479 1782 3576 qui
1810 3478 1955 3551 confuse
1983 3478 2173 3552 admodum

358 3611 394 3675 et
422 3605 537 3678 minus
569 3629 649 3678 vere
678 3604 721 3677 de
750 3606 873 3678 eodem
902 3606 1130 3703 scripserunt.
1152 3605 1222 3678 Sed
1249 3604 1286 3676 in
1313 3604 1435 3703 primis
1465 3611 1604 3677 constat
1624 3603 1818 3676 certissime
1838 3627 1947 3676 unum
1966 3613 2002 3676 et
2021 3602 2173 3676 alterum

357 3728 466 3801 fuisse
494 3729 758 3826 Macagnanum
787 3732 830 3804 de
858 3731 1086 3828 Anzoguidis,
1108 3740 1143 3804 et
1171 3739 1360 3826 utrumque
1384 3730 1477 3826 juris
1505 3728 1617 3802 civilis
1645 3728 1893 3827 professorem.
1913 3728 1957 3801 ln
1981 3728 2172 3802 Memorio-

358 3852 451 3926 lidos
487 3855 579 3928 enim
613 3854 749 3928 archivi
777 3855 889 3929 nostri
923 3854 1056 3954 publici
1091 3856 1136 3929 ad
1174 3880 1305 3928 annum
1334 3853 1613 3928 MOCCXVIH.
1644 3861 1745 3926 extat
1773 3860 2026 3926 testamentum
2053 3853 2174 3926 Maca·

357 3980 466 4074 gnani
494 3980 671 4075 quondam
700 3981 899 4077 Azzoguidi
927 3981 970 4054 de
998 3980 1233 4077 Azzoguidis,
1264 3979 1388 4076 quiin
1416 4003 1498 4052 suos
1526 3979 1796 4074 commissarios,
1826 3986 1866 4050 ut
1894 3987 2045 4073 vocant,
2074 3977 2173 4074 eligit

357 4103 616 4177 Bliobarixium
645 4113 680 4178 et
708 4105 972 4202 Macagnanum
1000 4129 1088 4201 quos
1117 4113 1264 4202 nepotes
1291 4106 1461 4178 nominat.
1482 4104 1668 4177 Haeredes
1691 4111 1812 4177 autem
1840 4127 1885 4176 ex
1914 4127 1991 4176 asse
2021 4102 2173 4176 instituit

357 4227 546 4301 Nicolaum
574 4237 610 4301 et
638 4230 886 4326 Azzoguidum
913 4229 1003 4303 filios
1036 4229 1135 4327 equis
1162 4230 1394 4328 portionibus.
1424 4229 1540 4326 Igitur
1574 4229 1738 4302 dubitare
1768 4253 1839 4301 non
1874 4252 2060 4326 possumus
2089 4227 2173 4324 quin

358 4378 449 4426 unus
477 4362 513 4426 et
540 4354 631 4428 alter
659 4356 816 4429 eiusdem
844 4357 996 4429 nominis
1024 4357 1059 4428 in
1088 4363 1193 4453 gente
1222 4355 1431 4453 Azzoguida
1459 4356 1652 4451 eodemque
1681 4363 1840 4453 tempore
1860 4354 2056 4427 extiterint.
2078 4354 2174 4426 Dum

357 4486 477 4552 autem
506 4480 543 4552 in
570 4478 715 4554 laudato
744 4489 957 4554 testamento
986 4480 1226 4555 Bliobarixius
1243 4489 1290 4554 et
1308 4480 1553 4576 Macagnanus
1574 4488 1747 4553 vocantur
1766 4488 1926 4578 nepotes,
1946 4478 2175 4574 intelligimus

358 4627 442 4676 sane
471 4629 530 4677 eos
558 4605 615 4678 vel
643 4605 752 4679 fuisse
781 4608 906 4680 eodem
933 4613 1034 4704 patre
1062 4607 1212 4703 genitos,
1243 4607 1337 4703 quod
1365 4605 1590 4679 verisimilius
1617 4605 1783 4699 arbitror,
1810 4603 1867 4678 uel
1895 4603 2020 4677 saltem
2050 4627 2173 4677 conso-

357 4729 488 4824 brinos
514 4755 708 4827 numquam
737 4756 823 4804 vero
852 4731 1024 4805 iuniorem
1052 4730 1146 4804 hunc
1173 4731 1437 4828 Macagnanum
1456 4730 1566 4803 lilium
1585 4730 1694 4803 fuisse
1713 4729 1923 4803 Bliobarixii
1945 4729 2175 4826 quemadmo-

333 4852 442 4925 dum
470 4879 516 4926 ex
543 4855 705 4929 Alidosio
734 4857 861 4929 statuit
888 4855 1196 4930 Mazzucchellius.
1217 4857 1285 4930 His
1313 4855 1363 4929 sic
1391 4855 1605 4951 constitutis,
1630 4855 1672 4929 de
1703 4853 1850 4951 singulis
1879 4877 1967 4950 quos
1994 4853 2176 4951 posuimus

358 5003 473 5076 pauca
500 4978 698 5076 loquamur.
745 5049 754 5056 .

464 5104 513 5178 Il.
543 5105 788 5201 Macagnanus
808 5107 939 5203 itaque,
961 5132 1064 5203 quem
1086 5106 1260 5180 seniorem
1279 5106 1512 5201 nominamus,
1529 5106 1590 5202 jus
1609 5104 1711 5178 civile
1731 5105 1767 5176 in
1786 5103 1902 5201 patria
1921 5103 2101 5201 professus
2121 5113 2175 5178 est

359 5230 452 5302 circa
480 5230 586 5302 finem
614 5229 745 5303 saeculi
773 5231 881 5304 XIII.
912 5230 1062 5304 Constat
1100 5232 1192 5304 enim
1227 5255 1273 5304 ex
1302 5229 1412 5303 Libro
1440 5230 1745 5326 Resornzatiooum
1781 5229 1817 5301 in
1846 5228 1991 5302 archivo
2021 5227 2173 5326 publice,

360 5355 475 5454 ipsum
503 5354 629 5451 legisse
659 5381 751 5429 anno
780 5355 1062 5452 MOCXOVII.;
1092 5365 1128 5429 et
1157 5381 1259 5452 cum,
1289 5364 1329 5428 ut
1357 5355 1531 5451 diximus,
1561 5379 1664 5428 suum
1699 5354 1896 5429 condiderit
1923 5361 2178 5427 testamentum

361 5506 454 5555 anno
472 5480 764 5577 MCCCXVIII,
787 5481 986 5555 verosimile
1006 5492 1060 5555 est
1080 5481 1185 5580 paulo
1205 5489 1285 5580 post
1305 5506 1347 5554 ea
1367 5489 1528 5579 tempora
1547 5482 1622 5554 uita
1641 5481 1802 5553 functum
1821 5479 1942 5552 fuisse.
1959 5478 2176 5552 Ghirardac-

359 5607 454 5702 cius,
486 5607 621 5680 Hister.
645 5607 862 5703 Bononiam,
892 5615 983 5704 part.
1001 5607 1067 5703 11,
1088 5632 1169 5705 pag.
1195 5610 1281 5703 136,
1301 5615 1425 5680 narrat
1450 5607 1495 5679 ad
1519 5631 1649 5679 annum
1675 5603 2031 5678 MOCOXXXVIII.
2052 5603 2175 5677 Maca·

358 5756 513 5828 gnanum
545 5732 587 5804 de
616 5731 850 5828 Anzoguidis,
882 5757 985 5828 quem
1015 5757 1136 5805 senem
1165 5731 1336 5830 appellat,
1367 5732 1461 5804 inter
1497 5755 1557 5804 eos
1592 5731 1723 5827 fuisse,
1753 5755 1840 5827 quos
1877 5737 1956 5827 post
1984 5728 2176 5802 Bertrandi

359 5854 558 5928 Cardinalis
588 5855 830 5952 expulsionem
860 5857 904 5928 ad
934 5881 971 5928 sc
1001 5857 1143 5929 vocavit
1171 5855 1339 5928 Pontifex
1355 5853 1404 5929 (¹).
1427 5856 1496 5928 Sed
1525 5880 1651 5928 revera
1679 5857 1834 5929 arbitror
1856 5856 1892 5928 in
1911 5854 2002 5927 vivis
2027 5851 2177 5951 amplius

358 6004 428 6052 non
457 5981 566 6052 luisse
596 6005 660 6077 per
687 5981 723 6052 id
751 5981 921 6078 temporis
950 5981 1212 6076 Macagnanum
1240 5980 1333 6053 hunc
1362 5980 1405 6052 de
1434 6004 1503 6077 quo
1532 5980 1720 6077 loquimur,
1742 5989 1848 6078 atque
1868 5980 1956 6054 haee
1985 5979 2102 6052 omnia
2131 5977 2176 6050 ad

359 6104 623 6199 Macagnanum
652 6105 824 6178 iuniorem
853 6105 1039 6178 referenda
1069 6130 1156 6180 esse.
1186 6106 1355 6179 Arbitror
1382 6114 1500 6178 lamen
1530 6106 1755 6200 blaeagnano
1775 6105 1856 6176 huic
1876 6105 1998 6176 datum
2017 6129 2038 6176 a
2057 6102 2175 6176 Bono-

240 6292 243 6300 .
358 6229 539 6302 niensibus
566 6229 753 6326 negocium
780 6230 888 6302 fuisse
918 6231 1181 6328 componendae
1209 6230 1296 6305 litis
1313 6255 1404 6328 quae
1430 6256 1493 6328 pro
1522 6229 1735 6328 represaliis,
1756 6237 1796 6302 ut
1815 6228 1971 6324 ajebant,
1992 6237 2070 6300 orta
2099 6234 2176 6300 erat

438 6513 477 6578 (1)
497 6511 537 6564 Da
557 6511 609 6564 hao
629 6529 658 6564 ra
678 6515 736 6564 tota
755 6512 815 6564 ride
835 6513 862 6563 in
886 6511 1032 6565 Tbaddaeo
1049 6513 1157 6580 Populo.
