5484 7746
602 629 676 700 258
1025 663 1027 668 ·
1390 650 1630 700 concursura

598 805 782 869 hominibus
806 805 946 870 scribere
971 804 1208 869 mandantibus.
1225 809 1277 880 QJ‘
1292 805 1514 870 Interfuarunt
1538 805 1685 870 domiuus
1715 805 1878 872 Henricus
1901 807 2047 872 Bononia
2071 807 2268 894 Episcopus,
2294 810 2417 875 donnus

598 911 708 977 dudan
731 913 981 998 archipresbiter
1004 913 1107 976 sancti
1130 913 1229 994 Petri,
1252 913 1406 998 magister
1432 912 1618 977 Tancrcdus
1642 913 1854 997 decretorum,
1872 922 1968 1000 atque
1989 915 2144 1000 magister
2158 915 2326 981 Rolandus
2347 939 2418 1004 pre·

599 1019 722 1105 positus
745 1018 890 1084 Ecclesia
915 1019 1111 1101 ravennatis,
1136 1026 1168 1084 et
1192 1021 1347 1106 magister
1369 1019 1528 1084 Martinus
1552 1027 1583 1084 et
1607 1019 1732 1084 donnus
1755 1021 1925 1104 Albertus,
1950 1023 2095 1086 canonici
2127 1023 2229 1086 sancti
2257 1023 2348 1087 Petri
2378 1025 2417 1088 de

598 1127 727 1191 civitate
751 1127 909 1210 Bononia,
926 1126 1051 1191 donnus
1068 1126 1210 1191 Jacobus
1234 1127 1479 1192 archidiaconus
1502 1149 1673 1210 ravennas,
1694 1135 1726 1192 et
1750 1128 1875 1192 donnus
1900 1128 2064 1193 Gerendus
2088 1133 2269 1216 prepositus
2290 1131 2417 1214 anolc,

599 1240 631 1298 et
654 1234 780 1298 donnus
803 1233 958 1298 Albartus
982 1234 1140 1320 presbiter
1163 1243 1195 1298 et
1219 1233 1393 1298 cardinalis
1417 1233 1584 1316 Ravenna,
1601 1241 1634 1298 et
1657 1235 1815 1320 presbiter
1838 1235 2083 1301 Boucncontrus
2107 1237 2209 1300 sancti
2230 1237 2354 1324 Ypoliti
2377 1238 2417 1303 de

599 1341 729 1406 civitate
753 1341 909 1423 Bononia,
927 1347 959 1404 et
975 1341 1142 1406 Carbonus
1163 1341 1318 1424 notarius,
1336 1349 1432 1426 atquo
1455 1340 1579 1404 Parcus
1604 1343 1747 1406 notarius
1770 1342 1955 1424 Potestatis,
1974 1350 2006 1406 et
2025 1342 2246 1408 Bernardinus
2270 1345 2419 1410 Niclrolai

599 1454 631 1512 et
655 1447 675 1512 J
678 1448 832 1512 acobinus
855 1447 1021 1533 Pelegrini
1044 1453 1077 1511 et
1096 1447 1273 1512 Ubertinus
1291 1447 1330 1512 de
1346 1447 1471 1512 Mutina
1488 1455 1520 1512 at
1535 1447 1708 1533 Pelagrino
1726 1449 1765 1512 de
1782 1448 1877 1514 Gisso
1893 1456 1926 1513 et
1942 1449 2116 1514 Guililmus
2130 1450 2169 1514 ll)
2182 1458 2214 1515 et
2231 1451 2417 1516 Grimaldus

600 1556 744 1622 notorius
768 1555 855 1620 curie
885 1554 1037 1620 Oomunis
1068 1554 1214 1619 Bononia
1243 1561 1275 1619 et
1299 1554 1356 1638 alij
1389 1555 1612 1640 quamplures,
1636 1555 1676 1618 da
1708 1556 1824 1642 quibus
1854 1557 2080 1643 suprascriptis
2112 1557 2175 1622 duo
2206 1559 2418 1623 iustrumenta

599 1664 719 1750 scripta
743 1669 833 1744 sunt,
858 1683 974 1745 unum,
999 1661 1085 1748 quod
1116 1662 1215 1726 habet
1238 1661 1385 1726 dominus
1409 1662 1698 1748 Archiapiscopus,
1724 1669 1755 1726 et
1786 1663 1871 1727 istud
1894 1685 1952 1750 pro
1977 1663 2147 1728 Communi
2173 1665 2331 1746 Bononia,
2355 1687 2418 1730 uno

600 1770 777 1855 eodemque
800 1777 921 1834 tancre.

689 1878 747 1958 (L.
765 1877 787 1958 †
804 1877 852 1959 S.)
875 1876 946 1962 Ego
970 1875 1126 1958 Pascalis,
1151 1877 1234 1940 sacri
1258 1876 1372 1962 palatii
1396 1877 1550 1960 notarius,
1566 1877 1616 1940 his
1644 1876 1775 1940 interfui
1791 1885 1833 1959 et,
1851 1883 2000 1964 utsupra
2024 1878 2153 1962 legitur,
2170 1879 2323 1942 mandato
2342 1878 2418 1942 dicti

599 1984 720 2050 domiui
743 1983 871 2049 Rodolfi
896 1985 1020 2049 cernitis
1036 1983 1182 2049 Bononia
1199 1983 1384 2066 Potestatis,
1402 1990 1434 2047 ct
1451 1983 1607 2071 parabola
1623 1991 1655 2048 et
1671 1985 1837 2049 reluctata
1853 1985 2019 2049 hominum
2036 1985 2169 2050 Consilii
2185 1986 2416 2072 subscripsilssl.

1469 2286 1548 2351 ΧΠ.

1353 2483 1450 2565 1219,
1475 2482 1518 2544 aa
1542 2484 1657 2546 marus.

1034 2678 1086 2742 Ex
1110 2685 1187 2743 tom.
1210 2677 1355 2742 XXVII.
1382 2677 1454 2742 Cod.
1480 2679 1554 2762 dipl.
1580 2677 1663 2742 Eccl.
1687 2677 1775 2758 boa,
1799 2700 1886 2742 num.
1910 2677 1982 2742 XL.

687 2890 853 2956 Honorius
876 2913 962 2978 papa
986 2891 1098 2956 Ill.(3)
1124 2892 1218 2957 Olero
1242 2900 1274 2956 et
1299 2892 1418 2978 populo
1443 2892 1582 2956 civitatis
1606 2899 1638 2955 ct
1663 2891 1799 2956 diocesis
1823 2891 2040 2956 bononiensis.

690 2999 771 3064 Oum
794 2998 912 3063 dilecto
935 3000 1001 3062 filio
1026 2999 1180 3084 magistro
1205 2999 1329 3082 Gratia,
1347 2999 1515 3085 capellano
1533 3007 1641 3062 nostro
1658 2999 1884 3063 archidiacono
1908 3007 2027 3080 restro,
2045 2998 2233 3062 duxerimus
2251 2999 2418 3084 indulgen·

600 3106 686 3190 dum,
704 3112 749 3190 nt,
774 3127 837 3170 nou
861 3106 1009 3170 obstante
1034 3107 1143 3192 aliqua
1166 3107 1397 3170 cousuetudine
1422 3129 1483 3192 que
1512 3107 1674 3170 canonicis
1698 3107 1808 3170 obviat
1824 3105 1875 3170 rel
1900 3105 2035 3191 derogat
2051 3107 2215 3176 institutis.
2233 3106 2371 3170 officium
2387 3112 2418 3169 et

597 3213 855 3297 jurisdictionem
885 3213 1180 3296 archidiaconatus,
1205 3215 1287 3277 sicut
1311 3213 1353 3276 ad
1377 3235 1450 3277 eum
1474 3214 1650 3277 secundum
1674 3214 1830 3278 canonica
1857 3213 2003 3276 instituta
2032 3212 2084 3276 rel
2107 3213 2321 3299 approbatam
2345 3234 2418 3276 con·

601 3321 804 3385 suetudinem
828 3321 1027 3406 dignoscitur
1050 3322 1221 3406 pertinere,
1246 3321 1347 3384 libere
1372 3342 1409 3384 ac
1433 3322 1588 3408 plenarie,
1607 3321 1754 3384 submoto
1778 3319 1951 3404 cujuslibet
1974 3319 2146 3403 contrarie,
2169 3320 2269 3383 etiam
2293 3329 2418 3406 aposto-

600 3427 662 3493 lico
684 3428 860 3510 obstacu10,
877 3429 1074 3515 presentium
1098 3428 1189 3492 robis
1214 3429 1405 3492 auctoritate
1429 3429 1635 3514 precipiendo
1660 3427 1851 3492 mandamus
1875 3433 2033 3514 quatenus
2055 3427 2159 3491 eidem
2183 3427 2418 3508 archidiacorm,

596 3535 651 3599 rel
673 3537 744 3620 ejus
767 3536 899 3618 vicario,
918 3536 950 3599 in
974 3536 1036 3599 hiis
1061 3557 1122 3622 qua
1146 3534 1188 3598 ad
1212 3536 1351 3599 officium
1376 3543 1408 3599 et
1428 3535 1685 3620 jurisdictionem
1710 3535 1990 3600 archidiaconatus
2015 3535 2065 3598 sui
2085 3534 2125 3597 da
2146 3535 2219 3618 jure
2236 3535 2289 3598 rel
2305 3556 2419 3621 appro-

597 3642 674 3707 bata
699 3643 930 3708 consuetudine
954 3643 1116 3728 pertinere
1140 3650 1315 3706 noscuntur
1339 3642 1497 3706 obediatis
1521 3642 1652 3724 devote,
1677 3664 1714 3706 ac
1738 3642 1902 3706 humiliter
1930 3642 2114 3706 intendatis.
2138 3641 2294 3726 Alioquin
2325 3663 2419 3706 nora·

595 3749 666 3813 ritis
690 3751 775 3836 quod
800 3751 1002 3832 sententiam,
1022 3771 1118 3835 quam
1139 3748 1223 3812 idam
1248 3749 1493 3814 archidiaconus
1514 3749 1751 3813 rationabiliter
1766 3749 1876 3813 tulerit
1892 3748 1925 3812 in
1941 3748 2088 3832 rebelles,
2106 3755 2211 3812 ratam
2228 3748 2419 3812 habebimus

592 3864 625 3922 at
649 3857 815 3941 faciemus,
841 3865 972 3922 auctora
996 3856 1147 3939 Domino,
1171 3857 1402 3921 inuiolabiliter
1425 3857 1602 3921 observari.

686 3965 809 4032 Datum
832 3965 988 4029 Laterani
1011 3965 1122 4051 quinto
1146 3964 1304 4027 kalendas
1329 3965 1450 4050 aprilis,
1475 3965 1680 4050 pontificatus
1705 3965 1805 4028 nostri
1830 3985 1914 4028 anno
1940 3964 2044 4028 tertio.

1465 4268 1562 4332 XIII.

1356 4465 1454 4548 1219,
1478 4466 1522 4527 22
1545 4465 1663 4550 upsalia

1241 4661 1293 4725 Ex
1318 4660 1432 4724 eodem
1456 4668 1552 4743 tomo,
1578 4682 1664 4724 uum.
1689 4659 1779 4723 XLI.

685 4877 852 4942 Honorius
877 4876 990 4941 Ill.(4l
1008 4877 1163 4961 magistro
1189 4875 1300 4940 Gratia
1325 4874 1494 4959 capellano
1519 4881 1638 4956 nostro,
1662 4873 1900 4938 Archidiacouo
1925 4871 2125 4936 bononiensi.

686 4985 735 5049 Ne
757 4986 833 5069 jura
857 4984 1065 5048 bononiensis
1088 4983 1232 5048 Ecclesia
1257 4983 1460 5064 minuantur,
1485 4981 1513 5044 si
1537 5003 1599 5045 nou
1623 4982 1665 5044 ait
1688 4981 1743 5066 qui
1774 4980 1957 5066 specialiter
1989 4979 2109 5043 habeat
2133 4999 2243 5042 curam
2274 4979 2362 5061 ejus,
2388 4977 2421 5040 in

598 5093 749 5180 Capitulo
773 5092 919 5177 ejusdem
942 5092 1087 5155 Ecclesia
1112 5091 1241 5176 plenam
1265 5097 1297 5153 et
1321 5089 1457 5153 liberam
1481 5088 1792 5152 administrationem
1817 5087 2031 5173 spiritualium
2056 5093 2088 5150 et
2111 5085 2336 5170 temporalium
2362 5085 2423 5148 tibi

597 5203 725 5288 tuisque
749 5202 989 5266 successoribus
1011 5200 1172 5283 duximus,
1190 5198 1381 5262 auctoritate
1399 5199 1604 5284 presentium,
1623 5195 1871 5277 concedendam,
1889 5202 1924 5258 ut
1940 5200 1976 5258 tu
1992 5195 2140 5279 idemque
2157 5214 2357 5256 successores
2373 5193 2422 5255 tui

597 5309 859 5375 administrantes
884 5309 917 5372 in
941 5308 1053 5372 eadem
1078 5307 1235 5389 Ecclesia,
1260 5327 1332 5371 cnm
1358 5327 1488 5369 necesse
1514 5305 1620 5386 fuerit,
1643 5303 1812 5389 corrigatis
1836 5309 1868 5367 et
1891 5301 2071 5366 reformetis
2095 5323 2133 5364 ac
2157 5301 2315 5381 statuatis,
2339 5299 2423 5363 sicut

598 5439 724 5502 queque
748 5439 806 5504 pro
830 5423 975 5502 tempore
999 5437 1056 5480 suo
1081 5414 1297 5499 cognoveritis
1322 5413 1424 5478 officio
1450 5413 1612 5498 indigere:
1637 5411 1900 5492 contradictores,
1924 5410 1952 5472 ai
1976 5409 2030 5494 qui
2054 5408 2183 5490 fuerint,
2209 5407 2260 5470 rel
2283 5407 2422 5470 rebelles

596 5545 656 5610 per
687 5546 839 5589 censuras
871 5523 1123 5604 ecclesiasticas,
1148 5522 1297 5585 submota
1330 5520 1567 5606 appellatione,
1593 5518 1835 5604 compescendo.
1859 5517 1952 5580 Nulli
1982 5536 2060 5600 ergo
2092 5515 2221 5579 omnino
2255 5513 2422 5577 homiuum

597 5632 695 5696 liceat
718 5632 802 5696 hanc
827 5631 980 5718 paginam
1005 5637 1113 5693 nostra
1138 5628 1352 5694 concessionis
1376 5627 1562 5712 infringere,
1581 5627 1633 5690 rel
1649 5626 1678 5690 ei
1702 5647 1783 5690 ausu
1800 5624 1970 5688 temerario
1988 5621 2163 5704 contraire3
2181 5621 2208 5684 si
2225 5621 2296 5706 quis
2313 5626 2423 5683 autem

598 5739 660 5803 hoc
683 5745 843 5803 attentare
869 5736 1102 5824 presumpserit
1124 5735 1381 5821 indignationem
1413 5732 1639 5820 omnipotentis
1663 5732 1725 5795 Dei
1750 5754 1788 5796 ac
1811 5731 1981 5795 beatorum
2004 5729 2094 5792 Petri
2118 5735 2150 5792 ct
2173 5728 2269 5792 Pauli
2293 5733 2424 5812 aposto·

598 5845 704 5910 lorum
728 5848 797 5911 eins
821 5869 856 5911 se
879 5845 1006 5911 noverit
1031 5843 1244 5908 incursurum.

686 5954 809 6018 Datum
832 5953 935 6018 Rome
959 5951 1044 6038 apud
1071 5958 1218 6015 sanctum
1241 5950 1386 6031 Petrum,
1409 5949 1531 6012 decimo
1556 5946 1714 6011 kalendas
1737 5947 1827 6032 maij,
1851 5944 2057 6032 pontificatus
2081 5943 2182 6007 nostri
2206 5963 2291 6006 anno
2315 5940 2423 6005 tertio.

679 6170 690 6212 ί
766 6171 793 6220 ’.

677 6171 719 6325 (Ii
736 6167 925 6326 liicmargins:
946 6272 960 6306 s
982 6255 1129 6306 Pronn'aas'o
1148 6253 1223 6318 facta
1243 6251 1447 6316 Arcbs'epr‘acopo
1465 6249 1589 6301 Borrama
1605 6266 1657 6316 pro
1676 6249 1799 6314 illisqui
1815 6247 1918 6298 tramant
1937 6245 1974 6296 od
1992 6243 2208 6309 recuperandum
2226 6240 2338 6292 Terram
2352 6240 2425 6292 Sars·

597 6353 717 6504 omnig)
737 6436 779 6487 Ex
798 6453 855 6506 rag.
874 6435 912 6486 11.
931 6433 1046 6486 Honor-ii
1064 6431 1133 6498 III.,
1154 6449 1197 6500 ap.
1218 6434 1279 6498 372,
1299 6430 1347 6482 lol.
1368 6432 1411 6493 78,
1432 6427 1595 6492 uccrssx,
1616 6426 1733 6477 XXVII.
1753 6423 1852 6476 martii.

677 6529 717 6592 (4)
737 6526 779 6577 Ex
798 6543 856 6595 reg.
874 6524 912 6576 Il.
932 6523 1046 6575 Honorii
1066 6522 1134 6585 111„
1155 6539 1198 6590 ap.
1219 6525 1279 6585 410,
1299 6519 1347 6570 fol.
1368 6521 1410 6582 85,
1431 6515 1595 6568 MCCXIX..
1616 6515 1708 6568 XXII.
1727 6515 1829 6582 aprilis.
