5544 7750
609 597 684 669 348
1351 620 1466 671 amne
1494 621 1676 671 insomne

713 775 906 870 Alidosiue,
937 786 972 848 et
1002 801 1117 849 exeo
1146 776 1353 871 Bumaldus,
1384 776 1574 872 Orlandus,
1604 777 1744 874 Konig,
1772 787 1839 851 eto.
1869 779 2083 875 legationem
2112 783 2290 877 quandam
2318 781 2423 856 huius

605 901 820 996 Maoagnaui
849 901 894 972 ad
914 901 1090 974 Ioannem
1110 901 1236 974 XXII.
1259 910 1547 974 commemorant.
1569 902 1659 974 Eam
1687 927 1753 996 ego
1781 903 1883 976 valde
1904 913 2106 1001 suspectam
2125 905 2252 1002 habeo,
2273 900 2321 980 Ι.ο
2341 908 2423 1004 quia

606 1027 764 1098 Miscetla
793 1026 1014 1098 bononiensis
1039 1034 1075 1098 et
1100 1024 1362 1122 Ghirardatius,
1384 1027 1445 1122 qui
1474 1027 1508 1099 in
1535 1028 1747 1100 annotandis
1773 1026 2011 1124 legationibus
2031 1029 2289 1125 diligentissimi
2308 1031 2421 1104 solent

605 1173 694 1246 esse,
716 1149 759 1222 de
787 1149 854 1222 hae
883 1149 1024 1222 omnino
1053 1149 1168 1223 silent.
1189 1143 1257 1222 ΙΙ.0
1274 1150 1368 1246 quia,
1390 1174 1468 1222 cum
1489 1151 1647 1224 Ioannes
1670 1151 1798 1226 XXII.
1820 1152 1946 1224 obierit
1969 1177 2062 1226 anno
2081 1153 2418 1250 MCCOXXXIV,

607 1275 822 1371 oportuisset
859 1283 898 1346 ut
935 1275 981 1346 ad
1010 1299 1090 1348 eum
1120 1275 1246 1346 missus
1274 1275 1399 1347 fuisset
1427 1275 1672 1370 blacagnanus
1701 1301 1831 1349 annum
1862 1301 1971 1372 agens
2007 1277 2052 1350 ad
2090 1301 2266 1351 summum
2293 1279 2420 1353 XXII.

606 1400 663 1474 vel
690 1399 855 1494 XXIII,
877 1400 970 1496 quod
999 1425 1067 1474 non
1097 1413 1151 1474 est
1179 1399 1370 1473 admodum
1398 1399 1599 1473 verisimile.
1622 1400 1749 1497 Itaque
1779 1399 1996 1499 probabilius
2023 1401 2151 1499 iudico,
2174 1403 2203 1476 si
2231 1428 2338 1501 quam
2364 1404 2421 1478 ille

604 1523 817 1621 legationem
839 1525 937 1619 obiit,
959 1549 1037 1598 eam
1058 1549 1127 1598 non
1147 1525 1192 1596 ad
1211 1525 1388 1598 Ioannem
1407 1523 1549 1619 XXII,
1570 1525 1632 1597 sed
1652 1525 1696 1598 ad
1726 1525 1800 1598 eius
1820 1549 2059 1599 successorem
2079 1526 2312 1600 Benedictum
2332 1528 2420 1603 XII.

605 1651 668 1746 (de
688 1676 757 1748 qua
778 1651 870 1745 vide,
891 1650 951 1723 fol.
972 1650 1015 1746 B,
1036 1653 1055 1744 5
1079 1651 1127 1745 1),
1148 1650 1286 1724 obiisse.
1307 1649 1421 1722 Addit
1440 1648 1647 1746 Argelatus,
1668 1651 1703 1722 in
1727 1651 1893 1726 Oratione
1912 1651 1954 1724 de
1975 1651 2110 1726 Praeal.
2131 1653 2329 1727 Jariscoae.
2350 1654 2422 1728 Bo·

604 1800 699 1871 nan,
721 1799 803 1873 pag.
825 1776 894 1870 X.,
916 1775 1177 1870 Maoagnan'um
1197 1774 1302 1870 huno,
1324 1798 1428 1870 quem
1449 1774 1539 1848 falso
1558 1777 1727 1848 seniorem
1748 1785 1864 1872 vocat,
1886 1801 1966 1849 cum
1986 1776 2082 1875 apud
2097 1778 2273 1850 Joannem
2292 1778 2419 1851 XXII.

604 1907 723 1974 orator
742 1907 840 1995 esset,
860 1900 904 1973 ab
928 1899 1042 1972 eodem
1060 1899 1172 1994 fuisse
1194 1899 1310 1972 Aulae
1332 1896 1575 1971 Cancellarioe
1596 1901 1849 1974 Aoeaionenais
1868 1901 2041 2000 dipm'tate
2061 1903 2282 2000 insignitam.
2304 1903 2421 1978 Huius

602 2025 654 2099 rei
682 2051 796 2123 neque
826 2025 882 2099 ille
903 2028 1097 2099 Auctorem
1117 2025 1227 2098 ullum
1247 2025 1363 2120 affert,
1385 2048 1499 2121 neque
1520 2049 1585 2120 ego
1604 2025 1763 2099 invenire
1782 2027 1901 2124 potui:
1924 2028 2042 2124 itaque
2072 2029 2116 2101 ob
2144 2053 2187 2102 ea
2215 2053 2305 2126 quae
2335 2054 2418 2103 mox

607 2151 682 2223 dixi
709 2151 837 2225 falsam
865 2161 963 2249 puto.

711 2276 777 2350 VI.
809 2277 908 2366 Quae
937 2277 994 2349 hic
1022 2277 1173 2348 fortasse
1204 2284 1308 2348 erunt
1336 2276 1564 2372 adjungenda
1593 2276 1672 2349 vide
1702 2275 1840 2350 infolio
1860 2276 1901 2350 B.
1931 2277 1988 2350 Ex
2008 2277 2076 2351 illis
2095 2280 2322 2352 statuendum
2342 2281 2420 2375 erit,

605 2413 725 2476 utrum
753 2402 967 2497 Macagnani
997 2411 1095 2474 actas
1123 2401 1218 2474 ultra
1246 2426 1376 2473 annum
1408 2400 1590 2474 XXVIII.
1611 2402 1657 2474 sit
1685 2401 1927 2498 producenda,
1949 2428 1996 2476 an
2023 2428 2105 2476 non.
2136 2403 2203 2476 Sed
2234 2413 2422 2502 utrumque

604 2527 687 2624 fiat,
718 2527 803 2601 illud
843 2537 1006 2601 constare
1044 2529 1148 2601 debet
1176 2527 1368 2624 scriptores
1396 2551 1517 2600 omnes
1545 2551 1625 2599 eum
1654 2527 1866 2601 domesticos
1881 2525 1920 2589 (1)
1948 2538 2023 2602 tum
2052 2538 2220 2602 externos
2234 2527 2285 2625 (²),
2313 2529 2422 2604 falsos

603 2653 712 2726 fuisse
741 2654 823 2725 dum
855 2652 1118 2749 Macapnaaam
1151 2652 1369 2725 Bltobaririi
1395 2652 1513 2746 filiunt
1542 2676 1634 2724 anno
1663 2653 1790 2725 aetatis
1819 2652 1945 2726 XXV.
1975 2653 2167 2728 decessisse
2195 2655 2352 2728 tradunt.

710 2778 766 2850 Ex
795 2778 898 2850 Actis
923 2778 1208 2873 Azzoguidorum
1225 2776 1263 2839 (3)
1284 2786 1423 2849 constat
1443 2769 1491 2849 I.⁰
1511 2785 1582 2850 tres
1611 2777 1718 2850 fuisse
1747 2777 2009 2874 Maeaguanos:
2032 2779 2185 2876 primum
2214 2778 2322 2852 filium
2351 2780 2422 2854 Az-

605 2903 745 2998 zoguidi
783 2903 825 2974 de
864 2901 1144 2998 Azzoguidisct,
1175 2902 1367 2974 secundum
1407 2901 1517 2974 filium
1557 2901 1722 2997 Gregorii
1751 2903 1794 2975 de
1830 2903 2112 2999 Azzoguidisbt,
2133 2905 2278 2978 tertium
2313 2904 2422 2978 filium

604 3027 814 3101 Bliobarixii
843 3028 886 3100 de
916 3028 1130 3123 Azzoguidis
1147 3026 1196 3100 (⁶).

714 3153 864 3226 Constat
892 3146 960 3225 ΙΙ.ο
984 3153 1245 3248 Maoagnanum
1275 3152 1305 3224 I.
1336 3152 1463 3224 obiisse
1500 3151 1688 3225 intervallo
1726 3177 1748 3226 a
1784 3153 1901 3226 medio
1943 3178 2037 3227 anno
2071 3152 2349 3229 MCCCXVIII.
2379 3156 2425 3228 ad

603 3277 826 3352 MCCOXX.
843 3278 882 3340 Vl
902 3279 1060 3374 adeoque
1090 3303 1180 3375 quae
1210 3277 1376 3375 deinceps
1404 3285 1485 3350 acta
1513 3277 1728 3372 Maoagnaui
1758 3288 1965 3373 occurrunt,
1987 3303 2056 3351 non
2084 3279 2251 3352 adhunc
2279 3280 2331 3376 L,
2361 3281 2422 3354 sed

603 3405 649 3478 ad
678 3403 765 3477 alios
794 3403 983 3502 pertinere.

711 3528 861 3602 Constat
887 3523 975 3602 III.⁰
1003 3529 1267 3624 Mecagnanum
1295 3527 1344 3600 ΙΙ.
1374 3535 1410 3600 et
1438 3527 1696 3600 Bliobarixium
1724 3537 1872 3626 nepotes
1901 3529 2009 3602 fuisse
2039 3529 2254 3625 Maoagnaui
2281 3529 2311 3605 I.
2328 3527 2368 3594 (Β)
2387 3540 2423 3605 et

604 3654 745 3750 quidem
775 3655 904 3726 fratres
934 3655 1057 3728 eodem
1087 3664 1188 3751 patre
1217 3653 1367 3749 genitos,
1397 3653 1564 3724 nimirum
1592 3653 1767 3748 Gregorio
1796 3655 1839 3727 de
1867 3653 2149 3750 Azzoguidisdt.

1492 3903 1538 3976 A.

802 4157 863 4229 Ao
891 4177 1086 4228 menarum
1114 4155 1404 4249 discissarum,
1435 4176 1598 4226 sommae
1626 4177 1699 4226 vnn
1727 4155 1757 4228 Ι.
1787 4177 1860 4227 van
1888 4154 1937 4228 11.
1968 4178 2234 4229 enarrassem.

711 4406 740 4480 I.
762 4407 815 4479 Ea
836 4405 954 4479 omnia
974 4431 1064 4502 quae
1086 4406 1151 4477 sub
1178 4405 1366 4502 postremis
1394 4403 1609 4499 Maoagnaui
1628 4403 1657 4477 Ι.
1679 4405 1792 4499 annis,
1813 4403 1880 4478 hoc
1909 4414 1963 4478 eet
1987 4407 2032 4478 ab
2050 4429 2143 4480 anno
2162 4404 2422 4480 MCOXCVIL

603 4557 714 4628 usque
743 4532 788 4605 ad
818 4530 1058 4624 MCCCXX,
1081 4531 1123 4601 de
1152 4530 1376 4625 Maeaguano
1406 4530 1582 4624 dicuntur,
1603 4529 1671 4602 nisi
1699 4530 1758 4602 uni
1787 4530 1939 4627 cuipiam
1968 4531 2176 4604 nominatim
2207 4532 2422 4627 tribuantur,

601 4657 756 4730 dubitari
785 4657 860 4729 iure
890 4664 1022 4753 potest,
1046 4679 1129 4726 num
1154 4655 1199 4727 ad
1228 4653 1257 4726 I.
1289 4677 1374 4725 num
1403 4655 1448 4725 ad
1476 4654 1525 4726 II.
1547 4654 1617 4726 sint
1646 4653 1843 4728 referenda.
1869 4654 1964 4728 Nam
1992 4664 2028 4728 et
2056 4663 2206 4753 uterque
2236 4663 2313 4728 erat
2343 4655 2422 4729 Ma·

601 4807 783 4877 cagnanus
811 4792 847 4853 et
875 4789 1025 4876 uterque
1055 4780 1097 4850 de
1126 4779 1359 4874 Azzoguidis,
1391 4787 1426 4850 et
1455 4787 1603 4874 uterque
1633 4804 1675 4851 aa
1703 4787 1820 4852 aetate
1858 4804 1949 4876 quae
1987 4783 2032 4854 ab
2070 4781 2112 4854 iis
2151 4780 2356 4854 muneribus
2388 4790 2424 4854 et

601 4905 725 4980 officiis
754 4930 825 4978 non
853 4904 1073 4977 abhorreret.
1105 4903 1158 4976 De
1187 4903 1411 4997 Maeaguano
1439 4901 1468 4974 I.
1499 4901 1596 4974 nulla
1623 4911 1741 4999 potest
1769 4926 1845 4976 esse
1883 4903 2076 4977 dubitatio:
2107 4929 2221 5001 neque
2259 4905 2344 4977 item
2380 4903 2424 4977 de

599 5032 672 5126 IL,
694 5040 734 5103 ut
762 5055 808 5104 ex
837 5029 912 5102 eius
941 5029 1041 5101 Actis
1068 5030 1088 5123 5
1116 5029 1146 5102 Ι.
1167 5037 1203 5101 et
1232 5027 1280 5100 ΙΙ.
1302 5027 1490 5100 manifesto
1511 5035 1661 5100 constat.
1683 5027 1852 5101 Arbitror
1875 5036 2007 5125 tamen,
2029 5029 2229 5125 ubicunque
2258 5037 2423 5102 oeourrat

602 5157 866 5250 Maoagnanum
896 5155 1076 5227 doctorem
1106 5153 1289 5251 appellari,
1311 5161 1391 5226 aeta
1418 5151 1478 5224 illa
1506 5176 1576 5224 non
1605 5152 1718 5250 primo
1747 5155 1809 5226 sed
1838 5154 1993 5227 seeundo
2013 5177 2089 5227 esse
2110 5153 2319 5226 tribuenda:
2341 5178 2423 5226 nam

601 5281 742 5354 omnino
773 5281 808 5352 in
838 5281 985 5352 ea'sum
1015 5279 1192 5351 sententia
1221 5277 1483 5372 Maoagnanum
1511 5277 1540 5349 I.
1570 5301 1753 5373 uunquam
1781 5279 1963 5352 doctorem
1991 5276 2184 5352 tuisse<¹⁰t

682 5547 721 5611 (1)
742 5546 856 5608 Midea,
876 5543 945 5596 Dott.
965 5544 1025 5608 bot,
1044 5561 1105 5613 pag.
1123 5547 1181 5596 let.
1201 5543 1335 5608 Bumald.,
1355 5543 1483 5593 Bibliotlr.
1537 5543 1653 5595 rioribus
1682 5543 1813 5594 conlundi
1841 5559 1895 5595 non
1925 5543 2021 5609 debet,
2049 5543 2211 5612 praesertim
2240 5559 2302 5595 oum
2332 5543 2424 5595 Maca·

599 5637 669 5701 boa,
688 5653 752 5705 pag.
768 5639 826 5687 159.
847 5632 968 5698 Orland,
989 5634 1076 5684 Notr'z.
1089 5633 1161 5698 degli
1173 5634 1262 5684 Scritt.
1275 5633 1335 5698 eol,
1348 5650 1409 5702 pag.
1421 5636 1481 5683 20³.
1536 5648 1626 5700 gnane
1648 5631 1698 5682 III.

681 5727 721 5791 (2)
741 5725 887 5789 Paneirol.,
905 5723 944 5774 De
963 5725 1047 5775 clarr'a
1064 5723 1113 5788 lap.
1133 5726 1256 5789 fraterpr„
1276 5723 1322 5775 lib.
1336 5723 1382 5787 ΙΙ,
1402 5739 1425 5774 o.
1440 5726 1482 5774 65.
1617 5721 1656 5787 (4)
1677 5719 1746 5772 Vide
1765 5721 1792 5772 in
1812 5720 1938 5786 Maroga.
1959 5720 1993 5784 L,
2012 5721 2026 5787 5
2045 5720 2068 5772 Ι.
2088 5724 2116 5772 et
2134 5719 2172 5772 ΙΙ.

599 5815 688 5880 Bata,
702 5815 728 5865 in
744 5813 825 5884 Leg:
839 5815 968 5876 assiduis,
981 5815 1007 5865 in
1023 5814 1118 5865 ultima
1138 5813 1199 5876 col,
1213 5811 1242 5864 C.
1256 5814 1303 5879 qui
1316 5814 1434 5878 pallores
1452 5814 1481 5864 in
1618 5812 1657 5877 (5)
1676 5809 1746 5862 Vide
1766 5810 1793 5861 in
1814 5810 1940 5875 Macogn.
1960 5809 2011 5875 IL,
2029 5810 2044 5876 5
2064 5809 2095 5876 1,
2115 5807 2188 5875 vll,
2208 5813 2260 5862 eto.

595 5907 707 5973 pigner.
732 5903 893 5956 habeantur.
921 5903 1106 5972 Diplovatac.‚
1132 5919 1194 5972 pag.
1217 5906 1278 5954 214.
1303 5901 1484 5968 Mazzuehel.,
1619 5901 1659 5965 (6)
1678 5899 1749 5951 Vide
1769 5899 1796 5950 in
1816 5899 1943 5966 Metapa.
1963 5898 2031 5964 ΙΙΙ,
2051 5899 2065 5965 5
2085 5898 2117 5966 Ι,
2137 5899 2198 5964 ΙΙΙ,
2218 5904 2246 5952 at
2266 5899 2293 5951 in
2312 5898 2423 5952 Bliade·

601 5994 649 6046 Gli
664 5995 749 6046 aare.
762 5993 789 6045 α’
800 5992 899 6058 Italia,
919 5995 971 6045 vol.
986 5993 1021 6058 L,
1041 6011 1067 6061 p.
1083 5993 1135 6058 IL,
1154 6010 1216 6062 pag.
1232 5996 1309 6056 1290,
1329 6008 1363 6043 ex
1383 5992 1485 6043 Gazae·
1539 5992 1622 6054 ricto,
1641 5991 1655 6057 5
1675 5989 1748 6043 XLI.

598 6085 671 6153 lupi:
692 6082 762 6135 IIr'at.
782 6082 901 6150 Irrterpr.
921 6090 944 6133 et
963 6083 1074 6148 Glosat,
1094 6101 1155 6152 pag.
1174 6085 1236 6134 507.
1620 6081 1659 6146 (Ι)
1678 6080 1711 6132 Ιιι
1731 6081 1789 6132 eiua
1808 6081 1895 6146 Aetia,
1915 6081 1929 6148 5
1948 6081 1963 6132 1
1981 6084 2009 6134 et
2028 6079 2066 6132 11.

681 6176 721 6240 (Β)
742 6173 933 6225 Ghirardatius
959 6174 1070 6225 alterius
1094 6173 1218 6224 meminit
1243 6171 1419 6241 Maoagnaui,
1439 6173 1486 6241 qui
1620 6171 1659 6236 (8)
1679 6169 1712 6220 Ιιι
1731 6169 1812 6222 huius
1832 6172 1918 6236 Aetia,
1938 6171 1952 6236 5
1972 6171 1993 6222 I.

598 6279 671 6316 anno
684 6262 909 6315 MCOOLXXVI.
924 6263 1007 6314 luerit
1020 6265 1053 6315 do
1068 6262 1188 6314 Consilio
1202 6261 1235 6314 D.
1247 6265 1277 6326 (t.
1288 6262 1334 6326 IL,
1344 6279 1407 6330 pag.
1419 6265 1481 6326 352)
1618 6262 1657 6326 (9)
1677 6259 1804 6326 Metapa.
1818 6259 1869 6323 IL,
1887 6260 1901 6326 5
1921 6259 1953 6325 L,
1971 6258 2045 6325 VIL,
2065 6263 2128 6324 ete,
2146 6262 2174 6312 et
2193 6259 2221 6310 in
2240 6257 2422 6323 Blr'obarr'xr'o,

598 6353 722 6423 proximo
753 6369 818 6404 vero
850 6352 1090 6404 MOOOLXXVII.
1120 6352 1147 6403 in
1185 6367 1295 6404 earcere
1326 6352 1485 6403 oeoubuerit
1539 6350 1616 6417 5V.,
1636 6355 1688 6403 eto.

599 6444 673 6512 (pag.
687 6444 759 6509 363).
773 6442 826 6495 Sed
845 6443 897 6495 iate
917 6443 1019 6495 Doetor
1036 6458 1090 6494 non
1110 6442 1170 6508 fuit,
1184 6442 1306 6510 adeoque
1321 6457 1382 6492 eum
1402 6457 1482 6508 supe·
1601 6442 1658 6506 (10)
1677 6440 1741 6493 Vid.
1759 6441 1962 6505 Maoagnanum
1982 6439 2007 6493 L
