5490 7750
833 682 1065 732 arsennaria
1093 682 1143 730 an
1173 681 1427 730 raornssoans
1456 681 1561 731 rums
1590 680 1724 730 ervrnrs
2112 662 2184 733 117

369 840 569 925 imponerent
594 838 727 920 eisdem,
753 843 968 923 acceptarent,
993 836 1198 918 sustinerent,
1221 843 1398 920 portarent,
1416 837 1623 922 complerent,
1641 837 1804 901 solverent
1825 844 1857 900 et
1881 837 2071 923 perficerent
2092 840 2188 923 juxta

368 951 475 1010 nostre
492 953 524 1008 et
540 945 697 1009 dictorum
715 966 936 1009 successorum
952 943 1190 1029 beneplacitum
1207 935 1401 1025 voluntatis,
1419 950 1451 1007 et
1467 943 1552 1028 qnod
1574 944 1600 1006 si
1623 944 1734 1030 aliqua
1750 951 1871 1009 statuta
1888 946 1994 1008 forent
2011 946 2042 1008 in
2060 947 2189 1010 civitate
2276 927 2278 932 ,

368 1052 512 1138 predicta
536 1060 647 1116 contra
671 1052 790 1115 dictam
822 1051 1197 1141 romanamEcclesiam
1229 1049 1281 1112 vel
1312 1050 1563 1114 ecelesiasticam
1591 1050 1792 1133 libertatem,
1816 1052 1867 1114 vel
1901 1072 1962 1136 qne
1994 1060 2126 1137 possent
2154 1053 2186 1116 in

366 1161 474 1244 aliquo
498 1160 655 1243 derogare
680 1159 832 1245 predictis
856 1159 907 1222 vel
931 1157 1160 1242 infrascriptis,
1185 1163 1292 1220 essent
1316 1177 1407 1220 cassa
1431 1164 1463 1220 et
1486 1157 1577 1220 irrita
1604 1165 1636 1221 et
1659 1157 1782 1221 nnllam
1806 1158 1959 1222 habentia
1983 1160 2186 1244 firmitatem;

367 1289 403 1330 ae
427 1289 465 1330 ea
489 1267 607 1352 prefati
632 1287 799 1330 commune
824 1273 856 1328 ct
886 1265 1024 1351 populus
1057 1263 1262 1328 bononiensis
1294 1264 1407 1327 tollere
1439 1271 1470 1328 et
1502 1264 1608 1328 delere
1640 1265 1724 1328 infra
1756 1272 1878 1330 eertum
1907 1268 2079 1331 terminum
2111 1275 2186 1332 tunc

366 1395 556 1460 expressum
580 1373 618 1437 dc
641 1374 784 1460 ipsorum
808 1372 899 1436 libris
924 1379 955 1435 et
979 1371 1161 1435 cartulariis
1185 1377 1388 1452 tenerentur,
1415 1372 1483 1456 ipsa
1507 1371 1691 1435 nullatenus
1715 1373 1893 1454 servaturi,
1918 1395 1977 1437 nco
2001 1374 2114 1438 eadem
2138 1375 2185 1438 ul-

365 1482 464 1548 terius
488 1482 540 1544 vel
565 1482 683 1544 similia
707 1482 739 1544 in
761 1502 872 1544 corum
896 1480 986 1543 libris
1009 1479 1061 1544 vel
1079 1479 1260 1542 cartulariis
1276 1479 1447 1564 reposituri
1464 1479 1516 1542 vel
1533 1481 1630 1542 etiam
1647 1480 1868 1566 conscripturi.
1887 1481 2011 1554 Quibus
2028 1483 2185 1568 siquidem

367 1590 651 1674 recognitionibus,
676 1588 952 1674 promissionibus,
969 1586 1226 1650 restitutionibus
1251 1593 1283 1649 et
1306 1586 1611 1670 reintegrationibus
1636 1586 1821 1672 hujusmodi
1845 1588 1938 1653 factis
1955 1612 2012 1674 per
2028 1589 2186 1654 sindicum

368 1704 400 1760 ct
415 1704 656 1782 procuratorem
673 1696 854 1781 predictum
871 1716 928 1780 per
944 1694 1044 1757 verba
1060 1694 1187 1780 prefata
1204 1701 1235 1756 et
1249 1694 1441 1776 juramentis
1458 1715 1515 1778 per
1531 1715 1603 1757 eum
1620 1695 1773 1780 prestitis,
1790 1702 1826 1759 ut
1842 1698 2012 1781 prefertur,
2031 1698 2186 1782 nobisque

367 1826 424 1890 per
440 1805 560 1868 dictum
576 1805 733 1867 sindicum
750 1803 922 1867 sindicario
939 1809 971 1865 et
987 1801 1208 1888 procuratorio
1226 1802 1353 1865 nonrine
1371 1801 1534 1865 humiliter
1550 1803 1741 1888 supplicato,
1755 1811 1790 1867 ut
1806 1803 1892 1867 facta
1909 1787 2056 1890 primitus
2072 1826 2185 1869 secun-

367 1913 442 1974 dum
465 1911 610 1996 predicta
632 1912 817 1994 juramenta
840 1932 898 1995 per
922 1931 995 1972 eum
1019 1909 1163 1994 prestita,
1181 1915 1213 1972 et
1236 1909 1463 1995 promissiones
1489 1908 1530 1970 ab
1554 1930 1592 1972 eo
1615 1909 1801 1974 solemniter
1831 1911 1934 1975 factos
1958 1912 2129 1977 sindicario
2154 1920 2186 1976 et

365 2018 585 2104 procuratorio
610 2019 737 2081 nomine
762 2017 1024 2081 constituentium
1049 2016 1265 2101 predictorum
1290 2037 1348 2100 per
1372 2015 1472 2079 dictos
1496 2037 1683 2098 commune,
1709 2017 1952 2082 universitatem
1976 2026 2008 2081 ct
2031 2019 2186 2104 populum

365 2125 448 2188 dicte
466 2125 604 2188 civitatis
621 2124 827 2188 bononiensis
844 2124 1046 2187 restitutione
1068 2131 1100 2186 et
1123 2122 1375 2206 reintegratione
1392 2130 1424 2186 et
1440 2122 1611 2186 traditione
1629 2125 1770 2208 integra,
1788 2123 1933 2208 plenaria
1950 2131 1981 2187 et
1997 2126 2077 2189 reali
2094 2126 2185 2189 nobis

364 2239 397 2296 et
419 2232 523 2296 eidem
547 2254 679 2296 romane
704 2232 837 2295 ecclesie
862 2231 900 2294 de
925 2231 1065 2312 civitate,
1083 2231 1237 2294 comitatu
1262 2237 1294 2294 et
1318 2229 1464 2294 districtu
1487 2230 1638 2316 predictis
1663 2253 1700 2294 ac
1724 2253 1812 2294 mero
1836 2237 1868 2294 et
1884 2232 1985 2296 mixto
2002 2233 2135 2318 imperio
2153 2241 2184 2298 et

364 2340 548 2404 omnimoda
561 2340 794 2424 jurisdictione,
812 2340 990 2424 ceterisque
1005 2339 1131 2423 juribus
1157 2339 1342 2402 eorumdem
1364 2339 1512 2422 civitatis,
1530 2341 1710 2421 comitatus,
1728 2323 1890 2404 districtus
1907 2348 1938 2402 et
1954 2341 2182 2425 posssessione,

365 2455 395 2511 et
417 2449 509 2533 qrrasi
532 2449 685 2532 ipsorum,
704 2469 741 2510 ac
758 2447 890 2510 retentis
907 2454 939 2509 et
956 2446 1128 2509 reservatis
1147 2453 1302 2532 perpetuo
1320 2447 1413 2509 nobis
1428 2453 1459 2510 et
1477 2447 1714 2510 successoribus
1732 2447 1850 2509 nostris
1867 2447 2007 2510 romanis
2024 2447 2182 2532 pontifici-

367 2555 425 2618 bus
442 2555 594 2619 canonicc
612 2555 804 2618 intrantibus
822 2562 853 2617 et
870 2553 973 2617 eidem
991 2574 1122 2616 romane
1140 2553 1273 2616 ecclesie
1292 2553 1420 2616 civitate
1434 2554 1633 2634 bononiensi,
1648 2554 1799 2616 comitata
1818 2561 1850 2616 et
1862 2554 2007 2617 districtu
2021 2554 2182 2640 predictis,

363 2685 400 2726 ae
424 2664 520 2748 pleno
545 2662 695 2744 dominio,
710 2661 933 2746 jurisdictione
958 2668 990 2725 et
1013 2667 1172 2745 potestate
1194 2667 1226 2723 et
1245 2662 1427 2746 principatu
1454 2661 1595 2745 ipsorum
1611 2667 1643 2722 et
1660 2662 1860 2745 possessione
1878 2661 1970 2725 totali
1986 2661 2182 2745 eorumdem,

363 2777 395 2832 et
418 2790 475 2854 per
499 2769 586 2854 ipsos
609 2769 708 2831 etiam
732 2788 910 2848 commune,
932 2767 1175 2830 universitatem
1199 2774 1231 2829 et
1255 2766 1409 2852 populum
1433 2765 1516 2829 dicte
1541 2766 1690 2847 civitatis,
1709 2773 1740 2828 et
1757 2788 1813 2852 per
1831 2767 2011 2851 singulares
2027 2789 2182 2852 personas

363 2877 502 2940 civitatis
527 2876 626 2962 ipsius
651 2896 747 2960 super
771 2875 831 2938 hoc
856 2875 894 2936 ad
920 2895 1035 2938 sonum
1059 2895 1214 2960 campane
1239 2874 1425 2936 solemniter
1441 2895 1529 2936 more
1546 2874 1651 2956 solito,
1669 2882 1764 2960 prout
1781 2874 1812 2936 in
1830 2874 2008 2958 majoribus
2025 2883 2057 2938 et
2074 2875 2182 2938 arduis

361 2985 503 3069 ipsorum
528 2983 666 3066 negotijs
691 2989 880 3046 consuetum
904 2981 1021 3064 extitit,
1047 2981 1307 3066 congregandos,
1332 2981 1523 3065 acceptatis,
1548 2981 1752 3066 approbatis,
1778 2982 1955 3065 ratificatis,
1980 2983 2182 3067 emologatis,

360 3091 565 3172 confirmatis,
591 3091 767 3171 concessis,
793 3111 830 3152 ac
853 3089 970 3173 juratis
995 3081 1159 3174 specifice,
1185 3088 1392 3173 singulariter
1417 3093 1449 3150 ct
1472 3109 1624 3173 expresse
1649 3088 1797 3152 omnibns
1820 3097 1853 3152 et
1876 3090 2013 3174 singulis
2037 3091 2181 3154 articulis

360 3200 393 3261 in
417 3198 618 3283 presentibus
641 3197 743 3260 literis
767 3196 1024 3283 comprehensis,
1050 3203 1081 3258 et
1106 3195 1146 3258 ab
1171 3197 1283 3259 eodem
1308 3195 1429 3258 sindico
1454 3202 1486 3258 et
1517 3203 1724 3280 procuratore
1757 3195 1899 3281 ipsorum
1931 3198 2058 3260 nomme
2091 3219 2181 3261 reeo-

361 3306 468 3390 gnitis,
494 3305 694 3386 confessatis,
720 3306 869 3386 narratis,
894 3303 1105 3386 concordatis,
1128 3304 1292 3388 promissis
1317 3312 1348 3366 et
1370 3304 1486 3386 juratis
1510 3303 1632 3367 eisdem
1656 3305 1826 3386 communi,
1844 3305 2048 3368 universitati
2071 3312 2103 3369 ct
2126 3328 2181 3392 po-

362 3413 437 3498 pulo
468 3414 553 3476 circa
582 3413 834 3476 nominationem
858 3433 916 3497 per
939 3433 994 3474 eos
1022 3410 1205 3474 faciendam
1229 3432 1440 3496 personarum
1463 3413 1495 3474 in
1519 3411 1717 3474 Potestatem
1742 3419 1775 3474 et
1799 3410 2011 3496 Capitaneum
2036 3413 2182 3497 ejusdem

360 3521 498 3584 civitatis
523 3520 803 3602 assumendorum,
829 3525 861 3584 et
883 3541 940 3604 per
965 3541 1022 3582 nos
1054 3519 1106 3581 vel
1135 3539 1336 3582 successores
1367 3526 1493 3582 nostros
1524 3541 1581 3582 scu
1613 3519 1786 3604 collegium
1807 3518 2039 3583 'Cardinalinm
2070 3528 2181 3586 sancte

361 3649 491 3692 romane
516 3627 661 3709 ecclesie,
681 3627 763 3690 Sede
780 3635 927 3709 vacante,
946 3627 1224 3690 comedendarum
1248 3626 1368 3689 eisdem
1393 3628 1488 3690 certis
1512 3627 1607 3690 modo
1632 3633 1663 3690 et
1683 3627 1786 3690 forma
1803 3634 1879 3690 tunc
1897 3627 1928 3689 in
1944 3628 2046 3691 literis
2064 3630 2181 3692 nostris

360 3736 532 3820 expressis,
557 3734 664 3798 facere
688 3735 827 3819 gratiam
852 3735 1060 3819 dignaremur
1089 3734 1252 3797 nonnullis
1277 3735 1350 3818 alijs
1374 3735 1415 3797 ab
1440 3734 1552 3798 eodem
1577 3734 1698 3798 sindico
1723 3747 1754 3797 et
1777 3742 1984 3820 procuratore
2009 3736 2180 3800 sindicario

359 3849 392 3907 et
414 3844 636 3928 procuratorio
661 3844 789 3906 nomine
814 3844 1077 3906 constituentium
1101 3843 1319 3928 predictorum
1342 3842 1512 3928 postulatis
1530 3864 1549 3904 a
1564 3843 1671 3924 nobis,
1689 3843 1780 3926 eujus
1798 3843 2067 3928 postulationibus
2085 3845 2180 3907 certis

360 3950 454 4014 modo
478 3965 510 4013 et
534 3950 648 4031 ferina,
673 3950 728 4012 nbi
752 3950 828 4014 dieti
853 3971 1039 4032 connnnne,
1065 3950 1258 4013 universitas
1282 3958 1314 4013 ct
1337 3950 1475 4036 populus
1499 3971 1564 4013 non
1588 3950 1737 4013 simulate
1768 3949 1824 4013 sed
1852 3971 1927 4013 vere
1952 3951 2180 4034 procederent,

361 4081 398 4122 sic
422 4059 578 4144 premissa
603 4057 806 4120 solemnitate
839 4065 983 4138 servata,
1007 4057 1184 4121 secundum
1207 4057 1353 4142 predicta
1374 4059 1562 4140 juramenta
1584 4065 1616 4121 et
1640 4058 1868 4143 promissiones
1892 4080 1949 4144 per
1974 4058 2094 4122 dictum
2116 4060 2180 4122 sin·

360 4165 466 4230 dicum
490 4166 594 4229 factas
618 4166 789 4228 sindicario
813 4173 846 4228 et
869 4165 1090 4251 procuratorio
1114 4165 1242 4228 nomina
1275 4165 1536 4228 constituentium
1559 4165 1791 4250 predictorum,
1816 4173 2038 4252 acceptarent,
2064 4187 2180 4252 appro-

359 4273 483 4355 barent,
509 4273 716 4354 ratificarcnt,
742 4274 973 4358 emologarcnt,
998 4271 1235 4354 confirmarent,
1260 4273 1489 4354 concederent;
1507 4295 1544 4337 ae
1565 4275 1715 4356 jurarent
1738 4272 1895 4358 specifice,
1917 4273 2125 4358 singulariter
2149 4281 2181 4337 ct

360 4402 512 4466 expresse
537 4401 647 4444 omnes
672 4387 703 4444 et
728 4380 872 4464 singulos
897 4380 1049 4443 articulos
1073 4380 1106 4442 in
1127 4380 1220 4443 dictis
1237 4380 1338 4443 literis
1355 4381 1472 4444 nostris
1489 4381 1747 4465 comprehensos,
1765 4387 1796 4443 et
1812 4402 1870 4465 per
1886 4380 2006 4444 dictum
2023 4380 2181 4444 sindicum

359 4497 391 4550 et
415 4495 655 4574 procuratorem
681 4487 823 4572 ipsorum
848 4487 976 4550 nomine
1002 4487 1194 4571 recognitos,
1219 4487 1427 4570 confessatos,
1452 4495 1610 4569 narratos,
1636 4487 1855 4569 concordatas,
1877 4487 2050 4572 promissos
2075 4495 2107 4551 et
2126 4489 2179 4571 ju-

359 4601 446 4659 ratos
470 4596 623 4658 (luximus
648 4595 866 4658 annuendum.

446 4702 488 4765 Et
513 4703 546 4764 in
574 4703 702 4788 signum
735 4702 868 4786 dominij
898 4710 929 4765 ct
961 4703 1195 4788 superioritatis
1228 4702 1373 4786 ejusdem
1397 4723 1528 4766 romane
1556 4702 1700 4767 Ecclesie
1732 4703 1931 4787 aliorumque
1953 4702 2093 4784 jurium,
2117 4723 2178 4786 que

359 4809 444 4873 dicta
467 4809 614 4873 Ecclesia
650 4811 749 4872 habet
784 4810 816 4872 in
849 4809 995 4892 civitate,
1021 4810 1192 4892 comitatu,
1217 4810 1364 4873 districtu
1395 4809 1565 4895 predictis,
1589 4816 1622 4873 st
1653 4809 1905 4894 recognitionem
1937 4809 2116 4872 devotionis
2147 4817 2179 4871 et

359 4917 592 5000 subjectionem
616 4917 774 4980 dictorum
799 4917 956 5000 civitatis,
981 4919 1217 4994 universitatis,
1243 4919 1421 4982 communis
1440 4925 1477 4989 ,et
1500 4918 1611 5004 populi
1641 4917 1887 4980 bononiensium
1915 4917 2019 4980 eidem
2043 4935 2178 4980 romane

359 5023 503 5088 Ecolcsie
528 5025 719 5106 debitarum,
738 5024 883 5110 prefatus
900 5025 1041 5088 sindicus
1065 5032 1097 5088 et
1121 5033 1319 5111 procurator,
1336 5026 1459 5090 habeus
1484 5025 1525 5088 ad
1549 5024 1609 5088 hoc
1634 5046 1652 5087 a
1676 5024 1827 5110 predictis
1848 5025 1988 5106 civitate,
2006 5025 2177 5106 communi,

358 5132 568 5196 universitate
593 5139 625 5195 et
648 5133 768 5218 populo
793 5133 932 5217 speciale
956 5133 1144 5195 mandatum
1168 5140 1199 5195 et
1222 5133 1402 5218 plenariam
1417 5139 1619 5218 potestatem,
1637 5132 1810 5195 sindicario
1828 5137 1860 5195 et
1875 5131 2097 5217 procuratorio
2120 5153 2176 5194 no·

359 5240 444 5303 mine
468 5240 665 5322 eorumdem,
682 5241 713 5302 in
736 5247 846 5303 nostra
871 5249 902 5303 et
926 5239 1083 5303 dictorum
1108 5240 1244 5303 fratrum
1268 5241 1430 5325 presentia
1455 5240 1580 5321 obtulit,
1597 5238 1685 5302 dedit
1709 5246 1740 5302 et
1765 5239 1930 5302 constitnit
1953 5239 2044 5302 nobis
2061 5245 2093 5302 et
2108 5261 2178 5302 suc-

358 5348 538 5411 cessoribus
556 5348 672 5410 nostris
690 5347 831 5410 romanis
855 5347 1058 5432 pontificibus
1080 5348 1232 5411 canonice
1249 5346 1443 5411 intrantibus
1460 5353 1492 5410 et
1508 5347 1612 5410 eidem
1629 5367 1760 5410 romane
1776 5346 1921 5410 Ecclesia
1938 5347 1970 5409 in
1987 5353 2178 5432 perpetuum

358 5476 416 5539 pro
441 5454 581 5536 civitate,
607 5455 760 5518 comitatu
784 5461 816 5518 et
840 5455 985 5518 districtu
1010 5454 1171 5540 predictis,
1197 5463 1320 5518 certum
1343 5476 1484 5536 censum,
1510 5476 1547 5517 ac
1570 5454 1717 5539 promisit
1741 5460 1774 5518 et
1794 5455 1917 5538 juravit
1940 5455 2068 5517 nomine
2089 5461 2121 5517 et
2145 5455 2175 5517 in

359 5562 483 5625 animas
507 5562 771 5626 constituentium
795 5562 1012 5647 predictorum
1036 5563 1157 5625 dictum
1180 5583 1312 5626 censum
1335 5562 1528 5646 ubicumque
1553 5583 1704 5624 romanus
1728 5561 1875 5646 pontifex
1899 5567 2001 5642 esset,
2027 5561 2104 5647 ipsis
2128 5585 2177 5626 ro·

359 5691 452 5734 mano
477 5670 630 5754 pontifici,
649 5669 703 5754 qui
727 5676 811 5733 osset
834 5691 892 5754 pro
917 5676 1070 5754 tempore,
1089 5676 1120 5732 et
1144 5691 1277 5733 romane
1301 5669 1434 5733 ecclesie
1452 5669 1504 5732 vel
1527 5669 1632 5732 eidem
1655 5659 1797 5733 ecclesie¹
1815 5669 1870 5732 ubi
1894 5670 1965 5754 ipsa
1982 5668 2075 5751 foret,
2093 5669 2176 5732 Sede

358 5784 511 5858 vacante,
538 5777 569 5839 in
594 5776 675 5839 festo
701 5777 870 5840 beatorum
895 5778 1113 5862 apostolorum
1141 5777 1230 5840 Petri
1255 5785 1286 5840 et
1307 5777 1421 5858 Pauli,
1446 5783 1512 5839 tam
1536 5797 1593 5862 pro
1619 5777 1760 5861 presenti
1784 5798 1868 5840 anno
1893 5798 1989 5862 quam
2014 5778 2177 5862 perpetuis

358 5885 474 5948 futuris
498 5884 707 5969 temporibus,
733 5885 875 5969 ipsorum
899 5885 1087 5966 communis,
1112 5885 1330 5949 universitatis
1355 5893 1386 5948 et
1411 5884 1522 5970 populi
1546 5885 1725 5970 sumptibus
1751 5891 1782 5947 ct
1805 5885 1971 5970 expensis,
1996 5884 2088 5947 annis
2113 5885 2177 5947 sin·

358 5991 443 6077 gulis
467 5991 592 6054 solvere
620 5998 652 6054 et
683 5991 884 6076 integraliter
907 5992 1073 6076 assignare
1099 5993 1157 6055 snb
1182 5992 1276 6056 cortis
1300 5992 1392 6077 penis
1415 5997 1447 6055 ct
1470 5991 1637 6055 sententiis
1661 5992 1693 6055 in
1718 5993 1810 6055 dictis
1834 5993 1936 6056 literis
1960 5992 2076 6054 nostris
2101 5998 2177 6055 tunc

358 6099 530 6184 expressis,
549 6099 574 6161 si
599 6121 656 6184 per
680 6121 735 6163 cos
759 6101 791 6162 ia
816 6100 975 6164 solutione
1000 6122 1113 6164 census
1138 6101 1282 6184 ejusdcm
1306 6107 1466 6164 cessatum
1491 6100 1573 6165 foret
1598 6101 1629 6162 in
1654 6100 1798 6186 predicto
1822 6106 1854 6164 et
1878 6101 1949 6163 aliis
1974 6099 2117 6163 terminis
2135 6100 2176 6163 ad

356 6206 416 6269 heo
440 6206 624 6290 specialiter
648 6207 832 6291 assignatis.
1658 6193 1660 6198 ¹

446 6313 602 6399 Idemque
626 6313 767 6378 sindicus
792 6321 824 6378 et
848 6323 1037 6401 procurator
1060 6316 1207 6401 promisit
1231 6316 1417 6379 solemniter
1440 6322 1472 6379 et
1492 6316 1626 6400 juravit,
1651 6315 1778 6378 nomine
1799 6321 1831 6378 et
1854 6315 1886 6378 in
1910 6315 2034 6377 animas
2058 6315 2175 6378 eonsti-

358 6421 516 6484 tuentium
540 6421 768 6506 predictorum,
785 6444 820 6486 se
841 6422 1001 6486 facturum
1025 6429 1057 6486 et
1081 6431 1267 6487 curaturum
1291 6445 1363 6487 cnm
1385 6423 1516 6505 effectu,
1534 6423 1619 6508 quod
1636 6423 1793 6508 premissa
1810 6444 1866 6508 per
1883 6421 2002 6485 dictum
2019 6421 2176 6485 sindicum

357 6535 389 6590 et
414 6535 656 6613 procuratorem
680 6535 761 6611 acta,
780 6537 883 6614 gesta,
900 6531 1068 6615 promissa,
1087 6531 1205 6612 oblata,
1224 6531 1309 6612 data,
1328 6532 1501 6595 constituta
1525 6537 1557 6594 et
1579 6532 1699 6615 jurata,
1717 6537 1748 6595 et
1772 6531 1836 6593 alia
1861 6530 1968 6592 onrrria
1991 6536 2023 6592 ct
2046 6529 2175 6614 singula
