5490 7750
838 664 1069 714 senosanam
1098 664 1148 712 ΑΙ)
1177 662 1431 712 PROFESSORES
1460 661 1565 712 sums
1593 661 1727 712 DIVILIS
2112 639 2182 710 141

366 833 402 895 91
431 824 577 896 canibus
606 823 642 894 in
670 846 788 895 eseam
818 821 921 916 datis,
942 845 1125 918 usquequo
1153 819 1296 892 tandein
1325 819 1444 892 lurore
1473 818 1682 892 damnabilis
1711 818 1963 913 indignationis
1992 819 2097 892 iidem
2124 821 2187 892 bo·

366 949 553 1021 nonienses
582 947 733 1036 accensi,
755 947 933 1020 devictum
959 955 1114 1018 castrum
1142 945 1270 1040 Legati
1298 945 1436 1039 magnis
1465 944 1605 1040 quidem
1630 945 1795 1041 expensis
1819 968 1987 1017 romanae
2006 943 2186 1018 Ecclesiae

366 1073 590 1145 aedificatum
620 1072 779 1144 funditus
809 1079 891 1144 sunt
920 1069 1095 1166 demoliti,
1127 1081 1161 1142 91
1190 1077 1314 1166 postea
1341 1069 1377 1140 in
1406 1069 1585 1142 civitatem
1616 1077 1651 1142 ct
1679 1069 1894 1164 districtum,
1919 1069 1996 1165 jam
2028 1068 2186 1142 liberatis

366 1223 387 1270 a
416 1198 617 1270 carceribus
646 1197 806 1294 pluribus
838 1195 1090 1270 homicidiariis
1129 1203 1164 1266 91
1202 1194 1368 1267 maleficis
1405 1194 1625 1290 hominibus,
1656 1195 1700 1268 ad
1739 1195 1918 1268 civitatem
1951 1194 2116 1268 bannitus
2152 1204 2187 1267 91

366 1322 487 1395 hostes
515 1347 683 1394 romanae
713 1322 906 1417 Ecclesiae,
928 1321 1151 1393 marchiones
1179 1343 1306 1416 nempe
1334 1320 1504 1392 Estenses
1532 1343 1611 1392 cnm
1636 1319 1839 1394 eorumdem
1859 1319 2097 1416 stipendiariis
2116 1319 2187 1392 Bo-

365 1447 508 1520 noniam
537 1447 825 1520 introduxerunt.
848 1446 987 1519 Idcirco
1007 1445 1306 1542 quemadmodum
1324 1444 1458 1516 ultimis
1477 1443 1600 1517 diebus
1620 1444 1846 1542 pontificatus
1865 1444 2040 1518 lobannis
2059 1445 2186 1518 XXII.

365 1571 415 1644 nil
443 1572 519 1644 fieri
547 1572 674 1669 potuit,
701 1572 752 1644 ita
780 1572 996 1645 Benedictus
1024 1571 1311 1666 X11.,ejusue1n
1341 1594 1534 1665 successor,
1556 1569 1758 1667 praemissis
1786 1569 1995 1642 necessariis
2024 1570 2187 1642 monitio-

366 1697 471 1768 nibus
498 1705 533 1770 et
562 1696 598 1768 in
629 1697 767 1769 irritum
796 1721 895 1769 cessa
924 1695 1150 1793 expeditione
1180 1694 1450 1792 Archicpiscopi
1480 1695 1744 1789 ebredunensis,
1775 1693 1818 1766 de
1847 1694 2014 1766 Fratrum
2043 1694 2188 1778 99991119

366 1830 486 1894 monet
515 1820 748 1895 Defensorem
778 1821 910 1919 populi,
940 1821 1180 1915 Potestatcm,
1212 1819 1468 1917 Capitoneum,
1499 1818 1688 1916 Consules,
1719 1817 1959 1914 Consiliarios,
1989 1819 2032 1892 de
2061 1820 2188 1916 quihus

367 1947 528 2019 omnibus
558 1946 592 2019 in
622 1947 689 2018 hac
717 1946 841 2020 eadem
869 1945 974 2018 litera
1003 1945 1146 2018 nomina
1174 1944 1366 2040 habentur,
1397 1953 1437 2016 ut
1466 1944 1559 2020 infra
1588 1944 1738 2016 duorum
1767 1944 1940 2018 mensium
1970 1945 2125 2042 spatium
2151 1946 2189 2016 in

368 2071 555 2168 pristinum
584 2081 717 2144 statum
747 2071 865 2144 omnia
894 2071 1078 2165 reducant,
1100 2079 1136 2141 et
1165 2070 1308 2142 tandem
1337 2069 1528 2164 aliquando
1557 2070 1592 2140 in
1620 2069 1784 2142 manibus
1812 2069 1969 2167 episcopi
1996 2070 2186 2164 florentini,

368 2195 426 2269 vel
453 2196 643 2292 imolensis,
665 2196 868 2294 provinciae
897 2193 1153 2268 Romandiolae
1182 2195 1358 2289 Rectoris,
1379 2195 1415 2265 in
1444 2193 1627 2291 pacificam
1656 2194 1913 2291 possessionem
1941 2194 2108 2290 civitatis,
2129 2219 2188 2267 co-

366 2321 512 2394 mitatus
532 2333 566 2394 et
588 2322 769 2394 districtus
789 2330 949 2394 sanctam
971 2320 1098 2393 Sedem
1126 2321 1328 2414 restituant,
1350 2321 1415 2392 sub
1435 2343 1550 2417 poena
1579 2319 1724 2415 majoris
1753 2320 2128 2393 excommunicationis
2152 2328 2188 2392 et

367 2447 565 2542 interdicti,
596 2472 746 2543 quorum
774 2471 817 2518 ne
848 2445 991 2518 valeant
1020 2445 1257 2540 ignorantiam
1291 2443 1466 2540 allegare,
1497 2445 1751 2542 praescribitur
1788 2445 1822 2516 in
1861 2445 1985 2518 cedern
2020 2469 2187 2542 processu

367 2573 493 2644 modus
521 2596 581 2646 eos
611 2573 754 2667 citandi,
777 2571 836 2667 qui
864 2572 932 2644 suit
961 2579 1085 2643 contra
1114 2595 1235 2642 ornnes
1264 2569 1503 2665 singularibus
1530 2569 1731 2642 nominibus
1759 2579 1903 2642 vocatos
1937 2579 1971 2642 et
2000 2570 2036 2641 in
2065 2571 2186 2642 eodem

367 2721 535 2794 processu
563 2695 814 2769 contentoslll.
845 2696 978 2768 Datum
1008 2695 1194 2768 Avenione
1224 2695 1290 2768 IV.
1320 2719 1402 2769 non.
1428 2694 1585 2790 januarii
1613 2719 1695 2768 ann.
1726 2694 1794 2767 ΙΙΙ.

473 2821 627 2894 Nomina
658 2846 791 2917 eorum,
822 2822 882 2919 qui
910 2822 946 2893 in
975 2821 1168 2918 apostolico
1197 2844 1365 2918 processu
1394 2821 1568 2893 citantur:

473 2947 695 3042 Franciscus,
717 2947 904 3044 episcopus
933 2946 1150 3041 cenetensis,
1173 2946 1396 3018 Alamannus
1425 2945 1467 3016 (19
1498 2943 1618 3042 Opieis
1647 2945 1690 3017 (19
1719 2944 1828 3042 Luca,
1854 2945 1975 3042 miles,
1997 2945 2188 3018 Thadaeus

364 3072 407 3143 de
436 3072 592 3168 Pepulis,
615 3072 733 3166 legum
762 3072 906 3167 doctor,
938 3072 1121 3145 dohannes
1149 3081 1184 3144 et
1214 3072 1382 3165 Jacobus,
1409 3071 1485 3166 ejus
1514 3069 1594 3166 filii,
1616 3070 1799 3143 ι1911991999
1828 3071 1871 3142 (19
1900 3071 2056 3169 Pepulis,
2077 3071 2189 3144 irater

364 3197 450 3268 dicti
478 3197 659 3292 Thodaei,
691 3197 818 3270 Cernes
856 3198 899 3270 de
928 3196 1091 3294 Pepulis,
1122 3198 1198 3293 ejus
1226 3196 1336 3285 111199,
1366 3196 1503 3292 Lippus
1532 3197 1574 3268 de
1604 3195 1766 3293 Pepulis,
1796 3196 1950 3270 Bornius
1983 3197 2026 3270 de
2064 3197 2187 3269 Sama·

365 3319 489 3392 ritanis
518 3331 553 3393 et
582 3321 784 3417 Raynerius
813 3323 889 3418 ejus
918 3320 1021 3416 filius,
1043 3320 1192 3416 milites,
1223 3295 1363 3392 Bitinus
1393 3321 1436 3392 de
1466 3319 1717 3416 Samaritanis,
1748 3319 1992 3394 Brandalisius
2021 3322 2064 3392 de
2094 3319 2187 3394 Goz-

366 3444 511 3540 zadinis,
533 3445 634 3518 miles
664 3456 699 3518 et
727 3445 845 3542 legum
875 3447 1019 3540 doctor,
1049 3445 1213 3518 09199199
1242 3444 1532 3540 Bartholuecius,
1554 3444 1719 3518 09911999
1739 3447 1782 3518 (19
1803 3445 2035 3542 Gozzadinis,
2056 3444 2190 3518 Paulus

366 3570 408 3642 de
438 3570 631 3668 LiazariiS,
664 3574 787 3645 (199199
815 3572 1058 3667 decretorum,
1089 3572 1301 3645 Franciscus
1330 3573 1372 3644 de
1401 3571 1594 3668 Liazariis,
1624 3571 1742 3666 legum
1771 3571 1914 3668 doctor,
1944 3572 2189 3667 Macagnanus

366 3695 408 3767 de
430 3697 657 3792 Azzoguidis,
685 3697 874 3794 antiquior,
895 3696 1014 3792 legum
1035 3697 1178 3791 docter,
1202 3696 1358 3769 Thomas
1377 3696 1421 3769 de
1440 3696 1676 3792 Formaginis,
1696 3697 1814 3792 legum
1836 3697 1975 3794 doctor,
1997 3697 2126 3770 Petrus
2146 3698 2190 3770 de

366 3821 579 3918 Bompetris,
600 3821 718 3918 logum
739 3823 883 3918 doctor,
905 3823 1062 3895 Jacobus
1092 3823 1135 3894 de
1166 3822 1407 3917 Buttrigariis,
1429 3821 1545 3916 legum
1567 3822 1712 3916 docter,
1732 3821 2005 3896 Bartholomeus
2029 3831 2064 3896 et
2092 3822 2187 3896 Lau-

365 3948 502 4020 rentius
530 3948 572 4019 de
602 3947 844 4044 Duttrigariis,
874 3947 992 4042 legum
1021 3948 1204 4042 (19919999,
1234 3947 1513 4043 BonineontruS,
1544 3947 1636 4020 filius
1665 3948 1839 4021 Johannis
1868 3948 2036 4022 Andreae
2069 3950 2188 4021 decre-

367 4082 484 4145 torum
513 4073 685 4165 doctoris,
716 4073 885 4144 Ferrinus
916 4074 958 4144 de
989 4071 1172 4167 Galluciis,
1204 4071 1324 4168 miles,
1356 4071 1515 4145 09191199
1551 4082 1586 4145 91
1620 4072 1847 4146 Bechadinus
1876 4073 1918 4145 de
1947 4072 2187 4166 Beccadellis,

366 4196 581 4269 Mazarellus
611 4197 654 4270 de
684 4197 845 4292 Ouzano,
876 4196 1080 4270 Dinarellus
1116 4196 1159 4270 de
1189 4196 1372 4293 Gisleriis,
1402 4197 1567 4270 09911999
1596 4199 1638 4270 (19
1668 4197 1850 4293 019199119,
1879 4196 2034 4270 Miehael
2062 4206 2098 4270 91
2126 4199 2189 4270 Ja-

367 4323 475 4395 cobus
504 4323 546 4394 de
576 4322 769 4418 Asgelata,
800 4323 986 4420 Philippus
1016 4323 1058 4394 de
1088 4322 1269 4417 Asinellis,
1301 4323 1422 4418 miles,
1453 4323 1655 4420 Raynerius
1684 4324 1726 4394 de
1756 4322 1956 4418 Odolredis,
1983 4323 2093 4419 miles,
2124 4323 2189 4395 Ni-

367 4446 487 4520 colaus
516 4448 558 4520 de
589 4447 692 4544 Sala,
715 4448 937 4520 Bounomeus
966 4449 1009 4520 de
1039 4447 1192 4542 Suricis,
1213 4446 1418 4520 Dinarellus
1447 4448 1489 4519 de
1519 4448 1732 4544 Thebaldis,
1752 4448 2010 4544 Maghinardus
2039 4450 2081 4521 (19
2111 4449 2190 4522 Ρ91-

367 4572 544 4667 madiciis,
574 4571 706 4646 Bertus
735 4573 777 4646 de
806 4572 1021 4668 BaaaleriiS,
1044 4572 1250 4645 Bazalerius
1280 4574 1457 4669 quondam
1485 4572 1626 4646 Nicolai
1654 4575 1697 4646 de
1725 4573 1940 4670 Bazalcriis,
1961 4575 2118 4648 Jacobus
2147 4576 2189 4648 de

366 4697 618 4794 Cazanimicis,
649 4698 833 4794 Albertus,
864 4698 951 4771 alias
981 4699 1096 4771 dictus
1124 4698 1316 4794 Delbruza,
1347 4699 1389 4770 (19
1419 4698 1673 4794 Cazanimicis,
1705 4698 1923 4772 Gniduecius
1960 4701 2189 4797 (191199999-

365 4823 486 4918 nibus,
516 4822 626 4896 Fulce
655 4823 698 4896 de
727 4823 898 4918 Borellis,
929 4823 1062 4896 Paulus
1090 4823 1368 4896 911999991199
1398 4824 1441 4896 de
1470 4823 1708 4922 Bonaeaptis,
1739 4823 1967 4898 Blanoalinus
1996 4826 2187 4920 dardinus,

365 4947 550 5019 Brintinus
584 4947 783 5044 Blanchus,
814 4949 945 5021 Bertus
984 4959 1019 5020 91
1048 4951 1205 5022 Jacobus
1235 4948 1493 5044 (1901999199,
1525 4948 1662 5022 Tilolus
1693 4950 1736 5021 de
1765 4949 1956 5044 091199119,
1987 4950 2127 5024 0111999
2156 4961 2191 5023 91

368 5071 549 5144 09911999
579 5073 621 5146 (19
651 5073 919 5170 Papazonibus,
951 5074 1191 5171 Passipauper
1227 5075 1268 5146 de
1304 5074 1643 5172 Passipeuperibus,
1673 5075 1884 5148 Franciscus
1913 5076 1955 5148 de
1985 5074 2191 5148 099919911-

368 5197 478 5292 19919,
500 5198 691 5271 Zacharias
721 5199 763 5270 do
793 5199 957 5271 Tinathis
987 5208 1022 5271 et
1050 5198 1212 5272 hluzolus
1241 5200 1284 5271 de
1313 5198 1497 5294 Tinathis,
1519 5201 1676 5273 Jacobus
1704 5201 1747 5273 de
1765 5200 1973 5298 Delphinis,
1995 5201 2126 5274 Nerius
2147 5203 2189 5274 (19

366 5320 574 5419 Delphinis,
606 5322 805 5396 Salvatious
835 5323 877 5396 (19
907 5323 1116 5420 Delphinis,
1146 5323 1370 5397 Branchinus
1408 5325 1451 5397 de
1483 5324 1519 5397 la
1547 5324 1726 5420 Casezas,
1756 5325 1967 5398 Franciscus
1996 5326 2039 5399 de
2068 5327 2191 5400 Benti-

367 5447 489 5542 voliis,
519 5447 656 5520 Β99199
686 5448 728 5520 (19
758 5449 986 5545 Bentivoliis,
1017 5451 1174 5522 Jacobus
1203 5450 1245 5522 de
1274 5449 1503 5545 Bentivoliis,
1533 5450 1695 5523 Muzelus
1724 5451 1767 5522 de
1796 5450 2022 5548 Baldovinis,
2053 5451 2191 5526 Cardu-

366 5573 440 5645 cius
469 5582 504 5644 et
533 5573 726 5670 Laygonus
755 5574 797 5646 de
827 5574 1158 5671 BasacornatrihuS,
1179 5575 1310 5648 Bertus
1338 5585 1372 5647 et
1402 5577 1531 5649 Petrus
1559 5577 1602 5648 de
1622 5571 1957 5672 Basacomatribus,
1978 5577 2127 5652 Donnus
2148 5580 2190 5652 de

367 5697 503 5791 Pretis,
526 5698 682 5771 Thomas
712 5699 754 5772 de
785 5699 983 5773 Carncleva
1012 5699 1100 5774 alias
1125 5701 1168 5772 de
1188 5701 1326 5796 Ρ99119,
1348 5700 1544 5774 Guiducius
1565 5701 1607 5773 de
1626 5702 1765 5797 Pretis,
1786 5701 1970 5775 Mattheus
1990 5704 2032 5776 de
2052 5704 2188 5799 Ρ99119,

368 5823 517 5895 Betiuus
546 5824 589 5896 de.
619 5824 851 5920 Clarissimis,
882 5826 1092 5898 Franciscus
1121 5826 1164 5898 de
1194 5825 1330 5922 019919,
1360 5827 1551 5922 Antonius,
1572 5826 1742 5900 Nicolaus
1772 5835 1807 5900 et
1836 5827 2025 5900 Tezolinus
2055 5830 2097 5901 de
2126 5829 2191 5901 Al-

368 5949 545 6045 bergatis,
576 5948 790 6023 Berthucius
820 5950 862 6023 de
892 5950 1207 6047 Prendipartibus,
1229 5951 1348 6024 Minus
1378 5952 1421 6024 de
1451 5949 1681 6048 Garisendis,
1701 5951 1821 6024 Natus
1850 5953 1893 6024 de
1912 5953 2040 6050 Ticiis,
2060 5953 2190 6026 Bertus

368 6073 410 6146 dc
441 6075 562 6171 Ursis,
593 6077 770 6170 Jacobus,
802 6077 932 6150 Bertus
962 6084 997 6148 91
1026 6076 1219 6150 Ferrantes
1255 6078 1297 6150 de
1333 6078 1538 6175 Ferrantis,
1569 6078 1760 6152 Thadaeus
1789 6087 1824 6152 91
1852 6078 1985 6152 Ρ99199
2014 6080 2056 6152 (19
2085 6080 2191 6153 Born-

448 6431 487 6494 (1)
509 6428 579 6480 Vide
599 6429 650 6481 sub
670 6445 744 6480 num.
764 6427 864 6488 LXV..
885 6445 939 6482 car.
962 6433 1011 6481 108
1035 6434 1062 6482 91
1082 6447 1172 6500 seqq.,
1193 6435 1220 6483 91
1240 6431 1323 6482 otiam
1348 6432 1375 6482 in
1396 6433 1441 6483 cit.
1462 6431 1524 6484 Cod.
1542 6433 1621 6499 dipl,
1641 6434 1694 6486 rol.
1709 6437 1751 6499 80,
1771 6450 1844 6485 nunr.
1864 6433 2143 6500 Lxxl-nxxx111.,
2164 6441 2191 6486 et

368 6519 420 6569 rol.
441 6521 471 6569 81
495 6535 567 6570 num.
582 6517 689 6583 I-t'11.,
709 6535 759 6570 999
780 6534 830 6569 999
852 6519 879 6569 19
900 6519 1033 6582 Ronconi,
1053 6537 1096 6588 op.
1115 6522 1176 6584 eit,
1196 6521 1248 6572 rol.
1269 6521 1307 6584 1.,
1326 6537 1349 6572 9.
1372 6524 1499 6574 att-³02.
