5484 7746
828 658 1059 712 SPECTANTIA
1089 659 1139 708 AD
1170 656 1423 708 PROFESSORES
1450 655 1658 704 MEDICINAE

1213 1024 1274 1088 Xl.

1097 1236 1194 1320 1292,
1218 1238 1261 1300 22
1285 1239 1398 1301 rrrcrdii.

460 1448 513 1512 Ex
537 1448 650 1512 eodem
673 1448 792 1532 Areh.;
816 1449 912 1513 Mem.
939 1447 1135 1513 Gerardonis
1158 1451 1382 1515 Beuecrennis
1407 1450 1446 1514 de
1473 1450 1601 1533 Casula,
1626 1470 1677 1514 an.
1706 1451 1801 1532 1292,
1826 1471 1889 1514 car.
1916 1451 1956 1513 52
1981 1451 2023 1514 v.''

331 1661 486 1747 Compro·
551 1661 726 1725 Millesimo
750 1661 969 1726 ducentesimo
993 1663 1202 1748 nonagesimo
1234 1664 1391 1742 secundo,
1415 1663 1589 1726 indictione
1622 1662 1751 1747 quinta,
1776 1662 1827 1726 die
1859 1662 1964 1747 sabatj
1995 1662 2150 1748 vigesimo

330 1769 473 1833 missum.
551 1769 692 1834 secundo
717 1771 837 1833 marcio
862 1769 1012 1834 intrante.

334 1912 509 1919 ————
549 1879 602 1952 (Ῑῖ
611 1876 770 1941 Dominus
794 1877 949 1962 magister
973 1877 1135 1960 Thadeus,
1153 1878 1306 1961 medicus,
1322 1881 1374 1954 (ἵ
1383 1877 1530 1942 dominus
1555 1876 1710 1960 magister
1732 1875 1980 1940 Bartholomeus
2000 1877 2040 1940 de
2056 1877 2151 1940 Vari·

330 2005 449 2070 gnane,
469 1993 582 2070 sponte
607 1984 812 2068 comiserunt,
829 1993 1045 2072 suposncrunt
1069 1992 1102 2049 et
1125 1987 1413 2072 compromiserunt
1436 2007 1470 2050 se
1494 1986 1527 2050 iu
1551 1973 1716 2048 dominum
1738 1983 1941 2069 Hngolinnm
1964 1984 2003 2048 de
2026 1985 2151 2050 Monte-

329 2093 455 2178 canigo,
474 2093 631 2158 vicarium
647 2092 768 2157 domiui
793 2092 975 2178 Synibaldj,
993 2093 1254 2158 archidiaconum
1275 2093 1432 2176 Bononie,
1450 2100 1483 2156 et
1499 2093 1532 2156 in
1548 2092 1719 2177 magistros
1735 2091 1962 2177 Hospinellum
1979 2099 2149 2177 essentem,

329 2199 524 2263 Nicholaum
547 2200 587 2264 de
612 2200 763 2285 Brayna,
787 2198 968 2264 Lucienum
991 2206 1024 2263 et
1046 2199 1310 2264 Bonaventuram
1334 2199 1373 2262 de
1397 2198 1559 2284 Pergamo
1584 2199 1707 2262 eteius
1732 2197 1947 2281 adinctorem,
1971 2203 2007 2261 ut
2030 2199 2095 2262 alte
2118 2205 2151 2263 et

329 2306 423 2370 basse
447 2307 489 2370 ad
513 2328 625 2372 eorum
649 2307 866 2370 omnimodam
889 2307 1100 2388 voluntatem,
1118 2305 1374 2393 disposicionem,
1393 2306 1633 2371 ordinacionem
1649 2313 1681 2368 et
1698 2304 1877 2388 arbitrium,
1893 2305 2017 2390 possint
2041 2311 2073 2368 ct
2094 2327 2149 2368 va-

329 2413 417 2476 leant
447 2414 625 2497 arbitrare,
650 2413 784 2478 laudare
810 2421 841 2477 et
865 2413 1002 2477 diffinire
1027 2413 1066 2477 de
1090 2435 1201 2478 eorum
1225 2414 1281 2477 lite
1305 2419 1337 2477 et
1361 2415 1543 2499 questione,
1569 2412 1729 2476 discordia
1753 2420 1785 2476 et
1807 2433 1963 2497 rangore,
1989 2412 2151 2496 quiesset

330 2527 362 2584 et
385 2541 456 2585 esse
479 2528 589 2607 posset
612 2521 696 2584 iuter
720 2520 849 2584 eosdem
874 2521 1046 2605 magistros
1069 2520 1234 2585 dominum
1259 2519 1427 2584 Tlradeum
1451 2527 1483 2584 et
1507 2518 1772 2584 Bartholomeum
1797 2541 1839 2582 ex
1862 2540 1899 2582 co
1925 2518 2010 2603 quod
2030 2518 2151 2584 dictum

329 2633 378 2691 cst
401 2628 469 2713 ipse
494 2628 650 2714 magister
673 2627 922 2692 Bartholomeus
946 2628 1121 2712 recepisset
1144 2628 1306 2692 scholares
1324 2627 1424 2714 ipsius
1441 2627 1588 2711 magistri
1604 2626 1749 2712 Thadey,
1767 2633 1799 2689 et
1816 2625 1901 2710 quod
1917 2625 1985 2712 ipse
2002 2625 2150 2690 dominus

329 2733 516 2820 Hngolinus
541 2743 573 2799 et
597 2735 745 2821 magistri
768 2735 892 2821 possint
918 2735 1093 2822 procedere
1124 2734 1346 2820 temporaliter
1374 2741 1406 2798 et
1439 2735 1649 2821 spiritualiter
1677 2741 1789 2798 contra
1824 2732 1929 2819 ipsum
1959 2734 2149 2818 magistrum

329 2840 604 2924 Bartholomenm,
629 2849 662 2906 et
684 2841 860 2906 secundum
884 2841 970 2927 qnod
993 2842 1040 2906 eis
1064 2842 1225 2906 ridebitur
1250 2863 1368 2927 equum
1392 2849 1424 2905 et
1445 2843 1568 2926 justum
1592 2841 1697 2928 ipsum
1721 2840 1835 2926 punire
1860 2848 1892 2903 et
1916 2841 2153 2927 condempnare

331 2956 463 3036 propter
487 2948 649 3032 delictum,
667 2949 735 3013 sive
759 2969 939 3030 excessum,
957 2955 1155 3012 actentatum
1179 2955 1211 3013 et
1234 2949 1412 3034 perfectum
1437 2956 1549 3012 eontra
1572 2948 1728 3012 honorem
1752 2947 1829 3011 dicti
1845 2947 1966 3011 domini
1982 2947 2153 3012 Archidia·

329 3057 401 3120 coni
417 3063 450 3120 et
466 3056 587 3120 demini
608 3056 768 3141 Hngolinj
786 3055 900 3140 vicarij
922 3055 1059 3142 predietj
1085 3063 1117 3119 et
1140 3055 1277 3140 Collegii
1300 3055 1532 3142 Magistrcrum
1556 3077 1628 3120 cnm
1652 3054 1799 3120 omnibus
1824 3060 1857 3117 et
1879 3054 2015 3140 singulis
2038 3056 2151 3141 pactis,

330 3162 445 3244 causis,
464 3163 564 3248 penis,
579 3163 744 3248 promissis
761 3169 793 3226 et
810 3161 1062 3248 obligationibus
1079 3163 1112 3226 in
1129 3162 1214 3226 dicto
1231 3163 1460 3248 compromisso
1477 3163 1646 3227 contentis.
1664 3162 1802 3247 Insuper
1821 3161 1969 3224 dominns
1985 3161 2006 3225 J
2009 3161 2152 3226 ohannes

332 3269 494 3353 quondam
510 3269 632 3334 domini
648 3269 827 3333 Guillielmi
844 3269 883 3333 de
899 3268 1080 3352 Mulnariis,
1098 3270 1246 3354 precibus
1264 3276 1296 3333 ct
1311 3269 1465 3334 mandato
1482 3269 1558 3333 dieti
1574 3269 1696 3332 domini
1711 3269 1859 3353 magistri
1873 3266 2104 3351 Bertholomei,
2121 3275 2153 3333 et

331 3375 480 3440 dominus
504 3376 608 3440 Diuus
632 3376 769 3441 condam
792 3376 913 3441 domini
935 3375 1086 3440 Nicholai
1102 3376 1141 3440 de
1159 3376 1323 3460 Tebaldis,
1341 3376 1491 3462 precibus
1508 3383 1540 3440 et
1556 3377 1707 3441 mandato
1724 3375 1871 3461 magistri
1888 3374 2001 3461 Tadey
2017 3375 2153 3461 predicti

331 3483 427 3546 fidem
450 3483 600 3548 habentis
624 3491 657 3549 et
680 3505 714 3548 se
738 3483 950 3570 principalem
974 3484 1209 3566 constituentis,
1233 3491 1265 3547 et
1289 3483 1471 3566 insolidum,
1500 3485 1717 3569 promiserunt
1740 3485 1824 3548 dioto
1848 3482 1977 3547 domino
2000 3482 2152 3568 Ugolino,

330 3598 362 3656 et
386 3590 458 3654 atii·
483 3591 613 3654 arbitris
637 3591 875 3676 suprascriptis,
893 3591 1084 3677 recipientes
1109 3612 1166 3677 pro
1191 3612 1225 3655 se
1249 3591 1327 3678 ipsis
1351 3599 1383 3654 et
1408 3591 1552 3676 Collegio
1577 3591 1772 3677 supradicto,
1796 3596 1829 3654 et
1852 3588 1938 3675 quod
1961 3589 2022 3676 ipsi
2046 3589 2153 3654 obser·

330 3698 454 3761 vabunt
477 3703 509 3760 et
534 3695 757 3782 adimplebunt
784 3704 816 3760 et
841 3695 970 3760 effectui
993 3697 1235 3760 demandabant
1258 3697 1366 3761 omnia
1390 3703 1422 3760 ct
1446 3696 1575 3782 singula
1591 3717 1653 3782 que
1674 3696 1770 3778 dicta,
1787 3695 1921 3759 laudata
1937 3701 1969 3758 et
1985 3695 2152 3778 arbitrata,

331 3806 543 3888 sententiata,
568 3811 721 3891 precepta
745 3811 777 3869 et
801 3804 966 3868 declarata
998 3804 1129 3868 fuerunt
1152 3805 1212 3868 sub
1236 3826 1319 3890 pena
1343 3805 1555 3869 ducentarum
1578 3804 1734 3868 librarum
1757 3803 2014 3886 bononenorum,
2039 3824 2081 3867 ex
2104 3803 2152 3866 in-

330 3919 509 3977 strumento
533 3912 659 3976 Arnolfi
683 3912 846 3997 quondam
862 3911 884 3977 J
886 3911 1040 3976 ohannini
1064 3912 1182 3976 notarii
1205 3912 1275 3976 heri
1299 3912 1385 3976 sacto
1405 3912 1552 3982 Bononia
1569 3913 1600 3975 in
1618 3912 1748 3976 civitate
1764 3911 1920 3992 Bononie,
1938 3910 1971 3973 in
1987 3909 2081 3974 domo
2098 3910 2154 3974 ubi

331 4027 476 4082 moratur
500 4018 648 4083 dominus
672 4017 859 4103 Hngolinus
883 4018 1056 4104 predictus,
1074 4018 1277 4104 presentibus
1301 4018 1457 4103 magistro
1481 4018 1591 4082 Monte
1615 4017 1654 4082 de
1671 4017 1781 4101 Prato,
1799 4017 1933 4081 Zanello
1949 4016 1989 4080 de
2006 4015 2152 4099 Mantua,

333 4125 516 4211 professore
540 4126 618 4190 artie
642 4125 810 4206 medicine,
828 4125 1001 4189 Cittadello
1026 4125 1188 4210 quondam
1211 4125 1456 4211 Boneompagui
1480 4131 1512 4189 et
1535 4147 1587 4188 me
1609 4124 1796 4190 Gerardone
1817 4124 1941 4188 notario
1957 4123 2103 4206 testibus,
2120 4130 2153 4188 et

335 4233 380 4296 sic
404 4232 481 4316 dictj
507 4239 711 4297 contraeutes
736 4254 801 4296 una
824 4254 897 4296 cum
920 4233 1005 4296 dicto
1029 4233 1155 4296 notario
1179 4231 1331 4296 dixerunt
1354 4239 1387 4296 et
1410 4233 1506 4296 scribi
1530 4232 1685 4296 fecerunt.

1203 4553 1283 4617 XII.

1074 4769 1171 4848 1293,
1197 4770 1240 4832 22
1263 4770 1412 4834 ianuarii.

543 4982 595 5046 Ex
619 4983 750 5047 archivo
773 5005 799 5048 s.
823 4983 990 5048 Francisei
1012 4982 1159 5067 Bonum,
1184 4984 1239 5048 lib.
1264 4983 1308 5066 H,
1334 5006 1364 5047 n.
1390 4987 1443 5066 80,
1468 5004 1552 5048 nune
1577 4985 1608 5047 in
1634 4983 1715 5048 Tab.
1739 4983 1828 5046 Max.
1852 4983 1945 5065 bon,

956 5098 1032 5155 sect.
1063 5116 1078 5149 ‹
1102 5091 1288 5156 Dcmmrialc
1311 5115 1341 5170 »,
1366 5112 1452 5154 num.
1469 5073 1544 5184 ἐξ.

424 5303 464 5367 In
488 5304 617 5368 nomine
640 5302 789 5385 Domini,
815 5325 919 5368 amen.
944 5303 1040 5368 Anno
1065 5305 1211 5389 ejusdem
1243 5305 1412 5369 millesimo
1445 5303 1663 5368 ducentesimo
1694 5303 1904 5387 nonagesimo
1934 5302 2047 5384 tertio,
2071 5301 2154 5366 indi·

337 5411 441 5475 ctione
458 5418 562 5494 scxta,
580 5411 631 5475 die
647 5411 804 5496 vigesimo
821 5411 961 5476 secundo
978 5413 1097 5476 mensis
1114 5413 1259 5497 januarij
1283 5413 1442 5476 intrantis.
1455 5415 1507 5487 (Π
1518 5411 1679 5496 Egregius
1699 5409 1749 5474 rir
1765 5415 1797 5473 et
1820 5409 1976 5474 discretus
2000 5409 2154 5494 magister

336 5517 465 5582 Tadeus
490 5518 652 5603 quondam
676 5518 798 5582 domini
821 5517 994 5601 alderotti,
1019 5519 1074 5604 qui
1097 5517 1158 5582 fuit
1182 5519 1221 5583 de
1245 5519 1423 5602 Florentia,
1442 5519 1520 5582 artis
1541 5519 1628 5582 fisice
1646 5517 1808 5604 professor
1824 5522 1857 5580 et
1872 5516 1993 5600 doctor,
2010 5516 2043 5581 in
2057 5517 2155 5602 plena

337 5633 369 5689 et
392 5626 477 5690 bona
501 5647 558 5688 sue
583 5626 698 5688 mentis
722 5625 931 5712 dispositione
955 5627 1133 5690 consistens
1154 5633 1186 5690 et
1209 5627 1293 5691 bono
1317 5648 1424 5710 sensu,
1449 5625 1656 5690 animavertit
1680 5624 1765 5709 quod
1788 5624 1894 5688 carnis
1917 5625 2082 5710 ingressus
2105 5624 2155 5688 sui

337 5753 463 5817 semper
487 5740 640 5818 operatur
662 5753 822 5817 egressus,
840 5741 872 5796 et
888 5733 974 5820 qnod
998 5733 1066 5798 dies
1090 5734 1235 5819 quilibet,
1249 5735 1346 5818 juxta
1362 5733 1554 5798 sententiam
1570 5731 1735 5818 sapientis,
1752 5737 1801 5795 eet
1817 5731 1906 5794 velut
1920 5729 2053 5794 ultimus
2069 5730 2153 5794 crdi-

337 5839 473 5921 nandue,
490 5846 522 5902 et
538 5839 684 5923 ejusdem
707 5839 882 5902 auctoritas
905 5847 1103 5926 protestatur
1127 5840 1330 5904 comodatum
1355 5840 1424 5904 fore
1440 5840 1505 5902 vite
1521 5839 1694 5920 hominem,
1712 5845 1744 5901 et
1759 5859 1822 5902 non
1839 5838 2003 5920 donatum,
2021 5845 2053 5900 et
2068 5836 2154 5922 quod

337 5954 453 6010 cuncta
477 5946 640 6009 mundana
664 5953 752 6011 motu
777 5947 962 6011 transitorio
985 5955 1155 6012 transeunt
1178 5954 1210 6012 et
1234 5947 1410 6011 discnrunt.
1436 5946 1651 6011 Considerans
1675 5945 1772 6008 etiam
1793 5944 1908 6030 prefixi
1925 5945 1986 6008 sibi
2002 5945 2155 6030 temporis

338 6053 435 6136 hora,
460 6075 592 6117 suarum
625 6075 732 6118 rerum
764 6053 1006 6140 dispositionem
1039 6055 1229 6141 preambula
1257 6055 1370 6118 statuit
1392 6053 1579 6141 pervenire,
1604 6052 1700 6115 saluti
1725 6051 1830 6115 anime
1860 6051 2072 6137 providendo,
2096 6071 2156 6116 nec

338 6181 401 6225 non
425 6160 668 6225 honorificentie
694 6161 864 6247 corporali.
888 6161 932 6225 Et
955 6183 994 6226 ne
1020 6161 1128 6247 itaque
1152 6162 1235 6226 inter
1258 6161 1394 6226 heredes
1411 6179 1486 6225 suos
1502 6161 1543 6224 ob
1559 6159 1750 6224 divisionem
1766 6180 1874 6222 rerum
1889 6157 2158 6223 hereditariarum

338 6266 518 6332 faciendam
543 6268 684 6331 scintilla
707 6268 865 6332 discordie
888 6290 945 6332 seu
968 6269 1104 6332 materia
1127 6269 1225 6354 litigij
1250 6268 1473 6350 subnascatur,
1497 6289 1555 6353 per
1578 6287 1710 6330 suarum
1732 6286 1839 6329 rerum
1863 6273 1895 6328 et
1917 6265 2074 6330 bonorum
2098 6266 2156 6330 mi·

338 6375 557 6439 nistratoriam
581 6374 765 6457 factionem,
788 6381 960 6461 postquam
984 6376 1133 6439 naturale
1157 6375 1302 6439 debitum
1324 6375 1500 6439 reddiderit
1521 6375 1652 6460 plenam
1673 6371 1897 6437 certitudinem
1920 6372 2157 6437 successoribus

338 6483 451 6547 innuat
475 6481 631 6564 veritatis,
653 6483 685 6545 in
708 6483 794 6548 huno
818 6482 948 6547 modum
972 6504 1065 6546 suum
1090 6482 1355 6570 nuncupativum,
1372 6482 1440 6546 sine
1465 6481 1592 6567 scriptis
1616 6479 1777 6545 ordinarit
1800 6486 1832 6543 ct
1856 6479 2035 6565 composuit
2058 6486 2155 6544 testa·
