5544 7750
1081 691 1272 742 APPENDIX
1299 691 1450 742 Aurana

345 847 415 930 ejus
442 845 587 932 epistole,
605 867 685 932 quas
710 845 816 910 emisit
838 846 872 909 in
896 867 950 911 eos
974 846 1059 932 stylo
1083 847 1228 909 innume-

344 953 463 1017 rabiles
480 974 580 1039 pene;
599 952 714 1038 quibus
739 975 843 1038 reges,
859 953 1026 1040 pontifices
1042 961 1075 1018 et
1098 951 1230 1036 augusti

345 1082 457 1124 earum
481 1061 648 1124 sententiis
672 1082 710 1125 ac
726 1062 887 1146 gravitate
908 1062 997 1144 moti,
1015 1061 1056 1124 ad
1079 1083 1113 1125 se
1138 1061 1230 1123 illum

254 1221 258 1230 .
344 1168 473 1233 trahere
497 1167 740 1232 incredibilibus
764 1168 989 1232 emolumentis
1013 1169 1120 1232 conati
1143 1175 1229 1232 sunt.

345 1274 408 1338 Sed
441 1277 511 1360 ejus
539 1276 666 1339 celestis
697 1275 825 1340 bonitas
850 1324 1091 1341 ........
1120 1282 1229 1340 nostre

344 1383 447 1469 patrie
472 1382 549 1446 vicit
572 1383 777 1469 pontificum,
801 1405 915 1468 regum
947 1390 980 1446 et
1006 1383 1137 1469 augusti
1160 1404 1229 1445 mu·

344 1511 432 1554 nera.
449 1490 567 1554 Maluit
590 1491 691 1555 ferme
715 1491 778 1555 dici
795 1491 1016 1557 cancellarius
1040 1490 1228 1556 florentinus

342 1598 401 1662 sub
434 1597 580 1662 modesta
612 1598 753 1684 quadarn
780 1598 994 1663 delectatione
1026 1619 1098 1662 oum
1123 1598 1229 1662 erudi·

344 1705 467 1769 tissime
500 1712 597 1791 atque
625 1705 733 1771 divino
762 1707 869 1770 animo
893 1706 1016 1770 civibus
1040 1705 1228 1786 florentinis,

312 1853 314 1856 .
340 1813 442 1876 veluti
467 1861 736 1878 .........
767 1813 1025 1898 supradictarum
1056 1814 1227 1895 virtutum,

342 1967 752 1984 .............
782 1942 879 2006 quam
905 1921 937 1984 in
968 1920 1226 2007 pontificalibus,

341 2027 409 2090 sire
434 2027 659 2112 augustalibus
683 2029 772 2092 atriis
803 2050 876 2092 oum
900 2029 1053 2093 clientum
1077 2029 1226 2112 catervis,

343 2158 416 2201 cum
439 2137 564 2222 ingenti
588 2137 779 2202 auctoritate
798 2159 972 2225 pomposus
988 2139 1140 2225 conspici.
1157 2139 1226 2203 Nec

339 2245 456 2307 mirum
479 2250 538 2326 est,
556 2244 674 2330 quippe
696 2243 845 2308 Oolucius
867 2266 991 2309 morum
1015 2268 1053 2310 ao
1070 2247 1225 2310 virtutum

340 2352 431 2415 fenix
454 2351 486 2415 in
514 2359 581 2415 toto
614 2351 708 2434 orbe,
732 2352 908 2416 nobilitans
936 2374 1000 2417 non
1031 2355 1136 2417 solum
1167 2375 1224 2440 pa-

338 2460 436 2522 triam
464 2459 521 2522 sed
543 2459 709 2545 Europam
733 2481 871 2542 omnem,
888 2481 960 2524 cum
977 2482 1041 2524 non
1062 2462 1157 2526 modo
1174 2483 1224 2525 re·

338 2573 511 2652 presentet,
529 2565 584 2630 sed
610 2567 708 2630 etiam
731 2567 868 2631 excedat
889 2568 1020 2653 ingenia
1036 2576 1225 2633 cunctorum

341 2679 487 2738 veterum
511 2679 689 2759 poetarum.
707 2673 781 2760 Ipse
799 2675 885 2738 enim
902 2676 1010 2740 omnia
1026 2675 1153 2740 dicendi
1169 2697 1225 2762 ge-

342 2802 421 2845 nera
444 2782 591 2867 prosaice
619 2789 651 2846 et
674 2783 806 2846 metrice
830 2783 916 2846 solus
941 2783 1030 2847 novit
1047 2805 1116 2847 cum
1135 2791 1226 2848 tanta

339 2889 487 2952 ubertate
516 2889 677 2971 doctrine,
703 2889 789 2974 quod
812 2890 937 2954 nescias
961 2898 1069 2954 utrum
1092 2890 1225 2976 profun-

340 2995 411 3059 dius
435 3018 477 3059 au
502 2996 646 3060 ornatius
672 2997 804 3083 expleat
827 3019 921 3061 omne
946 3019 1035 3084 opus.
1068 2999 1108 3062 Ei
1131 2999 1224 3062 fami·

340 3103 511 3166 liarissime
535 3111 610 3166 sunt
625 3104 758 3168 historie
776 3126 1050 3191 quarumcumque
1067 3107 1223 3192 gentium,

339 3217 477 3296 suntque
502 3212 532 3274 ei
556 3233 668 3275 sensus
692 3211 877 3276 fabularum
899 3213 1067 3277 notissimi.
1084 3213 1127 3278 Et
1151 3215 1223 3280 bre-

338 3321 420 3383 viter
444 3319 599 3405 quidquid
624 3369 832 3385 .......
866 3342 1032 3385 sacrarum
1055 3323 1223 3388 literarum

333 3428 420 3511 jacet
441 3427 473 3490 in
491 3427 625 3511 gremio,
642 3427 704 3491 sibi
725 3434 873 3514 apertum
896 3436 954 3492 est.
976 3428 1077 3515 Lege,
1094 3431 1121 3495 si
1138 3431 1222 3496 hesi-

340 3541 401 3617 tas,
419 3534 627 3599 scientiarum
642 3535 815 3620 gurgitem,
829 3557 885 3598 seu
899 3537 1040 3600 abissum
1057 3540 1223 3625 appellare

338 3642 451 3724 mavis,
473 3641 594 3705 librum
618 3642 699 3726 ejus,
717 3663 812 3726 quem
838 3691 1045 3708 .......
1070 3645 1109 3710 de
1133 3647 1222 3711 labo·

335 3749 424 3812 ribus
449 3749 601 3813 Herculis
625 3749 820 3834 quotidianis
843 3757 932 3815 tenet
955 3759 1007 3816 etc.
1024 3751 1132 3838 Legae
1156 3754 1221 3818 ele-

337 3857 563 3942 gantissimum
586 3857 705 3920 librum
728 3857 837 3940 illum,
862 3881 957 3944 quem
981 3860 1021 3923 de
1045 3861 1220 3946 religione,

336 3973 433 4050 atque
457 3965 536 4048 fuga
560 3965 660 4028 seculi
683 3966 743 4029 sub
763 3966 855 4029 titulo
881 3965 1084 4052 Hyeronimi‚
1102 3970 1221 4033 camal-

335 4071 478 4136 dulensis
503 4071 633 4136 Ordinis
658 4071 838 4155 Generalis,
855 4073 966 4139 edidit.
985 4075 1093 4161 Legae
1114 4077 1221 4141 croica

338 4187 441 4243 metra
464 4179 503 4243 de
527 4179 613 4244 bello
636 4179 722 4243 Pirri
738 4179 848 4244 habito
866 4203 938 4245 cum
954 4182 1126 4248 Romanis:
1144 4189 1221 4250 tunc

338 4286 436 4370 dices,
461 4287 546 4372 quod
569 4287 660 4373 prius
684 4286 723 4350 de
747 4288 881 4353 Marone
905 4289 994 4353 Naso
1017 4286 1159 4356 dixerat:

453 4455 552 4508 Omnis
571 4456 662 4508 divino
681 4458 843 4509 monstrarit
861 4459 982 4511 carmine
1001 4457 1102 4512 Vates:

337 4615 368 4672 st
391 4630 442 4691 ne,
459 4629 532 4672 cum
552 4608 654 4672 multa
677 4607 800 4693 dixero,
825 4609 920 4695 plura
943 4611 982 4674 de
1007 4611 1072 4674 suis
1097 4612 1219 4677 meritis

335 4722 527 4801 preteream,
544 4716 604 4780 heo
628 4717 668 4780 sit
692 4738 818 4780 summa
841 4719 984 4781 omnium
999 4717 1217 4786 dicendorum.

337 4823 483 4888 Colutius
501 4803 644 4909 ¹Pyerius
668 4846 740 4888 mea
757 4827 917 4890 sententia
933 4827 1020 4890 solus
1036 4835 1085 4891 est
1101 4849 1218 4894 arcane

336 4938 451 4996 nature
474 4931 640 5014 conscius,
665 4933 720 5016 qui
755 4932 865 4997 divina
895 4934 982 4998 solus
1014 4942 1046 4999 et
1075 4936 1218 5000 humana

336 5039 506 5124 complecti
543 5039 660 5122 animo,
685 5046 717 5102 et
751 5040 860 5125 eloqui
894 5043 968 5106 stilo
1002 5043 1103 5128 possit
1136 5043 1218 5108 adeo

334 5146 552 5210 exuberanter
578 5152 614 5208 ut
637 5167 747 5210 omnes
771 5147 919 5212 laudatos
943 5155 1069 5212 veteres
1090 5157 1218 5215 antoce-

335 5255 391 5319 dat
415 5303 689 5320 .........
714 5255 856 5320 Additur
879 5279 1004 5322 summa
1020 5259 1110 5343 fides,
1127 5260 1217 5324 beni·

335 5363 441 5448 gnitas
465 5362 661 5426 incredibilis
683 5370 715 5426 et
730 5363 888 5428 modestia
912 5366 1105 5450 singularis3
1123 5374 1164 5450 et,
1182 5374 1218 5432 ut
1244 5441 1246 5448 Α

335 5469 534 5552 concludam,
560 5477 668 5534 cetera
697 5470 908 5534 humanitatis
940 5473 1039 5536 offitia
1069 5495 1168 5560 penes
1192 5475 1217 5538 i-

335 5600 427 5664 psum
451 5600 551 5642 unum
575 5584 659 5661 sunt,
684 5585 716 5642 et
740 5578 896 5665 quidquid
918 5580 1038 5644 dixerit
1061 5582 1173 5646 credas
1197 5605 1217 5647 a

335 5685 444 5749 divino
461 5685 549 5749 fonte
565 5686 704 5749 relatum
721 5707 801 5768 esse,
819 5687 971 5772 quoniam
992 5689 1123 5753 oracula
1139 5689 1217 5754 Del·

334 5793 406 5878 phis
430 5802 571 5876 cessant,
597 5801 629 5857 et
652 5814 672 5857 a
695 5815 826 5859 nemore
859 5794 1005 5860 dodonec
1028 5798 1216 5883 prophetice

334 5901 442 5966 abiere
466 5901 613 5966 columbe
638 5950 813 5966 ......
837 5902 905 5967 Nec
928 5911 960 5967 te
984 5911 1019 5968 ut
1042 5905 1145 5990 pictor
1168 5906 1216 5969 fa-

332 6009 461 6073 bulator
484 6008 626 6073 verbulis
651 6010 730 6073 meis
754 6010 870 6093 laudo,
896 6033 992 6097 quem
1018 6012 1216 6076 incredibilis

333 6116 490 6202 sapientie
514 6124 568 6180 tue
592 6116 718 6180 abissus
741 6117 863 6200 laudat,
881 6118 1026 6204 predicat
1046 6125 1102 6183 tua
1125 6119 1215 6184 boni-

333 6231 393 6305 tas,
411 6224 595 6308 eloquentia
618 6230 715 6309 atque
739 6226 857 6289 caritas
881 6226 914 6289 in
934 6226 1062 6290 mortali
1086 6226 1215 6292 homine

332 6352 397 6396 non
417 6330 577 6395 credenda
593 6338 645 6396 etc.
664 6331 767 6396 Crede
783 6354 899 6419 nempe
915 6333 1004 6418 mihi,
1022 6334 1116 6399 crede
1141 6357 1216 6399 can-

332 6437 490 6502 tatissime
514 6437 563 6501 vir
579 6438 725 6523 insignis,
743 6439 829 6524 quod
846 6442 993 6525 quamvis
1010 6463 1094 6506 nunc
1110 6443 1216 6507 clarus

333 6547 365 6609 in
389 6545 466 6611 orbe
491 6545 545 6628 sis,
569 6546 659 6610 vives
683 6553 791 6610 tamen
816 6547 976 6633 gloriosus
1000 6550 1032 6613 in
1057 6551 1215 6636 sepulcro.

2098 670 2171 741 299

1355 844 1496 910 Daunus
1528 853 1576 910 est
1603 848 1769 934 proprium
1804 854 1836 911 et
1870 848 2025 911 usitatum
2059 871 2176 914 nomen

1293 951 1462 1035 cujusdam
1485 961 1597 1038 poete,
1621 954 1806 1042 philosophi
1829 961 1862 1020 et
1889 955 2033 1041 theologi
2061 957 2177 1022 floren·

1292 1058 1362 1123 tini.
1386 1058 1452 1123 Ubi
1474 1066 1561 1143 nota,
1579 1062 1663 1146 quod
1688 1062 1720 1126 in
1745 1062 1833 1126 fonte
1857 1063 1940 1127 sacri
1964 1064 2085 1129 lavacri
2110 1067 2178 1130 Du-

1293 1173 1386 1230 rante
1410 1166 1472 1231 fuit
1494 1167 1555 1231 sibi
1576 1190 1693 1233 nomen
1709 1170 1904 1256 impositum.
1923 1171 1987 1236 Sed
2003 1173 2176 1237 blanditia-

1293 1293 1365 1336 rum
1388 1274 1509 1339 alludio
1534 1276 1710 1340 secundum
1725 1279 1932 1344 florentinum
1947 1281 2056 1363 ritum,
2074 1282 2177 1347 sinco-

1292 1388 1369 1467 pato
1390 1384 1529 1466 nomine,
1546 1385 1670 1450 Dantes
1687 1394 1820 1451 vocatus
1837 1396 1886 1452 est
1910 1438 2085 1456 ......
2111 1391 2176 1455 Sed

1293 1488 1484 1574 incipiamus
1509 1512 1528 1554 a
1551 1492 1734 1577 primordiis
1759 1502 1811 1559 etc.

1354 1702 1499 1769 Irocass
1523 1714 1574 1770 etc.

1354 1919 1500 1984 Tandem
1513 1923 1601 1986 venit
1616 1923 1773 1988 mirabilis
1787 1924 1960 1990 Gauranos
1974 1927 2074 1992 Venit
2086 1928 2174 1994 dein·

1289 2024 1328 2089 de
1350 2026 1454 2092 Rnsm
1478 2078 1618 2094 .....
1651 2030 1766 2096 deinde
1790 2034 1974 2100 Avrounna
2001 2043 2053 2100 etc.
2078 2044 2110 2101 st
2137 2046 2173 2102 ut

1291 2133 1333 2196 ad
1356 2133 1488 2200 Italicos
1511 2138 1657 2222 reniam,
1682 2140 1737 2225 qui
1753 2142 1842 2206 mira
1871 2143 2049 2207 subtilitate
2074 2166 2173 2231 opera

1289 2240 1453 2326 liquerunt
1476 2245 1509 2308 in
1531 2246 1666 2330 phisica,
1683 2248 1804 2334 primus
1828 2249 1990 2335 glossator
2010 2251 2174 2318 Thronus

1287 2347 1543 2435 Fnousurrnus,
1567 2355 1660 2438 cujus
1684 2354 1789 2420 adhuc
1805 2357 1925 2443 scripta
1941 2365 2015 2422 sunt
2031 2361 2172 2426 maxime

1288 2458 1508 2542 auctoritatis,
1539 2482 1602 2524 non
1635 2462 1720 2547 qnod
1755 2470 1829 2528 ante
1864 2487 1974 2530 omnes
2011 2470 2174 2553 aperuerit

1289 2563 1447 2629 medicine
1471 2573 1590 2650 textus,
1613 2569 1838 2654 sedquoniam
1862 2572 2008 2637 veritatis
2033 2584 2173 2640 assertor

1289 2672 1492 2738 felicissimus
1516 2681 1675 2740 teneatur.

1351 2889 1427 2952 Fuit
1457 2891 1555 2954 etiam
1585 2891 1697 2956 Diuus
1727 2912 1773 2956 oa
1802 2891 1932 2976 (iaaac,
1958 2916 2054 2979 quern
2083 2897 2189 2960 miris

1288 2996 1439 3062 laudibus
1462 2999 1590 3062 extollit
1617 2999 1811 3082 Musscrus
1828 3009 1925 3087 pocta
1948 3004 2090 3088 tragicus
2114 3027 2171 3091 pa-

1288 3105 1452 3168 ctarinns:
1476 3112 1509 3170 et
1540 3107 1638 3170 etiam
1670 3107 1738 3193 ipso
1767 3109 2035 3174 commendabilia
2069 3114 2172 3176 multa

1287 3213 1433 3299 scripsit,
1457 3221 1553 3300 prout
1576 3215 1670 3300 posui
1695 3215 1725 3280 in
1751 3216 1864 3281 eodem
1889 3218 1971 3283 libro
1994 3219 2092 3303 VIL,
2112 3221 2170 3285 alr.

1286 3318 1411 3385 Druse.

1348 3535 1445 3600 Hunc
1469 3557 1532 3600 non
1556 3536 1708 3601 inferiore
1732 3537 1820 3608 fama
1843 3560 1902 3604 nec
1925 3540 2056 3625 ingenio
2077 3564 2167 3607 secu·

1285 3648 1336 3706 tus
1365 3649 1414 3706 est
1447 3643 1532 3706 lilius
1556 3643 1711 3728 Turonas,
1737 3652 1771 3709 ut
1794 3646 1907 3732 scripsi
1931 3648 2044 3712 eodem
2066 3649 2164 3733 libr03

1285 3748 1343 3814 cfr.
1368 3750 1523 3814 Toronae.

1347 3964 1415 4029 Nec
1445 3986 1545 4051 parre
1569 3965 1671 4050 glorie
1695 3965 1757 4031 fuit
1781 3966 1947 4034 Goumara
1969 3989 2016 4034 us
2038 3970 2166 4036 Funer-

1282 4091 1361 4154 nxo,
1379 4073 1432 4158 qui
1450 4074 1552 4136 multa
1571 4073 1699 4159 copiose
1723 4075 1791 4139 sine
1816 4077 2003 4141 subtilitatis
2027 4080 2166 4144 admira-

1283 4179 1371 4244 tione
1396 4173 1585 4266 composuit.

1345 4393 1388 4458 Et
1407 4402 1443 4459 ut
1458 4397 1549 4460 vivos
1566 4397 1722 4480 omittam,
1740 4419 1820 4483 quos
1837 4398 1930 4463 video
1950 4398 2038 4463 lama
2061 4400 2165 4465 claros

1283 4506 1315 4565 et
1337 4502 1464 4588 scriptis
1485 4503 1554 4568 sine
1570 4504 1668 4568 dubio
1685 4505 1905 4588 celebrandos,
1923 4505 1984 4570 fuit
2001 4507 2166 4573 Ouarsro·

1282 4626 1416 4674 ruouus
1439 4629 1484 4673 nn
1507 4610 1682 4676 Honusms
1705 4612 1744 4676 de
1768 4611 1927 4696 Bononia,
1945 4613 2007 4678 luit
2022 4621 2054 4678 et
2070 4616 2165 4680 Mm-

1281 4733 1391 4780 snnus
1413 4717 1621 4802 pactarinus,
1647 4718 1702 4803 qui
1730 4719 1974 4785 universalitate
2002 4744 2109 4786 rerum
2134 4731 2167 4786 et

1282 4823 1418 4888 scientia
1441 4824 1567 4890 claruit.

1344 5040 1503 5105 Omnibus
1534 5049 1643 5106 tarnen
1673 5043 1935 5129 anteponendum
1963 5066 2078 5110 censeo
2101 5046 2166 5112 Pa·

1281 5168 1379 5214 ucum
1400 5169 1447 5213 uu
1470 5149 1619 5214 Hancne
1638 5152 1856 5236 pactavinum,
1874 5152 1929 5237 qui
1946 5155 2087 5219 maxime
2103 5157 2166 5220 uti·

1280 5255 1380 5320 litatis
1404 5256 1522 5322 librum
1545 5257 1646 5322 edidit
1663 5259 1697 5322 in
1721 5259 1890 5343 medicina,
1915 5261 2006 5345 cujus
2031 5263 2164 5328 titulus:

1283 5363 1498 5431 Conciliatores
1521 5375 1572 5432 etc.
1597 5366 1662 5440 Qui
1692 5369 1791 5432 etiarn
1822 5369 2000 5434 declararit
2031 5369 2165 5437 Proble-

1281 5481 1368 5536 mata
1402 5474 1599 5539 Aristotelis.
1626 5474 1762 5563 Scripsit
1792 5475 1831 5539 de
1862 5477 2013 5560 venenis,
2038 5484 2070 5541 et
2100 5479 2166 5544 alia

1280 5581 1383 5644 multa
1406 5580 1492 5664 fecit,
1510 5580 1590 5645 adeo
1606 5581 1749 5667 perfecte
1766 5583 1874 5647 omnia
1893 5584 1979 5668 quod
2003 5584 2098 5650 facile
2116 5587 2163 5649 in·

1280 5694 1330 5752 ter
1353 5688 1493 5753 medicos
1516 5689 1684 5776 europicos
1704 5689 1786 5754 alios
1803 5690 1920 5755 clarior
1936 5713 2001 5756 nou
2016 5693 2164 5758 habetur.

1341 5901 1410 5966 Nec
1433 5902 1534 5966 multo
1558 5903 1658 5988 prius,
1675 5903 1703 5966 si
1723 5903 1753 5967 ei
1776 5925 1840 5968 non
1865 5904 1926 5968 fnit
1942 5913 2165 5992 contempora·

1280 6031 1370 6092 neus,
1388 6010 1609 6076 Gummuuus
1632 6031 1678 6075 mo
1701 6012 1911 6095 Porsennam,
1935 6005 2064 6079 nomine
2088 6015 2164 6078 Pla-

1280 6116 1380 6200 cidus,
1405 6118 1438 6182 in
1461 6118 1606 6182 theorica
1635 6125 1668 6182 et
1700 6120 1844 6204 practica
1867 6120 2045 6204 medicina,
2070 6131 2166 6207 prout

1279 6225 1379 6312 ipsius
1407 6225 1598 6289 Gulielmius
1620 6224 1831 6290 demonstrat.

1340 6331 1502 6397 Extinctis
1521 6333 1572 6396 his
1588 6333 1764 6398 luminibus
1780 6334 1949 6418 medicine,
1964 6336 2029 6400 heu
2045 6336 2164 6401 adhoc

1279 6439 1427 6504 venimus
1451 6439 1483 6502 in
1507 6441 1651 6525 presenti
1673 6449 1708 6504 ut
1732 6442 1922 6527 cuicumque
1943 6442 2017 6506 rudi
2040 6465 2074 6508 se
2098 6465 2164 6507 me·

1280 6547 1387 6611 dicum
1409 6547 1573 6634 profitenti
1596 6547 1787 6632 subjiciatur
1811 6550 2031 6636 unusquisque
2055 6559 2107 6615 etc.
