5484 7746
770 670 999 720 SPEG'IANTIA
1029 669 1079 719 AD
1107 670 1361 720 Pnonnssoans
1390 670 1495 720 JURIS
1524 668 1699 720 canonlcl

1154 1073 1313 1139 11111111.

1113 1305 1210 1388 1101,
1235 1307 1256 1368 a·
1278 1307 1358 1370 auru

1987 1517 2033 1580 ,¹39

1987 1591 2039 1633 1111
2050 1587 2057 1601 ·

434 1535 489 1598 Ex
512 1535 611 1599 Arch.
637 1535 734 1599 Max?
751 1535 845 1618 bon,
868 1535 967 1599 Arch.
993 1537 1096 1600 sancti
1119 1536 1280 1601 Dominiei
1303 1537 1459 1621 Bononie,
1485 1545 1561 1603 0001.
1584 1563 1599 1596 s
1622 1539 1807 1604 Devoonicle
1830 1562 1860 1621 s,
1884 1559 1971 1601 num.

417 1786 457 1849 Iu
482 1786 610 1850 1101111110
634 1785 766 1850 Domini
790 1785 891 1850 nostri
914 1786 994 1850 Iesu
1018 1786 1147 1869 Christi,
1165 1809 1269 1852 0111011.
1293 1787 1389 1852 Anno
1414 1788 1559 1872 ejusdem
1582 1789 1750 1853 millesimo
1767 1789 1985 1854 ducentesimo
2002 1810 2143 1874 nonage-

327 1893 408 1958 simo
432 1895 583 1975 secunde,
600 1893 774 1957 indictione
798 1893 920 1978 quinta,
937 1893 988 1957 die
1012 1900 1105 1958 001110
1128 1894 1268 1958 intrante
1290 1916 1400 1958 mense
1421 1897 1506 1980 julij.
1532 1895 1613 1960 Cum
1636 1896 1734 1960 nichil
1758 1897 1799 1960 sit
1822 1896 1907 1982 quod
1923 1898 2026 1982 magis
2041 1897 2142 1961 homi·

328 2001 422 2065 nibus
446 2001 612 2083 debeatur,
637 2021 733 2086 quam
758 2008 793 2065 ut
816 2022 963 2086 supreme
988 2001 1164 2066 voluntatis
1188 2002 1269 2066 liber
1293 2002 1334 2066 sit
1358 2003 1449 2066 stilus
1480 2011 1512 2067 ct
1543 2004 1663 2068 licitum
1695 2005 1780 2090 quod
1811 2004 1927 2068 iterum
1950 2025 2015 2069 non
2038 2005 2144 2069 reddit

327 2107 506 2190 arbitrium,
528 2107 650 2192 jdcireo
675 2107 822 2172 dominus
845 2108 962 2172 Petrus
988 2107 1145 2194 Capretus
1169 2109 1208 2173 dc
1232 2108 1460 2192 Lambcrtinis,
1484 2131 1581 2174 sanus
1605 2117 1711 2174 11101110
1736 2117 1785 2176 001
1810 2111 1968 2196 languens
1999 2133 2141 2198 corpore,

328 2214 413 2279 diem
436 2223 616 2279 extremum
639 2215 807 2301 prevenire
831 2215 952 2297 voleus,
974 2237 1031 2301 per
1055 2237 1186 2302 presens
1210 2222 1438 2281 testamentum
1462 2217 1494 2282 111
1518 2218 1644 2304 scriptis
1668 2217 1708 2283 de
1732 2219 1824 2282 bouis
1848 2219 1914 2283 suis
1937 2219 2142 2305 infrascripto

328 2321 447 2406 [modo]
472 2323 644 2408 disposuit:

415 2431 454 2494 In
478 2431 589 2516 primis
614 2430 744 2515 quidem
768 2429 859 2515 eligit
881 2431 1081 2516 sepulturam
1104 2453 1196 2496 0110111
1220 2433 1306 2520 apud
1330 2433 1499 2497 ecclesiam
1522 2433 1608 2498 beati
1637 2432 1800 2498 Dominici
1831 2433 1965 2497 fratrum
1997 2434 2143 2521 predica·

327 2545 433 2603 torum
457 2538 496 2600 de
519 2537 686 2620 Bononia,
710 2543 742 2601 et
766 2537 867 2602 dictos
891 2538 1007 2601 fratres
1031 2548 1125 2624 rogat
1149 2540 1233 2625 qnod
1258 2540 1425 2626 sepultura
1449 2561 1507 2604 sua
1530 2541 1572 2604 sit
1595 2541 1797 2627 cymiterium
1827 2540 1984 2605 dictorum
2008 2541 2144 2606 fratrum

325 2647 421 2729 juxta
444 2666 572 2707 murum
595 2644 747 2726 ecclesie,
773 2652 806 2708 et
829 2667 887 2730 pro
912 2646 1062 2730 expensis
1087 2646 1128 2709 ad
1152 2647 1270 2711 dictam
1299 2648 1508 2734 sepulturam,
1533 2648 1601 2711 sive
1633 2649 1766 2712 archam
1795 2647 1978 2712 faciendam
2007 2655 2040 2712 ct
2069 2670 2143 2714 oon·

329 2752 525 2834 struendam,
543 2750 681 2837 reliquid
705 2759 834 2815 centnm
859 2752 1093 2837 quinquaginta
1117 2753 1216 2817 libras
1239 2755 1482 2818 bononenorum
1504 2755 1536 2818 in
1561 2753 1646 2818 dieto
1670 2776 1767 2840 opere
1784 2755 2023 2841 expendendas.
2039 2755 2079 2819 In
2095 2756 2146 2820 die

328 2881 405 2923 vero
428 2859 591 2944 sepulture
615 2879 672 2922 sue
696 2859 738 2922 ad
762 2858 978 2922 funerandum
1001 2860 1068 2923 sive
1093 2860 1133 2923 ad
1158 2861 1391 2946 sepelliendum
1421 2883 1536 2946 corpus
1560 2883 1668 2944 suuni,
1693 2863 1725 2924 in
1758 2862 1874 2947 pannis
1905 2862 2031 2946 sericis,
2057 2883 2147 2946 cera,

328 2967 500 3031 consorciis
526 2967 715 3030 clericorum
732 2972 765 3029 01
780 2966 853 3029 01110
868 2967 1058 3030 necessariis
1082 2967 1237 3031 faciendis
1259 2969 1344 3032 circa
1360 2968 1464 3055 ipsum
1480 2969 1587 3049 funus,
1605 2968 1741 3053 reliquid
1762 2975 1891 3032 centum
1915 2969 2149 3054 quinquaginta

330 3073 428 3138 libras
452 3073 706 3155 bononenorum,
723 3079 755 3136 ct
779 3094 835 3136 eas
858 3073 890 3136 in
914 3072 976 3137 hoc
999 3074 1140 3160 expendi
1162 3075 1274 3138 voluit.
1294 3075 1329 3138 Si
1351 3097 1428 3140 1010
1452 3097 1523 3139 eum
1549 3075 1629 3140 mori
1655 3075 1856 3160 contingeret
1876 3082 1969 3139 extra
1986 3077 2148 3142 civitatem

327 3180 473 3245 Bononie
503 3179 715 3265 ubicumque,
735 3180 805 3243 vult
830 3178 916 3265 quod
940 3202 1055 3266 eorpus
1079 3202 1170 3245 suum
1194 3181 1341 3246 Bononie
1365 3182 1530 3246 deferatur
1553 3182 1595 3248 ad
1619 3182 1852 3268 sepelliendum
1875 3183 1907 3246 in
1931 3183 2025 3248 domo
2049 3183 2149 3249 dieto·
2181 3257 2184 3264 ,

328 3309 399 3351 rum
423 3287 570 3370 fratrum,
595 3288 677 3351 sicut
700 3287 821 3351 dictum
845 3294 903 3371 est,
921 3295 953 3352 et
977 3310 1074 3374 super
1097 3288 1158 3354 hoc
1181 3311 1240 3375 pro
1264 3290 1415 3375 expensis
1439 3289 1604 3372 faciendis,
1621 3290 1827 3376 infrascripto
1851 3291 2069 3356 commissario
2090 3313 2147 3356 suo

328 3394 475 3459 concedit
497 3394 634 3458 liberam
657 3400 850 3481 potestatem
873 3401 970 3481 prout
993 3396 1054 3459 sibi
1077 3394 1176 3460 fuerit
1198 3396 1361 3482 expedire.

415 3501 500 3565 Item
524 3502 627 3566 voluit
650 3509 683 3565 et
706 3500 872 3566 insudavit
900 3502 986 3587 quod
1010 3503 1157 3566 omuibus
1182 3504 1236 3588 qui
1260 3511 1411 3590 poterunt
1434 3505 1577 3590 legitime
1594 3505 1767 3569 ostendero
1784 3504 1890 3590 ipsum
1904 3511 2092 3570 testatorem
2107 3505 2148 3568 ab

328 3609 373 3674 eis
397 3609 516 3694 injuste
541 3608 693 3672 habuisse
717 3609 769 3672 vel
794 3609 969 3696 dompnum
992 3611 1039 3673 eis
1063 3609 1181 3694 injuste
1205 3611 1341 3694 dedisse,
1358 3612 1483 3697 integre
1507 3612 1554 3675 cis
1577 3612 1713 3676 satisfiat
1732 3634 1790 3697 per
1806 3612 2047 3698 infrascriptum
2063 3634 2148 3678 cem·

328 3717 511 3780 missorium
535 3737 628 3779 suum
652 3715 720 3780 sine
744 3716 881 3802 strepitu
906 3722 939 3780 et
961 3716 1066 3802 figura
1087 3716 1219 3801 judicij,
1243 3718 1326 3782 sieut
1349 3718 1510 3783 videbitur
1532 3719 1643 3783 utilius
1676 3741 1745 3784 esse
1776 3741 1834 3806 pro
1866 3719 1974 3783 anima
2006 3720 2093 3804 ejus3
2119 3728 2151 3784 et

328 3823 414 3909 quod
437 3823 522 3886 idem
546 3821 783 3887 commissarius
807 3823 860 3887 vel
883 3823 1002 3887 dixerit
1025 3845 1095 3888 esse
1120 3825 1353 3889 restituendum
1384 3827 1437 3890 vel
1468 3847 1532 3891 non
1559 3827 1813 3911 restituendum,
1837 3833 1945 3891 ratum
1969 3832 2002 3890 et
2024 3826 2151 3890 firmum

327 3930 396 3994 vult
419 3930 543 3994 haberi.

416 4037 500 4102 Item
525 4037 685 4101 ordinavit
709 4044 741 4101 et
764 4038 867 4102 voluit
891 4039 976 4124 quod
1000 4047 1107 4125 preter
1131 4040 1330 4126 sepulturam
1352 4048 1384 4106 et
1407 4042 1520 4106 relicta
1543 4063 1601 4128 pre
1626 4043 1735 4105 01111110
1765 4063 1824 4105 sna
1853 4040 1953 4105 nichil
1983 4041 2150 4127 legatariis

326 4145 541 4231 persolvatur,
566 4143 668 4208 donee
691 4143 778 4209 facta
801 4146 1064 4231 precouizociene
1088 4147 1216 4232 publice
1240 4170 1298 4234 per
1319 4170 1429 4213 01111100
1454 4148 1595 4234 capellas
1618 4147 1765 4212 Bononie
1786 4169 1887 4234 usque
1904 4148 1947 4212 ad
1962 4150 2057 4213 nnius
2074 4150 2151 4213 anni

328 4252 471 4338 spacium
497 4251 716 4315 restitutiones
741 4273 813 4316 cum
837 4253 924 4317 omni
948 4251 1117 4338 diligentia
1140 4260 1172 4318 et
1195 4255 1411 4319 sollicitudine
1442 4254 1562 4320 fuerint
1593 4255 1778 4342 adimplete.
1801 4255 1957 4319 Preterea
1987 4256 2089 4321 voluit
2119 4265 2151 4321 et

327 4359 492 4422 mandavit
517 4357 602 4442 quod
624 4358 697 4441 jure
720 4358 822 4443 legati
846 4360 1081 4444 persolvantur,
1101 4369 1308 4426 numerentur
1329 4369 1360 4426 et
1381 4362 1497 4426 dentur
1520 4363 1714 4427 monasterio
1739 4362 1842 4426 sancti
1866 4361 1999 4448 Georgij
2025 4363 2064 4428 de
2089 4363 2150 4428 Fe·

327 4465 450 4546 narola,
475 4464 677 4528 ferrariensis
702 4465 848 4546 diocesis,
873 4465 961 4530 mille
984 4467 1065 4531 libre
1090 4467 1335 4550 bououinorum,
1363 4469 1426 4533 uisi
1450 4471 1518 4555 ipse
1543 4476 1677 4534 testator
1702 4476 1777 4533 ante
1803 4475 1938 4533 1110110111
1963 4491 2056 4534 suam
2079 4493 2151 4536 011111

329 4576 414 4639 dicto
439 4573 633 4636 monasterio
657 4572 910 4636 concordaverit.

419 4681 503 4744 Item
525 4679 664 4764 reliquid
686 4680 883 4745 Marchisino
908 4682 947 4745 dc
971 4682 1104 4747 Placitis
1130 4683 1169 4748 de
1194 4684 1295 4748 Cento
1320 4691 1447 4749 centum
1470 4684 1570 4748 libras
1593 4686 1847 4749 bononenorum.

416 4788 500 4851 Item
523 4787 659 4872 reliquid
684 4785 853 4851 Fratribus
878 4788 1157 4874 Predieatoribus,
1183 4813 1241 4877 pro
1264 4813 1329 4855 nna
1353 4792 1502 4878 pictanza
1525 4791 1557 4855 in
1582 4791 1633 4856 die
1657 4792 1821 4878 sepulture
1846 4814 1902 4856 sue
1926 4792 2092 4878 facienda,
2117 4802 2149 4858 et

327 4917 386 4982 pro
409 4895 514 4958 missis
540 4893 741 4958 celebrandis
766 4917 823 4980 pre
848 4897 955 4959 anima
980 4917 1050 4978 sua,
1075 4899 1282 4983 quatraginta
1306 4898 1404 4963 libras
1427 4899 1680 4963 bononenorum.

418 5003 501 5066 Item
525 5001 687 5066 0000111010
710 5001 845 5066 00010010
869 5004 1001 5087 11010110
1027 5003 1065 5067 de
1090 5004 1239 5069 Bononia
1263 5005 1444 5091 quindecim
1468 5005 1568 5069 libras
1591 5006 1843 5071 bononenorum.

416 5110 499 5173 Item
523 5109 657 5172 00010010
683 5117 792 5173 001010
817 5109 920 5174 110110
945 5110 1079 5195 Majeris
1104 5111 1143 5174 de
1167 5111 1316 5176 Bononia
1339 5112 1450 5177 decem
1472 5113 1572 5176 libras
1596 5113 1848 5178 bononenorum.

416 5217 499 5280 Item
522 5215 610 5301 plebi
634 5216 737 5280 sancti
760 5216 919 5281 Iohannis
943 5217 976 5281 in
1000 5218 1164 5283 Persicete
1189 5219 1300 5283 decem
1323 5220 1423 5283 libras
1446 5221 1699 5284 bononenorum.

416 5325 501 5388 Item
525 5323 695 5388 Canonieis
720 5324 855 5388 ecclesie
879 5325 1082 5390 ferrariensis
1106 5326 1215 5391 11000111
1239 5327 1339 5391 libras
1363 5328 1615 5392 bononenorum.

416 5429 500 5494 Item
524 5429 693 5494 Fratribus
717 5430 896 5494 Minoribus
921 5431 960 5496 dc
984 5432 1132 5497 Bononia
1155 5433 1266 5498 decem
1291 5434 1390 5498 libras
1414 5434 1667 5499 bononenorum.

418 5537 501 5600 Item
524 5537 694 5602 Fratribus
717 5537 894 5602 Heremitis
917 5544 982 5602 tres
1006 5539 1105 5602 libras
1130 5539 1383 5605 bononenorum.

418 5644 501 5707 Item
524 5644 627 5708 sorori
652 5643 800 5709 Oaterine
824 5652 933 5710 sancte
957 5646 1060 5710 Murio
1084 5647 1278 5733 Magdalene
1302 5647 1341 5710 de
1364 5648 1429 5711 Val
1453 5649 1492 5712 do
1515 5649 1615 5712 Petra
1639 5649 1896 5735 vigintiquinque
1923 5650 2024 5713 libras
2047 5650 2146 5715 bono·

328 5773 484 5816 nouorum
507 5773 566 5837 pro
591 5752 657 5815 suis
682 5753 937 5818 necessitatibus.

416 5859 500 5922 Item
524 5859 695 5924 Sororibus
719 5861 823 5924 sancti
845 5861 936 5924 Petri
958 5860 1102 5926 Martiris
1126 5869 1254 5927 centurn
1278 5863 1385 5928 soldos
1408 5864 1661 5929 bononenorum.

416 5966 498 6029 Item
524 5966 695 6030 Sororibus
720 5967 824 6032 sancti
846 5966 969 6032 Mathis
993 5976 1121 6033 centum
1145 5970 1253 6034 soldos
1276 5970 1530 6036 bononenorum.

416 6073 500 6136 Item
524 6073 736 6158 hospitalibus
761 6075 865 6138 saneti
886 6075 986 6158 Petri,
1012 6077 1115 6140 sancti
1140 6076 1306 6164 Stephani,
1332 6080 1435 6143 sancti
1458 6079 1587 6161 Felicis,
1605 6080 1708 6143 sancti
1731 6079 1872 6162 Proculi,
1890 6079 1992 6143 sancti
2014 6078 2147 6144 Martini

327 6179 366 6242 de
390 6179 534 6266 Appesa,
552 6187 585 6244 et
607 6180 856 6265 cruciferorum,
881 6189 913 6246 et
937 6181 1058 6247 domini
1079 6183 1297 6270 Leprosorum
1320 6185 1359 6250 de
1384 6193 1494 6250 sancto
1518 6186 1655 6269 Lazaro,
1680 6186 1813 6250 cuilibet
1835 6193 1900 6251 tres
1923 6186 2022 6250 libras
2045 6186 2145 6252 bono·

326 6307 482 6350 neuerum
506 6287 654 6373 reliquid.

415 6392 499 6456 Item
521 6394 625 6458 voluit
653 6401 685 6458 et
715 6396 882 6460 mandavit
910 6397 1048 6483 quodsi
1072 6397 1104 6461 in
1128 6398 1236 6484 aliquo
1260 6406 1453 6465 testamento
1483 6399 1667 6486 reliquisset
1693 6399 1747 6463 vel
1779 6399 1920 6484 legasset
1948 6400 2090 6485 Ugolino
2114 6408 2146 6464 et

325 6499 471 6583 Nicolao,
488 6501 562 6563 filiis
587 6502 723 6566 condam
747 6503 865 6568 sororis
889 6525 946 6568 sue
971 6505 1098 6569 demine
1121 6504 1269 6589 Ymelde,
1298 6528 1360 6593 quc
1384 6508 1572 6572 ascenderet
1596 6506 1681 6570 ultra
1709 6508 1902 6592 quingentas
1926 6508 2025 6572 libres
2048 6508 2146 6572 110110-
