<?xml version="1.0" encoding="UTF-8"?>
<!DOCTYPE html PUBLIC "-//W3C//DTD XHTML 1.0 Transitional//EN"
    "http://www.w3.org/TR/xhtml1/DTD/xhtml1-transitional.dtd">
<html xmlns="http://www.w3.org/1999/xhtml" xml:lang="en" lang="en">
 <head>
  <title>
</title>
<meta http-equiv="Content-Type" content="text/html;charset=utf-8" />
  <meta name='ocr-system' content='tesseract 3.04.00' />
  <meta name='ocr-capabilities' content='ocr_page ocr_carea ocr_par ocr_line ocrx_word'/>
</head>
<body>
  <div class='ocr_page' id='page_1' title='image "./declarisarchigy01albigoog_0130.png"; bbox 0 0 5490 7750; ppageno 0'>
   <div class='ocr_carea' id='block_1_1' title="bbox 631 607 1656 678">
    <p class='ocr_par' dir='ltr' id='par_1_1' title="bbox 631 607 1656 678">
     <span class='ocr_line' id='line_1_1' title="bbox 631 607 1656 678; baseline -0.004 0"><span class='ocrx_word' id='word_1_1' title='bbox 631 607 705 678; x_wconf 81' lang='lat'>120</span> <span class='ocrx_word' id='word_1_2' title='bbox 1416 624 1656 676; x_wconf 79' lang='lat' dir='ltr'>xouunnurx</span> 
     </span>
    </p>
   </div>
   <div class='ocr_carea' id='block_1_2' title="bbox 614 781 2478 6568">
    <p class='ocr_par' dir='ltr' id='par_1_2' title="bbox 619 781 2478 3665">
     <span class='ocr_line' id='line_1_2' title="bbox 626 781 2445 868; baseline 0 -21"><span class='ocrx_word' id='word_1_3' title='bbox 626 790 752 848; x_wconf 89' lang='lat' dir='ltr'>nostras</span> <span class='ocrx_word' id='word_1_4' title='bbox 785 783 894 846; x_wconf 81' lang='lat' dir='ltr'><strong>literas</strong></span> <span class='ocrx_word' id='word_1_5' title='bbox 928 783 1179 865; x_wconf 91' lang='lat' dir='ltr'>committentes,</span> <span class='ocrx_word' id='word_1_6' title='bbox 1203 787 1240 846; x_wconf 92' lang='lat' dir='ltr'>ut</span> <span class='ocrx_word' id='word_1_7' title='bbox 1262 781 1415 868; x_wconf 81' lang='lat' dir='ltr'>predictis</span> <span class='ocrx_word' id='word_1_8' title='bbox 1439 781 1541 845; x_wconf 87' lang='lat' dir='ltr'>literis</span> <span class='ocrx_word' id='word_1_9' title='bbox 1564 782 1681 845; x_wconf 88' lang='lat' dir='ltr'>nostris</span> <span class='ocrx_word' id='word_1_10' title='bbox 1712 781 1942 866; x_wconf 81' lang='lat' dir='ltr'>premissorum</span> <span class='ocrx_word' id='word_1_11' title='bbox 1972 781 2115 845; x_wconf 90' lang='lat' dir='ltr'>omnium</span> <span class='ocrx_word' id='word_1_12' title='bbox 2146 782 2301 846; x_wconf 87' lang='lat' dir='ltr'>seriosam</span> <span class='ocrx_word' id='word_1_13' title='bbox 2329 783 2445 847; x_wconf 93' lang='lat' dir='ltr'>seriem</span> 
     </span>
     <span class='ocr_line' id='line_1_3' title="bbox 628 887 2445 975; baseline 0.001 -20"><span class='ocrx_word' id='word_1_14' title='bbox 628 891 879 972; x_wconf 89' lang='lat' dir='ltr'>continentibus,</span> <span class='ocrx_word' id='word_1_15' title='bbox 904 889 998 954; x_wconf 92' lang='lat' dir='ltr'>dictis</span> <span class='ocrx_word' id='word_1_16' title='bbox 1019 889 1242 972; x_wconf 81' lang='lat' dir='ltr'>universitati,</span> <span class='ocrx_word' id='word_1_17' title='bbox 1267 890 1428 952; x_wconf 92' lang='lat' dir='ltr'>communi</span> <span class='ocrx_word' id='word_1_18' title='bbox 1452 896 1484 952; x_wconf 92' lang='lat' dir='ltr'>et</span> <span class='ocrx_word' id='word_1_19' title='bbox 1507 889 1626 975; x_wconf 91' lang='lat' dir='ltr'>populo</span> <span class='ocrx_word' id='word_1_20' title='bbox 1657 888 1797 953; x_wconf 90' lang='lat' dir='ltr'>civitatis</span> <span class='ocrx_word' id='word_1_21' title='bbox 1828 888 1975 972; x_wconf 91' lang='lat' dir='ltr'>ejusdem</span> <span class='ocrx_word' id='word_1_22' title='bbox 2005 887 2177 974; x_wconf 88' lang='lat' dir='ltr'>publicatis</span> <span class='ocrx_word' id='word_1_23' title='bbox 2205 889 2391 955; x_wconf 89' lang='lat' dir='ltr'>solemniter</span> <span class='ocrx_word' id='word_1_24' title='bbox 2413 898 2445 956; x_wconf 89' lang='lat' dir='ltr'>et</span> 
     </span>
     <span class='ocr_line' id='line_1_4' title="bbox 628 995 2444 1083; baseline 0.001 -22"><span class='ocrx_word' id='word_1_25' title='bbox 628 997 782 1083; x_wconf 90' lang='lat' dir='ltr'>expositis</span> <span class='ocrx_word' id='word_1_26' title='bbox 799 997 981 1082; x_wconf 89' lang='lat' dir='ltr'>diligenter,</span> <span class='ocrx_word' id='word_1_27' title='bbox 999 997 1148 1081; x_wconf 89' lang='lat' dir='ltr'>factaque</span> <span class='ocrx_word' id='word_1_28' title='bbox 1172 995 1261 1082; x_wconf 92' lang='lat' dir='ltr'>prius</span> <span class='ocrx_word' id='word_1_29' title='bbox 1285 1017 1344 1082; x_wconf 89' lang='lat' dir='ltr'>per</span> <span class='ocrx_word' id='word_1_30' title='bbox 1366 1017 1421 1060; x_wconf 90' lang='lat' dir='ltr'>eos</span> <span class='ocrx_word' id='word_1_31' title='bbox 1445 995 1625 1078; x_wconf 89' lang='lat' dir='ltr'>actualitor,</span> <span class='ocrx_word' id='word_1_32' title='bbox 1643 995 1775 1060; x_wconf 90' lang='lat' dir='ltr'>realiter</span> <span class='ocrx_word' id='word_1_33' title='bbox 1798 1001 1830 1059; x_wconf 91' lang='lat' dir='ltr'>et</span> <span class='ocrx_word' id='word_1_34' title='bbox 1853 995 2064 1081; x_wconf 84' lang='lat' dir='ltr'>corporaliter</span> <span class='ocrx_word' id='word_1_35' title='bbox 2087 996 2290 1061; x_wconf 78' lang='lat' dir='ltr'>restitutione</span> <span class='ocrx_word' id='word_1_36' title='bbox 2313 1005 2346 1061; x_wconf 91' lang='lat' dir='ltr'>et</span> <span class='ocrx_word' id='word_1_37' title='bbox 2366 999 2444 1062; x_wconf 78' lang='lat' dir='ltr'>assi·</span> 
     </span>
     <span class='ocr_line' id='line_1_5' title="bbox 626 1103 2444 1190; baseline 0.001 -22"><span class='ocrx_word' id='word_1_38' title='bbox 626 1106 780 1190; x_wconf 90' lang='lat' dir='ltr'>gnatione</span> <span class='ocrx_word' id='word_1_39' title='bbox 804 1103 981 1190; x_wconf 87' lang='lat' dir='ltr'>corporalis</span> <span class='ocrx_word' id='word_1_40' title='bbox 1004 1103 1229 1190; x_wconf 87' lang='lat' dir='ltr'>possessionis,</span> <span class='ocrx_word' id='word_1_41' title='bbox 1254 1111 1285 1168; x_wconf 90' lang='lat' dir='ltr'>et</span> <span class='ocrx_word' id='word_1_42' title='bbox 1309 1103 1412 1189; x_wconf 87' lang='lat' dir='ltr'>quasi,</span> <span class='ocrx_word' id='word_1_43' title='bbox 1436 1103 1586 1186; x_wconf 81' lang='lat' dir='ltr'>civitatis,</span> <span class='ocrx_word' id='word_1_44' title='bbox 1612 1104 1782 1167; x_wconf 83' lang='lat' dir='ltr'>comitatus</span> <span class='ocrx_word' id='word_1_45' title='bbox 1806 1111 1838 1166; x_wconf 90' lang='lat' dir='ltr'>ct</span> <span class='ocrx_word' id='word_1_46' title='bbox 1861 1103 2025 1168; x_wconf 92' lang='lat' dir='ltr'>districtus</span> <span class='ocrx_word' id='word_1_47' title='bbox 2047 1103 2276 1189; x_wconf 90' lang='lat' dir='ltr'>predictorum,</span> <span class='ocrx_word' id='word_1_48' title='bbox 2301 1127 2339 1168; x_wconf 91' lang='lat' dir='ltr'>ac</span> <span class='ocrx_word' id='word_1_49' title='bbox 2364 1107 2444 1171; x_wconf 89' lang='lat' dir='ltr'>meri</span> 
     </span>
     <span class='ocr_line' id='line_1_6' title="bbox 627 1210 2443 1298; baseline 0.001 -22"><span class='ocrx_word' id='word_1_50' title='bbox 627 1221 659 1276; x_wconf 93' lang='lat' dir='ltr'>et</span> <span class='ocrx_word' id='word_1_51' title='bbox 679 1213 772 1277; x_wconf 85' lang='lat' dir='ltr'>mixti</span> <span class='ocrx_word' id='word_1_52' title='bbox 796 1212 922 1298; x_wconf 92' lang='lat' dir='ltr'>imperii</span> <span class='ocrx_word' id='word_1_53' title='bbox 938 1218 971 1275; x_wconf 86' lang='lat' dir='ltr'>et</span> <span class='ocrx_word' id='word_1_54' title='bbox 986 1210 1168 1276; x_wconf 91' lang='lat' dir='ltr'>omnimode</span> <span class='ocrx_word' id='word_1_55' title='bbox 1190 1211 1433 1296; x_wconf 90' lang='lat' dir='ltr'>jurisdictionis,</span> <span class='ocrx_word' id='word_1_56' title='bbox 1451 1219 1695 1296; x_wconf 90' lang='lat' dir='ltr'>ceterorumque</span> <span class='ocrx_word' id='word_1_57' title='bbox 1716 1212 1838 1297; x_wconf 89' lang='lat' dir='ltr'>jurium</span> <span class='ocrx_word' id='word_1_58' title='bbox 1861 1211 2078 1296; x_wconf 89' lang='lat' dir='ltr'>predictorum</span> <span class='ocrx_word' id='word_1_59' title='bbox 2096 1211 2137 1275; x_wconf 89' lang='lat' dir='ltr'>ad</span> <span class='ocrx_word' id='word_1_60' title='bbox 2153 1232 2212 1276; x_wconf 93' lang='lat' dir='ltr'>nos</span> <span class='ocrx_word' id='word_1_61' title='bbox 2228 1219 2260 1276; x_wconf 91' lang='lat' dir='ltr'>et</span> <span class='ocrx_word' id='word_1_62' title='bbox 2277 1235 2443 1278; x_wconf 89' lang='lat' dir='ltr'>romanam</span> 
     </span>
     <span class='ocr_line' id='line_1_7' title="bbox 627 1319 2442 1406; baseline 0 -20"><span class='ocrx_word' id='word_1_63' title='bbox 627 1321 797 1386; x_wconf 90' lang='lat' dir='ltr'>ecclesiam</span> <span class='ocrx_word' id='word_1_64' title='bbox 819 1320 915 1406; x_wconf 91' lang='lat' dir='ltr'>pleno</span> <span class='ocrx_word' id='word_1_65' title='bbox 936 1321 1010 1403; x_wconf 85' lang='lat' dir='ltr'>jure</span> <span class='ocrx_word' id='word_1_66' title='bbox 1034 1319 1248 1406; x_wconf 87' lang='lat' dir='ltr'>spectantium</span> <span class='ocrx_word' id='word_1_67' title='bbox 1273 1319 1344 1402; x_wconf 92' lang='lat' dir='ltr'>sibi,</span> <span class='ocrx_word' id='word_1_68' title='bbox 1368 1319 1536 1404; x_wconf 86' lang='lat' dir='ltr'>recipienti</span> <span class='ocrx_word' id='word_1_69' title='bbox 1560 1325 1673 1383; x_wconf 90' lang='lat' dir='ltr'>nostro</span> <span class='ocrx_word' id='word_1_70' title='bbox 1706 1326 1739 1382; x_wconf 92' lang='lat' dir='ltr'>et</span> <span class='ocrx_word' id='word_1_71' title='bbox 1768 1340 1990 1383; x_wconf 89' lang='lat' dir='ltr'>successorum</span> <span class='ocrx_word' id='word_1_72' title='bbox 2028 1325 2211 1383; x_wconf 92' lang='lat' dir='ltr'>nostrorum</span> <span class='ocrx_word' id='word_1_73' title='bbox 2242 1341 2279 1384; x_wconf 90' lang='lat' dir='ltr'>ac</span> <span class='ocrx_word' id='word_1_74' title='bbox 2310 1343 2442 1386; x_wconf 89' lang='lat' dir='ltr'>romane</span> 
     </span>
     <span class='ocr_line' id='line_1_8' title="bbox 627 1426 2444 1514; baseline 0.001 -22"><span class='ocrx_word' id='word_1_75' title='bbox 627 1429 761 1492; x_wconf 87' lang='lat' dir='ltr'>ecclesie</span> <span class='ocrx_word' id='word_1_76' title='bbox 785 1428 1002 1514; x_wconf 90' lang='lat' dir='ltr'>predictorum</span> <span class='ocrx_word' id='word_1_77' title='bbox 1025 1427 1172 1510; x_wconf 93' lang='lat' dir='ltr'>nomine,</span> <span class='ocrx_word' id='word_1_78' title='bbox 1196 1447 1234 1490; x_wconf 89' lang='lat' dir='ltr'>ac</span> <span class='ocrx_word' id='word_1_79' title='bbox 1264 1447 1322 1512; x_wconf 92' lang='lat' dir='ltr'>per</span> <span class='ocrx_word' id='word_1_80' title='bbox 1352 1426 1500 1490; x_wconf 90' lang='lat' dir='ltr'>eumdem</span> <span class='ocrx_word' id='word_1_81' title='bbox 1532 1427 1693 1490; x_wconf 89' lang='lat' dir='ltr'>notarium</span> <span class='ocrx_word' id='word_1_82' title='bbox 1725 1426 1853 1490; x_wconf 91' lang='lat' dir='ltr'>nomine</span> <span class='ocrx_word' id='word_1_83' title='bbox 1884 1426 2069 1512; x_wconf 91' lang='lat' dir='ltr'>supradicto</span> <span class='ocrx_word' id='word_1_84' title='bbox 2100 1426 2284 1510; x_wconf 91' lang='lat' dir='ltr'>hujusmodi</span> <span class='ocrx_word' id='word_1_85' title='bbox 2308 1430 2388 1493; x_wconf 88' lang='lat' dir='ltr'>reali</span> <span class='ocrx_word' id='word_1_86' title='bbox 2411 1436 2444 1494; x_wconf 91' lang='lat' dir='ltr'>et</span> 
     </span>
     <span class='ocr_line' id='line_1_9' title="bbox 626 1533 2444 1622; baseline 0 -22"><span class='ocrx_word' id='word_1_87' title='bbox 626 1535 786 1621; x_wconf 89' lang='lat' dir='ltr'>corporali</span> <span class='ocrx_word' id='word_1_88' title='bbox 808 1535 1021 1621; x_wconf 85' lang='lat' dir='ltr'>possessione,</span> <span class='ocrx_word' id='word_1_89' title='bbox 1047 1541 1079 1597; x_wconf 91' lang='lat' dir='ltr'>et</span> <span class='ocrx_word' id='word_1_90' title='bbox 1102 1533 1205 1618; x_wconf 88' lang='lat' dir='ltr'>quasi,</span> <span class='ocrx_word' id='word_1_91' title='bbox 1222 1539 1361 1618; x_wconf 88' lang='lat' dir='ltr'>recepta,</span> <span class='ocrx_word' id='word_1_92' title='bbox 1379 1533 1592 1618; x_wconf 88' lang='lat' dir='ltr'>apprehensa,</span> <span class='ocrx_word' id='word_1_93' title='bbox 1616 1538 1649 1596; x_wconf 91' lang='lat' dir='ltr'>et</span> <span class='ocrx_word' id='word_1_94' title='bbox 1672 1533 1784 1596; x_wconf 92' lang='lat' dir='ltr'>habita</span> <span class='ocrx_word' id='word_1_95' title='bbox 1806 1533 1938 1618; x_wconf 85' lang='lat' dir='ltr'>pacifice</span> <span class='ocrx_word' id='word_1_96' title='bbox 1963 1541 1995 1596; x_wconf 92' lang='lat' dir='ltr'>et</span> <span class='ocrx_word' id='word_1_97' title='bbox 2019 1533 2136 1618; x_wconf 89' lang='lat' dir='ltr'>quiete,</span> <span class='ocrx_word' id='word_1_98' title='bbox 2155 1533 2249 1598; x_wconf 85' lang='lat' dir='ltr'>lactis</span> <span class='ocrx_word' id='word_1_99' title='bbox 2273 1536 2371 1598; x_wconf 92' lang='lat' dir='ltr'>etiam</span> <span class='ocrx_word' id='word_1_100' title='bbox 2387 1559 2444 1622; x_wconf 91' lang='lat' dir='ltr'>per</span> 
     </span>
     <span class='ocr_line' id='line_1_10' title="bbox 626 1639 2442 1726; baseline 0.001 -18"><span class='ocrx_word' id='word_1_101' title='bbox 626 1644 856 1708; x_wconf 87' lang='lat' dir='ltr'>constituentes</span> <span class='ocrx_word' id='word_1_102' title='bbox 880 1641 1009 1706; x_wconf 87' lang='lat' dir='ltr'>cosdem</span> <span class='ocrx_word' id='word_1_103' title='bbox 1033 1640 1318 1726; x_wconf 83' lang='lat' dir='ltr'>recognitionibus,</span> <span class='ocrx_word' id='word_1_104' title='bbox 1335 1641 1611 1722; x_wconf 85' lang='lat' dir='ltr'>ratificationibus,</span> <span class='ocrx_word' id='word_1_105' title='bbox 1629 1639 1915 1725; x_wconf 88' lang='lat' dir='ltr'>acceptationibus,</span> <span class='ocrx_word' id='word_1_106' title='bbox 1933 1641 2210 1723; x_wconf 88' lang='lat' dir='ltr'>affirmationibus,</span> <span class='ocrx_word' id='word_1_107' title='bbox 2227 1643 2442 1709; x_wconf 79' lang='lat' dir='ltr'>confirmatio·</span> 
     </span>
     <span class='ocr_line' id='line_1_11' title="bbox 626 1746 2443 1835; baseline 0.001 -20"><span class='ocrx_word' id='word_1_108' title='bbox 626 1751 721 1815; x_wconf 91' lang='lat' dir='ltr'>nibus</span> <span class='ocrx_word' id='word_1_109' title='bbox 745 1757 777 1814; x_wconf 88' lang='lat' dir='ltr'>et</span> <span class='ocrx_word' id='word_1_110' title='bbox 800 1748 1090 1834; x_wconf 90' lang='lat' dir='ltr'>emologationibus</span> <span class='ocrx_word' id='word_1_111' title='bbox 1115 1769 1186 1812; x_wconf 91' lang='lat' dir='ltr'>cum</span> <span class='ocrx_word' id='word_1_112' title='bbox 1207 1749 1465 1832; x_wconf 86' lang='lat' dir='ltr'>juramentorum</span> <span class='ocrx_word' id='word_1_113' title='bbox 1495 1746 1765 1832; x_wconf 90' lang='lat' dir='ltr'>prestationibns,</span> <span class='ocrx_word' id='word_1_114' title='bbox 1789 1747 2041 1832; x_wconf 84' lang='lat' dir='ltr'>obligationibus</span> <span class='ocrx_word' id='word_1_115' title='bbox 2073 1771 2200 1834; x_wconf 90' lang='lat' dir='ltr'>quoqne</span> <span class='ocrx_word' id='word_1_116' title='bbox 2231 1771 2328 1835; x_wconf 91' lang='lat' dir='ltr'>super</span> <span class='ocrx_word' id='word_1_117' title='bbox 2358 1750 2443 1816; x_wconf 90' lang='lat' dir='ltr'>dicto</span> 
     </span>
     <span class='ocr_line' id='line_1_12' title="bbox 628 1854 2444 1942; baseline 0 -19"><span class='ocrx_word' id='word_1_118' title='bbox 628 1881 726 1923; x_wconf 89' lang='lat' dir='ltr'>censu</span> <span class='ocrx_word' id='word_1_119' title='bbox 750 1865 781 1921; x_wconf 90' lang='lat' dir='ltr'>et</span> <span class='ocrx_word' id='word_1_120' title='bbox 805 1857 879 1940; x_wconf 88' lang='lat' dir='ltr'>alijs</span> <span class='ocrx_word' id='word_1_121' title='bbox 902 1856 1050 1920; x_wconf 91' lang='lat' dir='ltr'>omnibus</span> <span class='ocrx_word' id='word_1_122' title='bbox 1073 1863 1106 1919; x_wconf 89' lang='lat' dir='ltr'>et</span> <span class='ocrx_word' id='word_1_123' title='bbox 1129 1855 1265 1940; x_wconf 90' lang='lat' dir='ltr'>singulis</span> <span class='ocrx_word' id='word_1_124' title='bbox 1289 1855 1446 1918; x_wconf 90' lang='lat' dir='ltr'>contentis</span> <span class='ocrx_word' id='word_1_125' title='bbox 1470 1854 1503 1918; x_wconf 92' lang='lat' dir='ltr'>in</span> <span class='ocrx_word' id='word_1_126' title='bbox 1527 1854 1620 1918; x_wconf 91' lang='lat' dir='ltr'>dictis</span> <span class='ocrx_word' id='word_1_127' title='bbox 1643 1854 1745 1918; x_wconf 90' lang='lat' dir='ltr'>literis</span> <span class='ocrx_word' id='word_1_128' title='bbox 1769 1854 1929 1937; x_wconf 91' lang='lat' dir='ltr'>distincte,</span> <span class='ocrx_word' id='word_1_129' title='bbox 1952 1855 2135 1940; x_wconf 87' lang='lat' dir='ltr'>specialiter</span> <span class='ocrx_word' id='word_1_130' title='bbox 2159 1869 2190 1920; x_wconf 92' lang='lat' dir='ltr'>et</span> <span class='ocrx_word' id='word_1_131' title='bbox 2214 1877 2381 1942; x_wconf 85' lang='lat' dir='ltr'>expresse,</span> <span class='ocrx_word' id='word_1_132' title='bbox 2406 1880 2444 1924; x_wconf 91' lang='lat' dir='ltr'>ac</span> 
     </span>
     <span class='ocr_line' id='line_1_13' title="bbox 626 1961 2443 2052; baseline 0.001 -23"><span class='ocrx_word' id='word_1_133' title='bbox 626 1966 790 2052; x_wconf 77' lang='lat' dir='ltr'>premissis</span> <span class='ocrx_word' id='word_1_134' title='bbox 808 1965 955 2028; x_wconf 92' lang='lat' dir='ltr'>omnibus</span> <span class='ocrx_word' id='word_1_135' title='bbox 968 1965 1065 2047; x_wconf 86' lang='lat' dir='ltr'>juxta</span> <span class='ocrx_word' id='word_1_136' title='bbox 1081 1963 1319 2050; x_wconf 89' lang='lat' dir='ltr'>promissiones,</span> <span class='ocrx_word' id='word_1_137' title='bbox 1337 1961 1550 2046; x_wconf 85' lang='lat' dir='ltr'>obligationes</span> <span class='ocrx_word' id='word_1_138' title='bbox 1567 1970 1599 2025; x_wconf 91' lang='lat' dir='ltr'>et</span> <span class='ocrx_word' id='word_1_139' title='bbox 1612 1963 1798 2046; x_wconf 85' lang='lat' dir='ltr'>juramenta</span> <span class='ocrx_word' id='word_1_140' title='bbox 1814 1963 1890 2026; x_wconf 89' lang='lat' dir='ltr'>dicti</span> <span class='ocrx_word' id='word_1_141' title='bbox 1907 1962 2021 2027; x_wconf 91' lang='lat' dir='ltr'>sindici</span> <span class='ocrx_word' id='word_1_142' title='bbox 2045 1984 2082 2027; x_wconf 86' lang='lat' dir='ltr'>ac</span> <span class='ocrx_word' id='word_1_143' title='bbox 2104 1965 2280 2028; x_wconf 91' lang='lat' dir='ltr'>secundum</span> <span class='ocrx_word' id='word_1_144' title='bbox 2296 1965 2443 2049; x_wconf 87' lang='lat' dir='ltr'>formam,</span> 
     </span>
     <span class='ocr_line' id='line_1_14' title="bbox 626 2069 2443 2159; baseline 0.001 -22"><span class='ocrx_word' id='word_1_145' title='bbox 626 2073 756 2138; x_wconf 91' lang='lat' dir='ltr'>modum</span> <span class='ocrx_word' id='word_1_146' title='bbox 780 2079 812 2136; x_wconf 92' lang='lat' dir='ltr'>et</span> <span class='ocrx_word' id='word_1_147' title='bbox 835 2071 980 2135; x_wconf 90' lang='lat' dir='ltr'>ordinem</span> <span class='ocrx_word' id='word_1_148' title='bbox 1003 2071 1035 2134; x_wconf 94' lang='lat' dir='ltr'>in</span> <span class='ocrx_word' id='word_1_149' title='bbox 1060 2070 1180 2134; x_wconf 90' lang='lat' dir='ltr'>eisdem</span> <span class='ocrx_word' id='word_1_150' title='bbox 1203 2070 1305 2132; x_wconf 90' lang='lat' dir='ltr'>literis</span> <span class='ocrx_word' id='word_1_151' title='bbox 1337 2069 1454 2133; x_wconf 88' lang='lat' dir='ltr'>nostris</span> <span class='ocrx_word' id='word_1_152' title='bbox 1479 2090 1651 2156; x_wconf 86' lang='lat' dir='ltr'>expressos</span> <span class='ocrx_word' id='word_1_153' title='bbox 1675 2069 1782 2132; x_wconf 93' lang='lat' dir='ltr'>debite</span> <span class='ocrx_word' id='word_1_154' title='bbox 1806 2077 1838 2134; x_wconf 92' lang='lat' dir='ltr'>et</span> <span class='ocrx_word' id='word_1_155' title='bbox 1862 2070 2034 2134; x_wconf 88' lang='lat' dir='ltr'>efficaciter</span> <span class='ocrx_word' id='word_1_156' title='bbox 2063 2071 2260 2157; x_wconf 88' lang='lat' dir='ltr'>adimpletis,</span> <span class='ocrx_word' id='word_1_157' title='bbox 2285 2074 2379 2138; x_wconf 89' lang='lat' dir='ltr'>etde</span> <span class='ocrx_word' id='word_1_158' title='bbox 2404 2076 2443 2159; x_wconf 87' lang='lat' dir='ltr'>ijs</span> 
     </span>
     <span class='ocr_line' id='line_1_15' title="bbox 625 2177 2441 2264; baseline 0 -20"><span class='ocrx_word' id='word_1_159' title='bbox 625 2181 774 2244; x_wconf 89' lang='lat' dir='ltr'>omnibus</span> <span class='ocrx_word' id='word_1_160' title='bbox 798 2185 830 2242; x_wconf 92' lang='lat' dir='ltr'>et</span> <span class='ocrx_word' id='word_1_161' title='bbox 852 2177 988 2264; x_wconf 89' lang='lat' dir='ltr'>singulis</span> <span class='ocrx_word' id='word_1_162' title='bbox 1013 2177 1167 2242; x_wconf 87' lang='lat' dir='ltr'>confectis</span> <span class='ocrx_word' id='word_1_163' title='bbox 1191 2177 1329 2263; x_wconf 90' lang='lat' dir='ltr'>publicis</span> <span class='ocrx_word' id='word_1_164' title='bbox 1353 2177 1573 2240; x_wconf 90' lang='lat' dir='ltr'>instrumentis</span> <span class='ocrx_word' id='word_1_165' title='bbox 1595 2178 1691 2261; x_wconf 88' lang='lat' dir='ltr'>juxta</span> <span class='ocrx_word' id='word_1_166' title='bbox 1715 2177 1874 2240; x_wconf 88' lang='lat' dir='ltr'>dictarum</span> <span class='ocrx_word' id='word_1_167' title='bbox 1897 2177 2033 2242; x_wconf 84' lang='lat' dir='ltr'>formam</span> <span class='ocrx_word' id='word_1_168' title='bbox 2058 2185 2090 2242; x_wconf 92' lang='lat' dir='ltr'>ct</span> <span class='ocrx_word' id='word_1_169' title='bbox 2113 2180 2228 2242; x_wconf 85' lang='lat' dir='ltr'>seriem</span> <span class='ocrx_word' id='word_1_170' title='bbox 2260 2179 2441 2264; x_wconf 90' lang='lat' dir='ltr'>literarum,</span> 
     </span>
     <span class='ocr_line' id='line_1_16' title="bbox 626 2285 2444 2374; baseline 0.001 -21"><span class='ocrx_word' id='word_1_171' title='bbox 626 2289 711 2353; x_wconf 90' lang='lat' dir='ltr'>idem</span> <span class='ocrx_word' id='word_1_172' title='bbox 736 2287 879 2352; x_wconf 89' lang='lat' dir='ltr'>notarius</span> <span class='ocrx_word' id='word_1_173' title='bbox 902 2286 1047 2372; x_wconf 88' lang='lat' dir='ltr'>prodicta</span> <span class='ocrx_word' id='word_1_174' title='bbox 1071 2285 1178 2350; x_wconf 90' lang='lat' dir='ltr'>omnia</span> <span class='ocrx_word' id='word_1_175' title='bbox 1201 2285 1365 2371; x_wconf 89' lang='lat' dir='ltr'>postulata</span> <span class='ocrx_word' id='word_1_176' title='bbox 1389 2292 1421 2348; x_wconf 88' lang='lat' dir='ltr'>ct</span> <span class='ocrx_word' id='word_1_177' title='bbox 1444 2285 1545 2370; x_wconf 87' lang='lat' dir='ltr'>petita</span> <span class='ocrx_word' id='word_1_178' title='bbox 1568 2307 1626 2370; x_wconf 92' lang='lat' dir='ltr'>per</span> <span class='ocrx_word' id='word_1_179' title='bbox 1654 2285 1775 2348; x_wconf 86' lang='lat' dir='ltr'>dictum</span> <span class='ocrx_word' id='word_1_180' title='bbox 1805 2285 1964 2350; x_wconf 90' lang='lat' dir='ltr'>sindicum</span> <span class='ocrx_word' id='word_1_181' title='bbox 1994 2287 2170 2351; x_wconf 86' lang='lat' dir='ltr'>secundum</span> <span class='ocrx_word' id='word_1_182' title='bbox 2202 2288 2444 2374; x_wconf 88' lang='lat' dir='ltr'>dispositionem</span> 
     </span>
     <span class='ocr_line' id='line_1_17' title="bbox 625 2392 2443 2480; baseline 0 -20"><span class='ocrx_word' id='word_1_183' title='bbox 625 2403 769 2461; x_wconf 90' lang='lat' dir='ltr'>nostram</span> <span class='ocrx_word' id='word_1_184' title='bbox 792 2396 824 2459; x_wconf 93' lang='lat' dir='ltr'>in</span> <span class='ocrx_word' id='word_1_185' title='bbox 848 2395 950 2458; x_wconf 89' lang='lat' dir='ltr'>literis</span> <span class='ocrx_word' id='word_1_186' title='bbox 973 2394 1107 2480; x_wconf 85' lang='lat' dir='ltr'>prefatis</span> <span class='ocrx_word' id='word_1_187' title='bbox 1131 2414 1319 2479; x_wconf 75' lang='lat' dir='ltr'>expressam</span> <span class='ocrx_word' id='word_1_188' title='bbox 1343 2414 1415 2455; x_wconf 92' lang='lat' dir='ltr'>cum</span> <span class='ocrx_word' id='word_1_189' title='bbox 1437 2392 1584 2456; x_wconf 90' lang='lat' dir='ltr'>omnibus</span> <span class='ocrx_word' id='word_1_190' title='bbox 1602 2392 1848 2474; x_wconf 90' lang='lat' dir='ltr'>conditionibus,</span> <span class='ocrx_word' id='word_1_191' title='bbox 1866 2393 2041 2457; x_wconf 92' lang='lat' dir='ltr'>honoribus</span> <span class='ocrx_word' id='word_1_192' title='bbox 2058 2401 2089 2457; x_wconf 94' lang='lat' dir='ltr'>ct</span> <span class='ocrx_word' id='word_1_193' title='bbox 2106 2395 2257 2459; x_wconf 90' lang='lat' dir='ltr'>oneribus</span> <span class='ocrx_word' id='word_1_194' title='bbox 2281 2418 2319 2460; x_wconf 92' lang='lat' dir='ltr'>ac</span> <span class='ocrx_word' id='word_1_195' title='bbox 2340 2397 2443 2460; x_wconf 88' lang='lat' dir='ltr'>modis</span> 
     </span>
     <span class='ocr_line' id='line_1_18' title="bbox 625 2499 2443 2588; baseline 0 -20"><span class='ocrx_word' id='word_1_196' title='bbox 625 2511 657 2569; x_wconf 91' lang='lat' dir='ltr'>et</span> <span class='ocrx_word' id='word_1_197' title='bbox 680 2504 792 2568; x_wconf 87' lang='lat' dir='ltr'>formis</span> <span class='ocrx_word' id='word_1_198' title='bbox 816 2503 975 2567; x_wconf 89' lang='lat' dir='ltr'>enarratis</span> <span class='ocrx_word' id='word_1_199' title='bbox 998 2502 1029 2565; x_wconf 95' lang='lat' dir='ltr'>in</span> <span class='ocrx_word' id='word_1_200' title='bbox 1053 2502 1155 2566; x_wconf 90' lang='lat' dir='ltr'>literis</span> <span class='ocrx_word' id='word_1_201' title='bbox 1180 2499 1387 2586; x_wconf 87' lang='lat' dir='ltr'>supradictis,</span> <span class='ocrx_word' id='word_1_202' title='bbox 1412 2499 1533 2563; x_wconf 91' lang='lat' dir='ltr'>eisdem</span> <span class='ocrx_word' id='word_1_203' title='bbox 1557 2501 1735 2582; x_wconf 86' lang='lat' dir='ltr'>communi,</span> <span class='ocrx_word' id='word_1_204' title='bbox 1760 2501 1962 2565; x_wconf 77' lang='lat' dir='ltr'>universitati</span> <span class='ocrx_word' id='word_1_205' title='bbox 1986 2507 2018 2564; x_wconf 92' lang='lat' dir='ltr'>et</span> <span class='ocrx_word' id='word_1_206' title='bbox 2041 2503 2160 2587; x_wconf 94' lang='lat' dir='ltr'>populo</span> <span class='ocrx_word' id='word_1_207' title='bbox 2186 2504 2362 2588; x_wconf 87' lang='lat' dir='ltr'>apostolica</span> <span class='ocrx_word' id='word_1_208' title='bbox 2386 2525 2443 2568; x_wconf 91' lang='lat' dir='ltr'>au·</span> 
     </span>
     <span class='ocr_line' id='line_1_19' title="bbox 625 2607 2443 2698; baseline -0.001 -21"><span class='ocrx_word' id='word_1_209' title='bbox 625 2613 773 2677; x_wconf 90' lang='lat' dir='ltr'>ctoritate</span> <span class='ocrx_word' id='word_1_210' title='bbox 797 2609 987 2675; x_wconf 88' lang='lat' dir='ltr'>concederet</span> <span class='ocrx_word' id='word_1_211' title='bbox 1011 2610 1049 2673; x_wconf 90' lang='lat' dir='ltr'>de</span> <span class='ocrx_word' id='word_1_212' title='bbox 1073 2616 1183 2672; x_wconf 90' lang='lat' dir='ltr'>nostra</span> <span class='ocrx_word' id='word_1_213' title='bbox 1207 2617 1239 2670; x_wconf 90' lang='lat' dir='ltr'>et</span> <span class='ocrx_word' id='word_1_214' title='bbox 1263 2608 1362 2693; x_wconf 90' lang='lat' dir='ltr'>ipsius</span> <span class='ocrx_word' id='word_1_215' title='bbox 1387 2607 1479 2672; x_wconf 84' lang='lat' dir='ltr'>Sedis</span> <span class='ocrx_word' id='word_1_216' title='bbox 1503 2607 1610 2692; x_wconf 90' lang='lat' dir='ltr'>gratia</span> <span class='ocrx_word' id='word_1_217' title='bbox 1632 2608 1784 2692; x_wconf 90' lang='lat' dir='ltr'>speciali,</span> <span class='ocrx_word' id='word_1_218' title='bbox 1810 2629 1983 2694; x_wconf 91' lang='lat' dir='ltr'>omnesque</span> <span class='ocrx_word' id='word_1_219' title='bbox 2011 2610 2187 2674; x_wconf 88' lang='lat' dir='ltr'>sententias</span> <span class='ocrx_word' id='word_1_220' title='bbox 2219 2618 2315 2696; x_wconf 90' lang='lat' dir='ltr'>atque</span> <span class='ocrx_word' id='word_1_221' title='bbox 2343 2634 2443 2698; x_wconf 91' lang='lat' dir='ltr'>penas</span> 
     </span>
     <span class='ocr_line' id='line_1_20' title="bbox 624 2715 2440 2808; baseline 0 -24"><span class='ocrx_word' id='word_1_222' title='bbox 624 2742 681 2808; x_wconf 90' lang='lat' dir='ltr'>per</span> <span class='ocrx_word' id='word_1_223' title='bbox 698 2720 799 2783; x_wconf 91' lang='lat' dir='ltr'>dictos</span> <span class='ocrx_word' id='word_1_224' title='bbox 815 2717 984 2804; x_wconf 79' lang='lat' dir='ltr'>processus</span> <span class='ocrx_word' id='word_1_225' title='bbox 1001 2724 1033 2780; x_wconf 93' lang='lat' dir='ltr'>et</span> <span class='ocrx_word' id='word_1_226' title='bbox 1049 2716 1195 2800; x_wconf 88' lang='lat' dir='ltr'>ejusdem</span> <span class='ocrx_word' id='word_1_227' title='bbox 1211 2715 1329 2799; x_wconf 87' lang='lat' dir='ltr'>Legati</span> <span class='ocrx_word' id='word_1_228' title='bbox 1345 2721 1377 2778; x_wconf 91' lang='lat' dir='ltr'>et</span> <span class='ocrx_word' id='word_1_229' title='bbox 1394 2716 1655 2779; x_wconf 89' lang='lat' dir='ltr'>constitutionem</span> <span class='ocrx_word' id='word_1_230' title='bbox 1670 2715 1816 2798; x_wconf 91' lang='lat' dir='ltr'>ejusdem</span> <span class='ocrx_word' id='word_1_231' title='bbox 1831 2715 2003 2798; x_wconf 86' lang='lat' dir='ltr'>Bonifacii,</span> <span class='ocrx_word' id='word_1_232' title='bbox 2022 2737 2083 2801; x_wconf 91' lang='lat' dir='ltr'>que</span> <span class='ocrx_word' id='word_1_233' title='bbox 2101 2717 2228 2803; x_wconf 88' lang='lat' dir='ltr'>incipit:</span> <span class='ocrx_word' id='word_1_234' title='bbox 2252 2745 2265 2775; x_wconf 71' lang='grc' dir='ltr'>ι</span> <span class='ocrx_word' id='word_1_235' title='bbox 2283 2719 2394 2784; x_wconf 82' lang='lat' dir='ltr'>Felicis</span> <span class='ocrx_word' id='word_1_236' title='bbox 2411 2747 2440 2804; x_wconf 63' lang='grc' dir='ltr'>τ,</span> 
     </span>
     <span class='ocr_line' id='line_1_21' title="bbox 619 2822 2478 2909; baseline -0.001 -17"><span class='ocrx_word' id='word_1_237' title='bbox 619 2835 652 2892; x_wconf 90' lang='lat' dir='ltr'>et</span> <span class='ocrx_word' id='word_1_238' title='bbox 676 2828 756 2890; x_wconf 90' lang='lat' dir='ltr'>alios</span> <span class='ocrx_word' id='word_1_239' title='bbox 782 2846 921 2890; x_wconf 91' lang='lat' dir='ltr'>canones</span> <span class='ocrx_word' id='word_1_240' title='bbox 950 2846 987 2888; x_wconf 92' lang='lat' dir='ltr'>ac</span> <span class='ocrx_word' id='word_1_241' title='bbox 1011 2823 1223 2909; x_wconf 88' lang='lat' dir='ltr'>provincialia</span> <span class='ocrx_word' id='word_1_242' title='bbox 1247 2831 1279 2886; x_wconf 91' lang='lat' dir='ltr'>et</span> <span class='ocrx_word' id='word_1_243' title='bbox 1302 2822 1462 2885; x_wconf 91' lang='lat' dir='ltr'>sinodalia</span> <span class='ocrx_word' id='word_1_244' title='bbox 1485 2830 1607 2886; x_wconf 89' lang='lat' dir='ltr'>statuta</span> <span class='ocrx_word' id='word_1_245' title='bbox 1632 2829 1743 2885; x_wconf 89' lang='lat' dir='ltr'>contra</span> <span class='ocrx_word' id='word_1_246' title='bbox 1767 2822 1868 2886; x_wconf 88' lang='lat' dir='ltr'>dictos</span> <span class='ocrx_word' id='word_1_247' title='bbox 1891 2823 2065 2906; x_wconf 89' lang='lat' dir='ltr'>civitatem,</span> <span class='ocrx_word' id='word_1_248' title='bbox 2087 2845 2266 2908; x_wconf 91' lang='lat' dir='ltr'>commune,</span> <span class='ocrx_word' id='word_1_249' title='bbox 2283 2828 2440 2892; x_wconf 90' lang='lat' dir='ltr'>universi·</span> <span class='ocrx_word' id='word_1_250' title='bbox 2475 2880 2478 2884; x_wconf 60' lang='grc'>,</span> 
     </span>
     <span class='ocr_line' id='line_1_22' title="bbox 620 2930 2441 3020; baseline -0.001 -21"><span class='ocrx_word' id='word_1_251' title='bbox 620 2942 721 2999; x_wconf 88' lang='lat' dir='ltr'>tatem</span> <span class='ocrx_word' id='word_1_252' title='bbox 744 2941 776 2998; x_wconf 92' lang='lat' dir='ltr'>et</span> <span class='ocrx_word' id='word_1_253' title='bbox 798 2933 954 3020; x_wconf 90' lang='lat' dir='ltr'>populum</span> <span class='ocrx_word' id='word_1_254' title='bbox 980 2931 1194 2995; x_wconf 90' lang='lat' dir='ltr'>bononienses</span> <span class='ocrx_word' id='word_1_255' title='bbox 1218 2952 1255 2994; x_wconf 91' lang='lat' dir='ltr'>ac</span> <span class='ocrx_word' id='word_1_256' title='bbox 1279 2930 1465 2994; x_wconf 88' lang='lat' dir='ltr'>comitatum</span> <span class='ocrx_word' id='word_1_257' title='bbox 1490 2937 1522 2993; x_wconf 91' lang='lat' dir='ltr'>et</span> <span class='ocrx_word' id='word_1_258' title='bbox 1545 2930 1725 2993; x_wconf 89' lang='lat' dir='ltr'>districtum</span> <span class='ocrx_word' id='word_1_259' title='bbox 1749 2931 1902 3015; x_wconf 92' lang='lat' dir='ltr'>ipsorum,</span> <span class='ocrx_word' id='word_1_260' title='bbox 1919 2937 1986 2994; x_wconf 91' lang='lat' dir='ltr'>tam</span> <span class='ocrx_word' id='word_1_261' title='bbox 2009 2953 2105 3017; x_wconf 87' lang='lat' dir='ltr'>super</span> <span class='ocrx_word' id='word_1_262' title='bbox 2129 2933 2309 3018; x_wconf 89' lang='lat' dir='ltr'>privatione</span> <span class='ocrx_word' id='word_1_263' title='bbox 2335 2933 2441 3000; x_wconf 81' lang='lat' dir='ltr'>Studii</span> 
     </span>
     <span class='ocr_line' id='line_1_23' title="bbox 619 3037 2442 3128; baseline 0.001 -22"><span class='ocrx_word' id='word_1_264' title='bbox 619 3042 781 3128; x_wconf 90' lang='lat' dir='ltr'>generalis</span> <span class='ocrx_word' id='word_1_265' title='bbox 806 3040 945 3105; x_wconf 90' lang='lat' dir='ltr'>civitatis</span> <span class='ocrx_word' id='word_1_266' title='bbox 970 3039 1115 3124; x_wconf 91' lang='lat' dir='ltr'>ejusdem</span> <span class='ocrx_word' id='word_1_267' title='bbox 1141 3039 1345 3123; x_wconf 91' lang='lat' dir='ltr'>omniumque</span> <span class='ocrx_word' id='word_1_268' title='bbox 1369 3037 1623 3123; x_wconf 87' lang='lat' dir='ltr'>privilegiorum,</span> <span class='ocrx_word' id='word_1_269' title='bbox 1641 3038 1915 3122; x_wconf 89' lang='lat' dir='ltr'>indulgentiarum</span> <span class='ocrx_word' id='word_1_270' title='bbox 1935 3047 1967 3102; x_wconf 90' lang='lat' dir='ltr'>et</span> <span class='ocrx_word' id='word_1_271' title='bbox 1992 3040 2171 3123; x_wconf 88' lang='lat' dir='ltr'>gratiarum</span> <span class='ocrx_word' id='word_1_272' title='bbox 2192 3042 2442 3126; x_wconf 88' lang='lat' dir='ltr'>apostolicarum</span> 
     </span>
     <span class='ocr_line' id='line_1_24' title="bbox 620 3145 2440 3236; baseline 0 -22"><span class='ocrx_word' id='word_1_273' title='bbox 620 3157 652 3214; x_wconf 91' lang='lat' dir='ltr'>et</span> <span class='ocrx_word' id='word_1_274' title='bbox 676 3149 893 3236; x_wconf 91' lang='lat' dir='ltr'>imperialium</span> <span class='ocrx_word' id='word_1_275' title='bbox 922 3154 955 3211; x_wconf 93' lang='lat' dir='ltr'>et</span> <span class='ocrx_word' id='word_1_276' title='bbox 978 3147 1019 3210; x_wconf 89' lang='lat' dir='ltr'>ab</span> <span class='ocrx_word' id='word_1_277' title='bbox 1043 3147 1115 3210; x_wconf 88' lang='lat' dir='ltr'>aliis</span> <span class='ocrx_word' id='word_1_278' title='bbox 1139 3147 1393 3231; x_wconf 88' lang='lat' dir='ltr'>quibuscumque</span> <span class='ocrx_word' id='word_1_279' title='bbox 1414 3166 1638 3208; x_wconf 91' lang='lat' dir='ltr'>concessorum</span> <span class='ocrx_word' id='word_1_280' title='bbox 1655 3145 1786 3226; x_wconf 90' lang='lat' dir='ltr'>eisdem,</span> <span class='ocrx_word' id='word_1_281' title='bbox 1804 3167 1901 3231; x_wconf 91' lang='lat' dir='ltr'>quam</span> <span class='ocrx_word' id='word_1_282' title='bbox 1918 3146 1998 3210; x_wconf 89' lang='lat' dir='ltr'>alias</span> <span class='ocrx_word' id='word_1_283' title='bbox 2016 3147 2256 3232; x_wconf 88' lang='lat' dir='ltr'>quomodolibet</span> <span class='ocrx_word' id='word_1_284' title='bbox 2273 3150 2440 3213; x_wconf 87' lang='lat' dir='ltr'>occasione</span> 
     </span>
     <span class='ocr_line' id='line_1_25' title="bbox 621 3252 2441 3340; baseline 0 -20"><span class='ocrx_word' id='word_1_285' title='bbox 621 3257 778 3321; x_wconf 90' lang='lat' dir='ltr'>dictorum</span> <span class='ocrx_word' id='word_1_286' title='bbox 802 3275 994 3318; x_wconf 88' lang='lat' dir='ltr'>excessuum</span> <span class='ocrx_word' id='word_1_287' title='bbox 1018 3254 1240 3340; x_wconf 87' lang='lat' dir='ltr'>promulgatas</span> <span class='ocrx_word' id='word_1_288' title='bbox 1264 3253 1456 3316; x_wconf 88' lang='lat' dir='ltr'>auctoritate</span> <span class='ocrx_word' id='word_1_289' title='bbox 1480 3252 1636 3338; x_wconf 89' lang='lat' dir='ltr'>predicta,</span> <span class='ocrx_word' id='word_1_290' title='bbox 1654 3253 1783 3316; x_wconf 92' lang='lat' dir='ltr'>omniuo</span> <span class='ocrx_word' id='word_1_291' title='bbox 1805 3252 1978 3334; x_wconf 89' lang='lat' dir='ltr'>relaxaret,</span> <span class='ocrx_word' id='word_1_292' title='bbox 1996 3254 2124 3318; x_wconf 88' lang='lat' dir='ltr'>tolleret</span> <span class='ocrx_word' id='word_1_293' title='bbox 2147 3263 2179 3320; x_wconf 91' lang='lat' dir='ltr'>et</span> <span class='ocrx_word' id='word_1_294' title='bbox 2203 3257 2354 3339; x_wconf 88' lang='lat' dir='ltr'>auferret,</span> <span class='ocrx_word' id='word_1_295' title='bbox 2373 3278 2441 3321; x_wconf 90' lang='lat' dir='ltr'>cas·</span> 
     </span>
     <span class='ocr_line' id='line_1_26' title="bbox 620 3359 2441 3449; baseline 0.001 -21"><span class='ocrx_word' id='word_1_296' title='bbox 620 3372 717 3448; x_wconf 82' lang='lat' dir='ltr'>earet,</span> <span class='ocrx_word' id='word_1_297' title='bbox 735 3364 877 3427; x_wconf 90' lang='lat' dir='ltr'>irritaret</span> <span class='ocrx_word' id='word_1_298' title='bbox 901 3368 932 3426; x_wconf 92' lang='lat' dir='ltr'>et</span> <span class='ocrx_word' id='word_1_299' title='bbox 955 3362 1097 3425; x_wconf 88' lang='lat' dir='ltr'>totaliter</span> <span class='ocrx_word' id='word_1_300' title='bbox 1122 3361 1266 3425; x_wconf 89' lang='lat' dir='ltr'>aboleret</span> <span class='ocrx_word' id='word_1_301' title='bbox 1290 3360 1410 3424; x_wconf 74' lang='lat' dir='ltr'>(lictum</span> <span class='ocrx_word' id='word_1_302' title='bbox 1435 3359 1584 3423; x_wconf 86' lang='lat' dir='ltr'>Studium</span> <span class='ocrx_word' id='word_1_303' title='bbox 1605 3361 1757 3443; x_wconf 80' lang='lat' dir='ltr'>gencrale</span> <span class='ocrx_word' id='word_1_304' title='bbox 1774 3381 1845 3424; x_wconf 91' lang='lat' dir='ltr'>cum</span> <span class='ocrx_word' id='word_1_305' title='bbox 1863 3361 2011 3424; x_wconf 88' lang='lat' dir='ltr'>onmibus</span> <span class='ocrx_word' id='word_1_306' title='bbox 2027 3362 2215 3447; x_wconf 84' lang='lat' dir='ltr'>privilegiis,</span> <span class='ocrx_word' id='word_1_307' title='bbox 2233 3364 2441 3449; x_wconf 89' lang='lat' dir='ltr'>indulgentiis</span> 
     </span>
     <span class='ocr_line' id='line_1_27' title="bbox 620 3462 2441 3558; baseline 0 -22"><span class='ocrx_word' id='word_1_308' title='bbox 620 3480 651 3536; x_wconf 92' lang='lat' dir='ltr'>et</span> <span class='ocrx_word' id='word_1_309' title='bbox 677 3471 792 3558; x_wconf 89' lang='lat' dir='ltr'>gratiis</span> <span class='ocrx_word' id='word_1_310' title='bbox 816 3462 1023 3556; x_wconf 89' lang='lat' dir='ltr'>supradictis,</span> <span class='ocrx_word' id='word_1_311' title='bbox 1049 3467 1245 3532; x_wconf 90' lang='lat' dir='ltr'>restituendo</span> <span class='ocrx_word' id='word_1_312' title='bbox 1270 3474 1302 3531; x_wconf 93' lang='lat' dir='ltr'>ct</span> <span class='ocrx_word' id='word_1_313' title='bbox 1325 3466 1553 3551; x_wconf 89' lang='lat' dir='ltr'>reintegrando</span> <span class='ocrx_word' id='word_1_314' title='bbox 1577 3467 1697 3531; x_wconf 89' lang='lat' dir='ltr'>eisdem</span> <span class='ocrx_word' id='word_1_315' title='bbox 1720 3468 1753 3531; x_wconf 94' lang='lat' dir='ltr'>in</span> <span class='ocrx_word' id='word_1_316' title='bbox 1777 3468 1925 3532; x_wconf 90' lang='lat' dir='ltr'>omnibus</span> <span class='ocrx_word' id='word_1_317' title='bbox 1948 3476 1980 3533; x_wconf 92' lang='lat' dir='ltr'>et</span> <span class='ocrx_word' id='word_1_318' title='bbox 2012 3491 2070 3554; x_wconf 91' lang='lat' dir='ltr'>per</span> <span class='ocrx_word' id='word_1_319' title='bbox 2101 3471 2224 3554; x_wconf 91' lang='lat' dir='ltr'>omnia,</span> <span class='ocrx_word' id='word_1_320' title='bbox 2249 3472 2331 3535; x_wconf 90' lang='lat' dir='ltr'>sicut</span> <span class='ocrx_word' id='word_1_321' title='bbox 2362 3471 2441 3536; x_wconf 92' lang='lat' dir='ltr'>illud</span> 
     </span>
     <span class='ocr_line' id='line_1_28' title="bbox 621 3575 1553 3665; baseline -0.006 -21"><span class='ocrx_word' id='word_1_322' title='bbox 621 3587 695 3644; x_wconf 87' lang='lat' dir='ltr'>ante</span> <span class='ocrx_word' id='word_1_323' title='bbox 719 3578 935 3665; x_wconf 88' lang='lat' dir='ltr'>patrationem</span> <span class='ocrx_word' id='word_1_324' title='bbox 959 3576 1118 3640; x_wconf 90' lang='lat' dir='ltr'>dictorum</span> <span class='ocrx_word' id='word_1_325' title='bbox 1140 3595 1330 3639; x_wconf 89' lang='lat' dir='ltr'>excessuum</span> <span class='ocrx_word' id='word_1_326' title='bbox 1355 3575 1553 3639; x_wconf 88' lang='lat' dir='ltr'>obtinebant.</span> 
     </span>
    </p>

    <p class='ocr_par' dir='ltr' id='par_1_3' title="bbox 618 3682 2452 5060">
     <span class='ocr_line' id='line_1_29' title="bbox 710 3682 2439 3772; baseline -0.001 -21"><span class='ocrx_word' id='word_1_327' title='bbox 710 3685 868 3751; x_wconf 93' lang='lat' dir='ltr'>Omnibus</span> <span class='ocrx_word' id='word_1_328' title='bbox 892 3684 1022 3770; x_wconf 90' lang='lat' dir='ltr'>insuper</span> <span class='ocrx_word' id='word_1_329' title='bbox 1045 3683 1190 3768; x_wconf 91' lang='lat' dir='ltr'>personis</span> <span class='ocrx_word' id='word_1_330' title='bbox 1216 3683 1441 3746; x_wconf 88' lang='lat' dir='ltr'>ecclesiasticis</span> <span class='ocrx_word' id='word_1_331' title='bbox 1465 3690 1497 3746; x_wconf 93' lang='lat' dir='ltr'>et</span> <span class='ocrx_word' id='word_1_332' title='bbox 1521 3682 1720 3746; x_wconf 87' lang='lat' dir='ltr'>secularibus</span> <span class='ocrx_word' id='word_1_333' title='bbox 1744 3683 1901 3765; x_wconf 89' lang='lat' dir='ltr'>civitatis,</span> <span class='ocrx_word' id='word_1_334' title='bbox 1927 3683 2096 3747; x_wconf 89' lang='lat' dir='ltr'>comitatus</span> <span class='ocrx_word' id='word_1_335' title='bbox 2125 3691 2157 3747; x_wconf 90' lang='lat' dir='ltr'>ct</span> <span class='ocrx_word' id='word_1_336' title='bbox 2181 3684 2344 3748; x_wconf 90' lang='lat' dir='ltr'>districtus</span> <span class='ocrx_word' id='word_1_337' title='bbox 2368 3708 2439 3772; x_wconf 89' lang='lat' dir='ltr'>prc-</span> 
     </span>
     <span class='ocr_line' id='line_1_30' title="bbox 620 3791 2439 3878; baseline 0 -21"><span class='ocrx_word' id='word_1_338' title='bbox 620 3794 779 3859; x_wconf 90' lang='lat' dir='ltr'>dictorum</span> <span class='ocrx_word' id='word_1_339' title='bbox 802 3792 841 3856; x_wconf 90' lang='lat' dir='ltr'>de</span> <span class='ocrx_word' id='word_1_340' title='bbox 866 3791 1077 3856; x_wconf 90' lang='lat' dir='ltr'>absolutionis</span> <span class='ocrx_word' id='word_1_341' title='bbox 1096 3791 1137 3853; x_wconf 93' lang='lat' dir='ltr'>ab</span> <span class='ocrx_word' id='word_1_342' title='bbox 1154 3791 1522 3854; x_wconf 87' lang='lat' dir='ltr'>excommunicationum</span> <span class='ocrx_word' id='word_1_343' title='bbox 1539 3791 1717 3875; x_wconf 80' lang='lat' dir='ltr'>sentcntijs,</span> <span class='ocrx_word' id='word_1_344' title='bbox 1735 3813 1814 3876; x_wconf 88' lang='lat' dir='ltr'>quas</span> <span class='ocrx_word' id='word_1_345' title='bbox 1830 3797 1964 3876; x_wconf 91' lang='lat' dir='ltr'>propter</span> <span class='ocrx_word' id='word_1_346' title='bbox 1980 3813 2131 3855; x_wconf 89' lang='lat' dir='ltr'>excessus</span> <span class='ocrx_word' id='word_1_347' title='bbox 2148 3800 2180 3856; x_wconf 91' lang='lat' dir='ltr'>et</span> <span class='ocrx_word' id='word_1_348' title='bbox 2196 3792 2307 3878; x_wconf 88' lang='lat' dir='ltr'>culpas</span> <span class='ocrx_word' id='word_1_349' title='bbox 2328 3800 2439 3857; x_wconf 89' lang='lat' dir='ltr'>contra</span> 
     </span>
     <span class='ocr_line' id='line_1_31' title="bbox 620 3897 2439 3986; baseline 0 -21"><span class='ocrx_word' id='word_1_350' title='bbox 620 3902 740 3966; x_wconf 91' lang='lat' dir='ltr'>dictum</span> <span class='ocrx_word' id='word_1_351' title='bbox 770 3900 932 3985; x_wconf 87' lang='lat' dir='ltr'>Legatum</span> <span class='ocrx_word' id='word_1_352' title='bbox 965 3899 1109 3984; x_wconf 86' lang='lat' dir='ltr'>aliosque</span> <span class='ocrx_word' id='word_1_353' title='bbox 1133 3897 1276 3984; x_wconf 88' lang='lat' dir='ltr'>prelatos</span> <span class='ocrx_word' id='word_1_354' title='bbox 1301 3905 1332 3960; x_wconf 93' lang='lat' dir='ltr'>et</span> <span class='ocrx_word' id='word_1_355' title='bbox 1351 3918 1510 3984; x_wconf 51' lang='lat' dir='ltr'>¹personas</span> <span class='ocrx_word' id='word_1_356' title='bbox 1535 3898 1769 3962; x_wconf 88' lang='lat' dir='ltr'>ecclesiasticas</span> <span class='ocrx_word' id='word_1_357' title='bbox 1793 3906 1869 3962; x_wconf 89' lang='lat' dir='ltr'>tunc</span> <span class='ocrx_word' id='word_1_358' title='bbox 1893 3898 2070 3961; x_wconf 86' lang='lat' dir='ltr'>existentes</span> <span class='ocrx_word' id='word_1_359' title='bbox 2100 3899 2132 3961; x_wconf 96' lang='lat' dir='ltr'>in</span> <span class='ocrx_word' id='word_1_360' title='bbox 2157 3900 2308 3963; x_wconf 88' lang='lat' dir='ltr'>comitiva</span> <span class='ocrx_word' id='word_1_361' title='bbox 2340 3900 2439 3986; x_wconf 91' lang='lat' dir='ltr'>ipsius</span> 
     </span>
     <span class='ocr_line' id='line_1_32' title="bbox 619 4005 2441 4091; baseline 0 -17"><span class='ocrx_word' id='word_1_362' title='bbox 619 4031 657 4074; x_wconf 88' lang='lat' dir='ltr'>ao</span> <span class='ocrx_word' id='word_1_363' title='bbox 681 4007 859 4072; x_wconf 81' lang='lat' dir='ltr'>familiares</span> <span class='ocrx_word' id='word_1_364' title='bbox 882 4007 1045 4091; x_wconf 88' lang='lat' dir='ltr'>ejusdem,</span> <span class='ocrx_word' id='word_1_365' title='bbox 1071 4027 1216 4069; x_wconf 91' lang='lat' dir='ltr'>necnon</span> <span class='ocrx_word' id='word_1_366' title='bbox 1242 4005 1394 4070; x_wconf 87' lang='lat' dir='ltr'>officiales</span> <span class='ocrx_word' id='word_1_367' title='bbox 1418 4005 1543 4091; x_wconf 88' lang='lat' dir='ltr'>prefate</span> <span class='ocrx_word' id='word_1_368' title='bbox 1573 4025 1705 4068; x_wconf 88' lang='lat' dir='ltr'>romane</span> <span class='ocrx_word' id='word_1_369' title='bbox 1737 4005 1871 4068; x_wconf 88' lang='lat' dir='ltr'>ecclesie</span> <span class='ocrx_word' id='word_1_370' title='bbox 1899 4011 1975 4068; x_wconf 90' lang='lat' dir='ltr'>tunc</span> <span class='ocrx_word' id='word_1_371' title='bbox 2000 4006 2033 4070; x_wconf 92' lang='lat' dir='ltr'>in</span> <span class='ocrx_word' id='word_1_372' title='bbox 2057 4006 2206 4089; x_wconf 88' lang='lat' dir='ltr'>civitate,</span> <span class='ocrx_word' id='word_1_373' title='bbox 2231 4008 2384 4072; x_wconf 91' lang='lat' dir='ltr'>comitatu</span> <span class='ocrx_word' id='word_1_374' title='bbox 2408 4018 2441 4074; x_wconf 91' lang='lat' dir='ltr'>et</span> 
     </span>
     <span class='ocr_line' id='line_1_33' title="bbox 620 4111 2440 4201; baseline 0 -21"><span class='ocrx_word' id='word_1_375' title='bbox 620 4117 768 4180; x_wconf 91' lang='lat' dir='ltr'>districtu</span> <span class='ocrx_word' id='word_1_376' title='bbox 792 4115 943 4201; x_wconf 87' lang='lat' dir='ltr'>predictis</span> <span class='ocrx_word' id='word_1_377' title='bbox 967 4121 1140 4195; x_wconf 89' lang='lat' dir='ltr'>morantes,</span> <span class='ocrx_word' id='word_1_378' title='bbox 1166 4111 1314 4176; x_wconf 85' lang='lat' dir='ltr'>faciendo</span> <span class='ocrx_word' id='word_1_379' title='bbox 1338 4113 1485 4195; x_wconf 89' lang='lat' dir='ltr'>insultus,</span> <span class='ocrx_word' id='word_1_380' title='bbox 1510 4134 1732 4198; x_wconf 81' lang='lat' dir='ltr'>aggressurus,</span> <span class='ocrx_word' id='word_1_381' title='bbox 1758 4112 1977 4198; x_wconf 83' lang='lat' dir='ltr'>spoliationes,</span> <span class='ocrx_word' id='word_1_382' title='bbox 1995 4113 2187 4196; x_wconf 90' lang='lat' dir='ltr'>obsidiones,</span> <span class='ocrx_word' id='word_1_383' title='bbox 2205 4115 2309 4198; x_wconf 91' lang='lat' dir='ltr'>cedes,</span> <span class='ocrx_word' id='word_1_384' title='bbox 2328 4116 2440 4181; x_wconf 90' lang='lat' dir='ltr'>vulne-</span> 
     </span>
     <span class='ocr_line' id='line_1_34' title="bbox 620 4219 2439 4310; baseline -0.001 -22"><span class='ocrx_word' id='word_1_385' title='bbox 620 4225 772 4304; x_wconf 88' lang='lat' dir='ltr'>rationes,</span> <span class='ocrx_word' id='word_1_386' title='bbox 797 4221 972 4307; x_wconf 90' lang='lat' dir='ltr'>captiones,</span> <span class='ocrx_word' id='word_1_387' title='bbox 997 4221 1208 4302; x_wconf 89' lang='lat' dir='ltr'>detentiones,</span> <span class='ocrx_word' id='word_1_388' title='bbox 1231 4220 1499 4284; x_wconf 88' lang='lat' dir='ltr'>incarcerationes</span> <span class='ocrx_word' id='word_1_389' title='bbox 1523 4227 1555 4284; x_wconf 91' lang='lat' dir='ltr'>et</span> <span class='ocrx_word' id='word_1_390' title='bbox 1579 4220 1644 4283; x_wconf 92' lang='lat' dir='ltr'>alia</span> <span class='ocrx_word' id='word_1_391' title='bbox 1667 4220 1822 4284; x_wconf 88' lang='lat' dir='ltr'>adversus</span> <span class='ocrx_word' id='word_1_392' title='bbox 1846 4241 1900 4283; x_wconf 87' lang='lat' dir='ltr'>eos</span> <span class='ocrx_word' id='word_1_393' title='bbox 1925 4219 2083 4284; x_wconf 89' lang='lat' dir='ltr'>maleficia</span> <span class='ocrx_word' id='word_1_394' title='bbox 2104 4223 2330 4306; x_wconf 88' lang='lat' dir='ltr'>perpetrando,</span> <span class='ocrx_word' id='word_1_395' title='bbox 2347 4225 2439 4310; x_wconf 86' lang='lat' dir='ltr'>flagi-</span> 
     </span>
     <span class='ocr_line' id='line_1_35' title="bbox 619 4327 2439 4415; baseline 0.001 -21"><span class='ocrx_word' id='word_1_396' title='bbox 619 4332 702 4394; x_wconf 90' lang='lat' dir='ltr'>tioso</span> <span class='ocrx_word' id='word_1_397' title='bbox 727 4336 759 4393; x_wconf 92' lang='lat' dir='ltr'>et</span> <span class='ocrx_word' id='word_1_398' title='bbox 782 4329 941 4412; x_wconf 87' lang='lat' dir='ltr'>sacrilego</span> <span class='ocrx_word' id='word_1_399' title='bbox 966 4349 1046 4390; x_wconf 91' lang='lat' dir='ltr'>ausu</span> <span class='ocrx_word' id='word_1_400' title='bbox 1072 4349 1128 4412; x_wconf 88' lang='lat' dir='ltr'>per</span> <span class='ocrx_word' id='word_1_401' title='bbox 1152 4348 1207 4390; x_wconf 91' lang='lat' dir='ltr'>eos</span> <span class='ocrx_word' id='word_1_402' title='bbox 1231 4327 1427 4408; x_wconf 91' lang='lat' dir='ltr'>commissos,</span> <span class='ocrx_word' id='word_1_403' title='bbox 1444 4348 1503 4412; x_wconf 87' lang='lat' dir='ltr'>per</span> <span class='ocrx_word' id='word_1_404' title='bbox 1521 4349 1690 4413; x_wconf 89' lang='lat' dir='ltr'>processus</span> <span class='ocrx_word' id='word_1_405' title='bbox 1714 4333 1844 4390; x_wconf 92' lang='lat' dir='ltr'>nostros</span> <span class='ocrx_word' id='word_1_406' title='bbox 1865 4335 1897 4390; x_wconf 93' lang='lat' dir='ltr'>et</span> <span class='ocrx_word' id='word_1_407' title='bbox 1921 4327 1997 4390; x_wconf 91' lang='lat' dir='ltr'>dicti</span> <span class='ocrx_word' id='word_1_408' title='bbox 2019 4327 2146 4412; x_wconf 88' lang='lat' dir='ltr'>Legati,</span> <span class='ocrx_word' id='word_1_409' title='bbox 2164 4329 2347 4415; x_wconf 90' lang='lat' dir='ltr'>dictamque</span> <span class='ocrx_word' id='word_1_410' title='bbox 2365 4353 2439 4395; x_wconf 92' lang='lat' dir='ltr'>con-</span> 
     </span>
     <span class='ocr_line' id='line_1_36' title="bbox 619 4413 2452 4521; baseline -0.001 -18"><span class='ocrx_word' id='word_1_411' title='bbox 619 4431 819 4503; x_wconf 91' lang='lat' dir='ltr'>stitutionem</span> <span class='ocrx_word' id='word_1_412' title='bbox 843 4444 875 4500; x_wconf 93' lang='lat' dir='ltr'>ct</span> <span class='ocrx_word' id='word_1_413' title='bbox 898 4436 978 4499; x_wconf 77' lang='lat' dir='ltr'>alios</span> <span class='ocrx_word' id='word_1_414' title='bbox 1003 4457 1152 4517; x_wconf 89' lang='lat' dir='ltr'>canones,</span> <span class='ocrx_word' id='word_1_415' title='bbox 1171 4456 1227 4498; x_wconf 89' lang='lat' dir='ltr'>seu</span> <span class='ocrx_word' id='word_1_416' title='bbox 1252 4435 1465 4520; x_wconf 89' lang='lat' dir='ltr'>provincialia</span> <span class='ocrx_word' id='word_1_417' title='bbox 1488 4441 1519 4497; x_wconf 89' lang='lat' dir='ltr'>ct</span> <span class='ocrx_word' id='word_1_418' title='bbox 1536 4435 1695 4499; x_wconf 89' lang='lat' dir='ltr'>sinodalia</span> <span class='ocrx_word' id='word_1_419' title='bbox 1712 4442 1843 4517; x_wconf 88' lang='lat' dir='ltr'>statuta,</span> <span class='ocrx_word' id='word_1_420' title='bbox 1860 4435 1911 4499; x_wconf 91' lang='lat' dir='ltr'>vel</span> <span class='ocrx_word' id='word_1_421' title='bbox 1929 4435 2010 4498; x_wconf 91' lang='lat' dir='ltr'>alias</span> <span class='ocrx_word' id='word_1_422' title='bbox 2026 4437 2255 4521; x_wconf 91' lang='lat' dir='ltr'>premissorum</span> <span class='ocrx_word' id='word_1_423' title='bbox 2272 4413 2452 4502; x_wconf 33' lang='lat' dir='ltr'>occasione.</span> 
     </span>
     <span class='ocr_line' id='line_1_37' title="bbox 619 4543 2440 4628; baseline -0.001 -18"><span class='ocrx_word' id='word_1_424' title='bbox 619 4546 659 4610; x_wconf 89' lang='lat' dir='ltr'>ab</span> <span class='ocrx_word' id='word_1_425' title='bbox 684 4545 813 4609; x_wconf 91' lang='lat' dir='ltr'>homine</span> <span class='ocrx_word' id='word_1_426' title='bbox 837 4544 889 4607; x_wconf 91' lang='lat' dir='ltr'>vel</span> <span class='ocrx_word' id='word_1_427' title='bbox 913 4565 933 4606; x_wconf 91' lang='lat' dir='ltr'>a</span> <span class='ocrx_word' id='word_1_428' title='bbox 953 4544 1027 4627; x_wconf 87' lang='lat' dir='ltr'>jure</span> <span class='ocrx_word' id='word_1_429' title='bbox 1050 4543 1194 4628; x_wconf 88' lang='lat' dir='ltr'>prolatas</span> <span class='ocrx_word' id='word_1_430' title='bbox 1219 4543 1421 4606; x_wconf 86' lang='lat' dir='ltr'>incurrerant</span> <span class='ocrx_word' id='word_1_431' title='bbox 1444 4543 1679 4628; x_wconf 87' lang='lat' dir='ltr'>quoquomodo,</span> <span class='ocrx_word' id='word_1_432' title='bbox 1705 4551 1737 4606; x_wconf 92' lang='lat' dir='ltr'>et</span> <span class='ocrx_word' id='word_1_433' title='bbox 1760 4545 1858 4606; x_wconf 90' lang='lat' dir='ltr'>etiam</span> <span class='ocrx_word' id='word_1_434' title='bbox 1882 4543 1945 4606; x_wconf 90' lang='lat' dir='ltr'>illis</span> <span class='ocrx_word' id='word_1_435' title='bbox 1969 4545 2114 4628; x_wconf 90' lang='lat' dir='ltr'>personis</span> <span class='ocrx_word' id='word_1_436' title='bbox 2138 4545 2382 4628; x_wconf 87' lang='lat' dir='ltr'>ecclesiasticis,</span> <span class='ocrx_word' id='word_1_437' title='bbox 2407 4553 2440 4610; x_wconf 89' lang='lat' dir='ltr'>et</span> 
     </span>
     <span class='ocr_line' id='line_1_38' title="bbox 618 4649 2439 4736; baseline -0.001 -19"><span class='ocrx_word' id='word_1_438' title='bbox 618 4653 740 4718; x_wconf 91' lang='lat' dir='ltr'>eisdem</span> <span class='ocrx_word' id='word_1_439' title='bbox 768 4651 822 4736; x_wconf 93' lang='lat' dir='ltr'>qui</span> <span class='ocrx_word' id='word_1_440' title='bbox 846 4650 998 4736; x_wconf 84' lang='lat' dir='ltr'>predictis</span> <span class='ocrx_word' id='word_1_441' title='bbox 1021 4649 1113 4734; x_wconf 84' lang='lat' dir='ltr'>ligati</span> <span class='ocrx_word' id='word_1_442' title='bbox 1139 4651 1307 4713; x_wconf 91' lang='lat' dir='ltr'>sententiis</span> <span class='ocrx_word' id='word_1_443' title='bbox 1331 4671 1389 4734; x_wconf 89' lang='lat' dir='ltr'>per</span> <span class='ocrx_word' id='word_1_444' title='bbox 1412 4649 1652 4734; x_wconf 89' lang='lat' dir='ltr'>simplicitatem</span> <span class='ocrx_word' id='word_1_445' title='bbox 1676 4657 1708 4714; x_wconf 91' lang='lat' dir='ltr'>et</span> <span class='ocrx_word' id='word_1_446' title='bbox 1728 4651 1810 4734; x_wconf 91' lang='lat' dir='ltr'>juris</span> <span class='ocrx_word' id='word_1_447' title='bbox 1834 4651 2062 4734; x_wconf 89' lang='lat' dir='ltr'>ignorantiam,</span> <span class='ocrx_word' id='word_1_448' title='bbox 2086 4673 2150 4715; x_wconf 90' lang='lat' dir='ltr'>non</span> <span class='ocrx_word' id='word_1_449' title='bbox 2175 4660 2283 4720; x_wconf 89' lang='lat' dir='ltr'>tamen</span> <span class='ocrx_word' id='word_1_450' title='bbox 2307 4653 2339 4715; x_wconf 93' lang='lat' dir='ltr'>in</span> <span class='ocrx_word' id='word_1_451' title='bbox 2364 4673 2439 4716; x_wconf 92' lang='lat' dir='ltr'>con·</span> 
     </span>
     <span class='ocr_line' id='line_1_39' title="bbox 618 4757 2439 4846; baseline 0 -22"><span class='ocrx_word' id='word_1_452' title='bbox 618 4767 776 4846; x_wconf 90' lang='lat' dir='ltr'>temptum</span> <span class='ocrx_word' id='word_1_453' title='bbox 807 4758 946 4823; x_wconf 88' lang='lat' dir='ltr'>clavium</span> <span class='ocrx_word' id='word_1_454' title='bbox 980 4759 1089 4822; x_wconf 86' lang='lat' dir='ltr'>divina</span> <span class='ocrx_word' id='word_1_455' title='bbox 1121 4757 1226 4822; x_wconf 89' lang='lat' dir='ltr'>officia</span> <span class='ocrx_word' id='word_1_456' title='bbox 1250 4758 1453 4821; x_wconf 89' lang='lat' dir='ltr'>celebrarant</span> <span class='ocrx_word' id='word_1_457' title='bbox 1477 4757 1529 4820; x_wconf 92' lang='lat' dir='ltr'>vel</span> <span class='ocrx_word' id='word_1_458' title='bbox 1553 4779 1587 4820; x_wconf 91' lang='lat' dir='ltr'>se</span> <span class='ocrx_word' id='word_1_459' title='bbox 1610 4759 1814 4842; x_wconf 86' lang='lat' dir='ltr'>ingesserant</span> <span class='ocrx_word' id='word_1_460' title='bbox 1838 4757 1958 4821; x_wconf 91' lang='lat' dir='ltr'>eisdem</span> <span class='ocrx_word' id='word_1_461' title='bbox 1982 4780 2079 4843; x_wconf 89' lang='lat' dir='ltr'>super</span> <span class='ocrx_word' id='word_1_462' title='bbox 2103 4759 2342 4844; x_wconf 85' lang='lat' dir='ltr'>irregularitate</span> <span class='ocrx_word' id='word_1_463' title='bbox 2365 4781 2439 4844; x_wconf 93' lang='lat' dir='ltr'>pro-</span> 
     </span>
     <span class='ocr_line' id='line_1_40' title="bbox 619 4864 2438 4955; baseline -0.001 -23"><span class='ocrx_word' id='word_1_464' title='bbox 619 4877 732 4955; x_wconf 88' lang='lat' dir='ltr'>pterea</span> <span class='ocrx_word' id='word_1_465' title='bbox 756 4873 922 4931; x_wconf 89' lang='lat' dir='ltr'>contracta</span> <span class='ocrx_word' id='word_1_466' title='bbox 946 4866 984 4929; x_wconf 90' lang='lat' dir='ltr'>de</span> <span class='ocrx_word' id='word_1_467' title='bbox 1009 4865 1258 4952; x_wconf 89' lang='lat' dir='ltr'>dispensationis</span> <span class='ocrx_word' id='word_1_468' title='bbox 1282 4865 1438 4928; x_wconf 90' lang='lat' dir='ltr'>beneficio</span> <span class='ocrx_word' id='word_1_469' title='bbox 1462 4864 1679 4950; x_wconf 88' lang='lat' dir='ltr'>providendo,</span> <span class='ocrx_word' id='word_1_470' title='bbox 1704 4873 1800 4951; x_wconf 88' lang='lat' dir='ltr'>prout</span> <span class='ocrx_word' id='word_1_471' title='bbox 1823 4866 1855 4928; x_wconf 93' lang='lat' dir='ltr'>in</span> <span class='ocrx_word' id='word_1_472' title='bbox 1880 4865 2001 4929; x_wconf 85' lang='lat' dir='ltr'>eisdem</span> <span class='ocrx_word' id='word_1_473' title='bbox 2030 4866 2131 4929; x_wconf 88' lang='lat' dir='ltr'>literis</span> <span class='ocrx_word' id='word_1_474' title='bbox 2155 4867 2280 4952; x_wconf 88' lang='lat' dir='ltr'>prefato</span> <span class='ocrx_word' id='word_1_475' title='bbox 2313 4868 2438 4931; x_wconf 90' lang='lat' dir='ltr'>notario</span> 
     </span>
     <span class='ocr_line' id='line_1_41' title="bbox 618 4973 1117 5060; baseline -0.008 -20"><span class='ocrx_word' id='word_1_476' title='bbox 618 4976 749 5040; x_wconf 90' lang='lat' dir='ltr'>directis</span> <span class='ocrx_word' id='word_1_477' title='bbox 773 4973 900 5060; x_wconf 85' lang='lat' dir='ltr'>plenius</span> <span class='ocrx_word' id='word_1_478' title='bbox 925 4974 1117 5039; x_wconf 87' lang='lat' dir='ltr'>continetur.</span> 
     </span>
    </p>

    <p class='ocr_par' dir='ltr' id='par_1_4' title="bbox 614 5079 2438 6568">
     <span class='ocr_line' id='line_1_42' title="bbox 707 5079 2436 5170; baseline 0.001 -24"><span class='ocrx_word' id='word_1_479' title='bbox 707 5083 750 5146; x_wconf 85' lang='lat' dir='ltr'>Et</span> <span class='ocrx_word' id='word_1_480' title='bbox 773 5083 920 5168; x_wconf 92' lang='lat' dir='ltr'>quamvis</span> <span class='ocrx_word' id='word_1_481' title='bbox 945 5081 1049 5144; x_wconf 90' lang='lat' dir='ltr'>dictus</span> <span class='ocrx_word' id='word_1_482' title='bbox 1073 5081 1217 5144; x_wconf 89' lang='lat' dir='ltr'>notarius</span> <span class='ocrx_word' id='word_1_483' title='bbox 1242 5102 1275 5144; x_wconf 90' lang='lat' dir='ltr'>sc</span> <span class='ocrx_word' id='word_1_484' title='bbox 1300 5079 1340 5143; x_wconf 89' lang='lat' dir='ltr'>ad</span> <span class='ocrx_word' id='word_1_485' title='bbox 1364 5080 1528 5144; x_wconf 90' lang='lat' dir='ltr'>civitatem</span> <span class='ocrx_word' id='word_1_486' title='bbox 1544 5079 1721 5165; x_wconf 88' lang='lat' dir='ltr'>prodictam</span> <span class='ocrx_word' id='word_1_487' title='bbox 1738 5081 1951 5165; x_wconf 89' lang='lat' dir='ltr'>personaliter</span> <span class='ocrx_word' id='word_1_488' title='bbox 1967 5080 2145 5162; x_wconf 80' lang='lat' dir='ltr'>conferens,</span> <span class='ocrx_word' id='word_1_489' title='bbox 2164 5089 2311 5167; x_wconf 89' lang='lat' dir='ltr'>receptus</span> <span class='ocrx_word' id='word_1_490' title='bbox 2330 5084 2362 5146; x_wconf 93' lang='lat' dir='ltr'>in</span> <span class='ocrx_word' id='word_1_491' title='bbox 2379 5105 2436 5170; x_wconf 93' lang='lat' dir='ltr'>pa·</span> 
     </span>
     <span class='ocr_line' id='line_1_43' title="bbox 617 5177 2437 5274; baseline 0.001 -20"><span class='ocrx_word' id='word_1_492' title='bbox 617 5191 696 5256; x_wconf 89' lang='lat' dir='ltr'>latio</span> <span class='ocrx_word' id='word_1_493' title='bbox 721 5190 907 5255; x_wconf 81' lang='lat' dir='ltr'>Communis</span> <span class='ocrx_word' id='word_1_494' title='bbox 940 5189 1079 5254; x_wconf 90' lang='lat' dir='ltr'>civitatis</span> <span class='ocrx_word' id='word_1_495' title='bbox 1111 5188 1253 5274; x_wconf 88' lang='lat' dir='ltr'>predicte</span> <span class='ocrx_word' id='word_1_496' title='bbox 1283 5187 1368 5272; x_wconf 94' lang='lat' dir='ltr'>quod</span> <span class='ocrx_word' id='word_1_497' title='bbox 1402 5187 1546 5274; x_wconf 87' lang='lat' dir='ltr'>prefatus</span> <span class='ocrx_word' id='word_1_498' title='bbox 1571 5187 1722 5250; x_wconf 84' lang='lat' dir='ltr'>Thadcus</span> <span class='ocrx_word' id='word_1_499' title='bbox 1751 5187 1790 5250; x_wconf 93' lang='lat' dir='ltr'>de</span> <span class='ocrx_word' id='word_1_500' title='bbox 1814 5177 1946 5272; x_wconf 87' lang='lat' dir='ltr'>Pepulis</span> <span class='ocrx_word' id='word_1_501' title='bbox 1970 5194 2047 5251; x_wconf 88' lang='lat' dir='ltr'>tunc</span> <span class='ocrx_word' id='word_1_502' title='bbox 2071 5189 2255 5272; x_wconf 86' lang='lat' dir='ltr'>habitabat,</span> <span class='ocrx_word' id='word_1_503' title='bbox 2276 5197 2309 5254; x_wconf 92' lang='lat' dir='ltr'>et</span> <span class='ocrx_word' id='word_1_504' title='bbox 2332 5190 2437 5255; x_wconf 89' lang='lat' dir='ltr'>adhuc</span> 
     </span>
     <span class='ocr_line' id='line_1_44' title="bbox 620 5294 2437 5382; baseline 0.001 -20"><span class='ocrx_word' id='word_1_505' title='bbox 620 5299 737 5362; x_wconf 90' lang='lat' dir='ltr'>dicitur</span> <span class='ocrx_word' id='word_1_506' title='bbox 760 5297 919 5379; x_wconf 92' lang='lat' dir='ltr'>habitare,</span> <span class='ocrx_word' id='word_1_507' title='bbox 940 5318 1100 5382; x_wconf 88' lang='lat' dir='ltr'>usurpans</span> <span class='ocrx_word' id='word_1_508' title='bbox 1124 5296 1301 5359; x_wconf 92' lang='lat' dir='ltr'>dominium</span> <span class='ocrx_word' id='word_1_509' title='bbox 1325 5302 1357 5358; x_wconf 91' lang='lat' dir='ltr'>ct</span> <span class='ocrx_word' id='word_1_510' title='bbox 1388 5316 1542 5358; x_wconf 86' lang='lat' dir='ltr'>exercens</span> <span class='ocrx_word' id='word_1_511' title='bbox 1574 5294 1777 5358; x_wconf 90' lang='lat' dir='ltr'>tiramuidem</span> <span class='ocrx_word' id='word_1_512' title='bbox 1802 5295 1834 5357; x_wconf 96' lang='lat' dir='ltr'>in</span> <span class='ocrx_word' id='word_1_513' title='bbox 1858 5295 1990 5360; x_wconf 89' lang='lat' dir='ltr'>civitate</span> <span class='ocrx_word' id='word_1_514' title='bbox 2014 5295 2151 5380; x_wconf 87' lang='lat' dir='ltr'>prefata,</span> <span class='ocrx_word' id='word_1_515' title='bbox 2176 5296 2279 5360; x_wconf 92' lang='lat' dir='ltr'>eidem</span> <span class='ocrx_word' id='word_1_516' title='bbox 2304 5298 2437 5364; x_wconf 76' lang='lat' dir='ltr'>Tiladeo</span> 
     </span>
     <span class='ocr_line' id='line_1_45' title="bbox 618 5402 2437 5491; baseline -0.001 -20"><span class='ocrx_word' id='word_1_517' title='bbox 618 5427 656 5471; x_wconf 89' lang='lat' dir='ltr'>ac</span> <span class='ocrx_word' id='word_1_518' title='bbox 680 5405 902 5486; x_wconf 88' lang='lat' dir='ltr'>universitati,</span> <span class='ocrx_word' id='word_1_519' title='bbox 928 5405 1047 5490; x_wconf 93' lang='lat' dir='ltr'>populo</span> <span class='ocrx_word' id='word_1_520' title='bbox 1073 5411 1105 5467; x_wconf 91' lang='lat' dir='ltr'>et</span> <span class='ocrx_word' id='word_1_521' title='bbox 1129 5403 1298 5467; x_wconf 86' lang='lat' dir='ltr'>Communi</span> <span class='ocrx_word' id='word_1_522' title='bbox 1322 5410 1354 5466; x_wconf 91' lang='lat' dir='ltr'>ct</span> <span class='ocrx_word' id='word_1_523' title='bbox 1378 5403 1500 5466; x_wconf 92' lang='lat' dir='ltr'>civibus</span> <span class='ocrx_word' id='word_1_524' title='bbox 1533 5402 1743 5487; x_wconf 85' lang='lat' dir='ltr'>supradictis,</span> <span class='ocrx_word' id='word_1_525' title='bbox 1768 5409 1844 5466; x_wconf 89' lang='lat' dir='ltr'>tunc</span> <span class='ocrx_word' id='word_1_526' title='bbox 1868 5423 1925 5487; x_wconf 90' lang='lat' dir='ltr'>per</span> <span class='ocrx_word' id='word_1_527' title='bbox 1949 5402 2069 5465; x_wconf 91' lang='lat' dir='ltr'>dictum</span> <span class='ocrx_word' id='word_1_528' title='bbox 2102 5402 2270 5466; x_wconf 86' lang='lat' dir='ltr'>Thadeum</span> <span class='ocrx_word' id='word_1_529' title='bbox 2301 5405 2342 5469; x_wconf 91' lang='lat' dir='ltr'>ad</span> <span class='ocrx_word' id='word_1_530' title='bbox 2364 5429 2437 5491; x_wconf 91' lang='lat' dir='ltr'>pre-</span> 
     </span>
     <span class='ocr_line' id='line_1_46' title="bbox 616 5511 2438 5599; baseline -0.001 -20"><span class='ocrx_word' id='word_1_531' title='bbox 616 5515 721 5579; x_wconf 86' lang='lat' dir='ltr'>fatum</span> <span class='ocrx_word' id='word_1_532' title='bbox 746 5514 903 5599; x_wconf 89' lang='lat' dir='ltr'>palatium</span> <span class='ocrx_word' id='word_1_533' title='bbox 927 5513 1122 5595; x_wconf 87' lang='lat' dir='ltr'>convocatis,</span> <span class='ocrx_word' id='word_1_534' title='bbox 1147 5512 1350 5597; x_wconf 85' lang='lat' dir='ltr'>exposuisset</span> <span class='ocrx_word' id='word_1_535' title='bbox 1374 5512 1540 5597; x_wconf 90' lang='lat' dir='ltr'>premissa,</span> <span class='ocrx_word' id='word_1_536' title='bbox 1567 5511 1607 5573; x_wconf 91' lang='lat' dir='ltr'>ad</span> <span class='ocrx_word' id='word_1_537' title='bbox 1631 5532 1693 5595; x_wconf 91' lang='lat' dir='ltr'>que</span> <span class='ocrx_word' id='word_1_538' title='bbox 1717 5532 1775 5597; x_wconf 89' lang='lat' dir='ltr'>per</span> <span class='ocrx_word' id='word_1_539' title='bbox 1800 5533 1857 5573; x_wconf 91' lang='lat' dir='ltr'>nos</span> <span class='ocrx_word' id='word_1_540' title='bbox 1882 5511 1921 5574; x_wconf 92' lang='lat' dir='ltr'>de</span> <span class='ocrx_word' id='word_1_541' title='bbox 1945 5511 2103 5575; x_wconf 92' lang='lat' dir='ltr'>dictorum</span> <span class='ocrx_word' id='word_1_542' title='bbox 2131 5511 2281 5576; x_wconf 87' lang='lat' dir='ltr'>Fratrum</span> <span class='ocrx_word' id='word_1_543' title='bbox 2314 5521 2438 5579; x_wconf 90' lang='lat' dir='ltr'>nostro-</span> 
     </span>
     <span class='ocr_line' id='line_1_47' title="bbox 620 5618 2436 5708; baseline -0.001 -21"><span class='ocrx_word' id='word_1_544' title='bbox 620 5645 692 5687; x_wconf 94' lang='lat' dir='ltr'>rum</span> <span class='ocrx_word' id='word_1_545' title='bbox 716 5621 848 5686; x_wconf 91' lang='lat' dir='ltr'>consilio</span> <span class='ocrx_word' id='word_1_546' title='bbox 874 5620 914 5683; x_wconf 89' lang='lat' dir='ltr'>ad</span> <span class='ocrx_word' id='word_1_547' title='bbox 939 5620 1057 5684; x_wconf 88' lang='lat' dir='ltr'>dictam</span> <span class='ocrx_word' id='word_1_548' title='bbox 1081 5621 1245 5684; x_wconf 90' lang='lat' dir='ltr'>civitatem</span> <span class='ocrx_word' id='word_1_549' title='bbox 1277 5619 1383 5682; x_wconf 86' lang='lat' dir='ltr'>fuerat</span> <span class='ocrx_word' id='word_1_550' title='bbox 1416 5619 1611 5700; x_wconf 88' lang='lat' dir='ltr'>destinatus,</span> <span class='ocrx_word' id='word_1_551' title='bbox 1638 5640 1771 5704; x_wconf 88' lang='lat' dir='ltr'>sperans</span> <span class='ocrx_word' id='word_1_552' title='bbox 1803 5640 1857 5682; x_wconf 90' lang='lat' dir='ltr'>eos</span> <span class='ocrx_word' id='word_1_553' title='bbox 1890 5618 2034 5683; x_wconf 91' lang='lat' dir='ltr'>invenire</span> <span class='ocrx_word' id='word_1_554' title='bbox 2061 5625 2193 5704; x_wconf 89' lang='lat' dir='ltr'>paratos</span> <span class='ocrx_word' id='word_1_555' title='bbox 2216 5627 2249 5684; x_wconf 92' lang='lat' dir='ltr'>et</span> <span class='ocrx_word' id='word_1_556' title='bbox 2272 5629 2436 5708; x_wconf 88' lang='lat' dir='ltr'>promptos</span> 
     </span>
     <span class='ocr_line' id='line_1_48' title="bbox 620 5726 2435 5816; baseline -0.001 -21"><span class='ocrx_word' id='word_1_557' title='bbox 620 5731 661 5795; x_wconf 91' lang='lat' dir='ltr'>ad</span> <span class='ocrx_word' id='word_1_558' title='bbox 686 5729 881 5816; x_wconf 85' lang='lat' dir='ltr'>perficienda</span> <span class='ocrx_word' id='word_1_559' title='bbox 906 5735 938 5791; x_wconf 94' lang='lat' dir='ltr'>ct</span> <span class='ocrx_word' id='word_1_560' title='bbox 962 5728 1153 5812; x_wconf 89' lang='lat' dir='ltr'>complenda</span> <span class='ocrx_word' id='word_1_561' title='bbox 1177 5729 1284 5791; x_wconf 91' lang='lat' dir='ltr'>omnia</span> <span class='ocrx_word' id='word_1_562' title='bbox 1309 5727 1493 5812; x_wconf 90' lang='lat' dir='ltr'>supradicta</span> <span class='ocrx_word' id='word_1_563' title='bbox 1522 5747 1579 5811; x_wconf 89' lang='lat' dir='ltr'>per</span> <span class='ocrx_word' id='word_1_564' title='bbox 1610 5726 1771 5811; x_wconf 84' lang='lat' dir='ltr'>prefatum</span> <span class='ocrx_word' id='word_1_565' title='bbox 1802 5726 1959 5790; x_wconf 90' lang='lat' dir='ltr'>sindicum</span> <span class='ocrx_word' id='word_1_566' title='bbox 1991 5735 2023 5790; x_wconf 94' lang='lat' dir='ltr'>et</span> <span class='ocrx_word' id='word_1_567' title='bbox 2054 5735 2295 5812; x_wconf 87' lang='lat' dir='ltr'>procuratorem</span> <span class='ocrx_word' id='word_1_568' title='bbox 2325 5752 2435 5794; x_wconf 90' lang='lat' dir='ltr'>corum</span> 
     </span>
     <span class='ocr_line' id='line_1_49' title="bbox 614 5834 2435 5922; baseline -0.001 -20"><span class='ocrx_word' id='word_1_569' title='bbox 614 5837 796 5903; x_wconf 90' lang='lat' dir='ltr'>sindacario</span> <span class='ocrx_word' id='word_1_570' title='bbox 821 5843 852 5900; x_wconf 91' lang='lat' dir='ltr'>et</span> <span class='ocrx_word' id='word_1_571' title='bbox 876 5837 1098 5922; x_wconf 86' lang='lat' dir='ltr'>procuratorio</span> <span class='ocrx_word' id='word_1_572' title='bbox 1123 5837 1251 5899; x_wconf 90' lang='lat' dir='ltr'>nomine</span> <span class='ocrx_word' id='word_1_573' title='bbox 1276 5834 1461 5898; x_wconf 90' lang='lat' dir='ltr'>eorumdem</span> <span class='ocrx_word' id='word_1_574' title='bbox 1484 5841 1565 5915; x_wconf 88' lang='lat' dir='ltr'>acta,</span> <span class='ocrx_word' id='word_1_575' title='bbox 1591 5841 1694 5918; x_wconf 88' lang='lat' dir='ltr'>gesta,</span> <span class='ocrx_word' id='word_1_576' title='bbox 1716 5835 1875 5916; x_wconf 86' lang='lat' dir='ltr'>restituta,</span> <span class='ocrx_word' id='word_1_577' title='bbox 1893 5835 2059 5920; x_wconf 90' lang='lat' dir='ltr'>promissa,</span> <span class='ocrx_word' id='word_1_578' title='bbox 2077 5835 2163 5916; x_wconf 89' lang='lat' dir='ltr'>data,</span> <span class='ocrx_word' id='word_1_579' title='bbox 2181 5857 2344 5918; x_wconf 89' lang='lat' dir='ltr'>concessa,</span> <span class='ocrx_word' id='word_1_580' title='bbox 2362 5859 2435 5901; x_wconf 92' lang='lat' dir='ltr'>con-</span> 
     </span>
     <span class='ocr_line' id='line_1_50' title="bbox 616 5942 2436 6030; baseline 0 -20"><span class='ocrx_word' id='word_1_581' title='bbox 616 5947 728 6010; x_wconf 90' lang='lat' dir='ltr'>stituta</span> <span class='ocrx_word' id='word_1_582' title='bbox 753 5953 785 6008; x_wconf 93' lang='lat' dir='ltr'>et</span> <span class='ocrx_word' id='word_1_583' title='bbox 806 5946 916 6030; x_wconf 88' lang='lat' dir='ltr'>jurata</span> <span class='ocrx_word' id='word_1_584' title='bbox 949 5951 981 6008; x_wconf 91' lang='lat' dir='ltr'>et</span> <span class='ocrx_word' id='word_1_585' title='bbox 1014 5944 1078 6006; x_wconf 88' lang='lat' dir='ltr'>alia</span> <span class='ocrx_word' id='word_1_586' title='bbox 1111 5944 1218 6006; x_wconf 90' lang='lat' dir='ltr'>omnia</span> <span class='ocrx_word' id='word_1_587' title='bbox 1242 5949 1274 6006; x_wconf 89' lang='lat' dir='ltr'>ct</span> <span class='ocrx_word' id='word_1_588' title='bbox 1297 5942 1426 6027; x_wconf 88' lang='lat' dir='ltr'>singula</span> <span class='ocrx_word' id='word_1_589' title='bbox 1455 5942 1658 6027; x_wconf 88' lang='lat' dir='ltr'>supradicta,</span> <span class='ocrx_word' id='word_1_590' title='bbox 1682 5942 1766 6005; x_wconf 88' lang='lat' dir='ltr'>idem</span> <span class='ocrx_word' id='word_1_591' title='bbox 1791 5949 1899 6005; x_wconf 88' lang='lat' dir='ltr'>tamen</span> <span class='ocrx_word' id='word_1_592' title='bbox 1924 5942 2074 6006; x_wconf 87' lang='lat' dir='ltr'>Thadeus</span> <span class='ocrx_word' id='word_1_593' title='bbox 2098 5944 2226 6006; x_wconf 93' lang='lat' dir='ltr'>nomine</span> <span class='ocrx_word' id='word_1_594' title='bbox 2251 5965 2309 6008; x_wconf 89' lang='lat' dir='ltr'>suo</span> <span class='ocrx_word' id='word_1_595' title='bbox 2333 5952 2365 6008; x_wconf 90' lang='lat' dir='ltr'>et</span> <span class='ocrx_word' id='word_1_596' title='bbox 2389 5946 2436 6010; x_wconf 90' lang='lat' dir='ltr'>di-</span> 
     </span>
     <span class='ocr_line' id='line_1_51' title="bbox 618 6049 2435 6134; baseline -0.001 -16"><span class='ocrx_word' id='word_1_597' title='bbox 618 6062 743 6118; x_wconf 90' lang='lat' dir='ltr'>ctorum</span> <span class='ocrx_word' id='word_1_598' title='bbox 767 6053 1037 6133; x_wconf 87' lang='lat' dir='ltr'>ambaxiatorum,</span> <span class='ocrx_word' id='word_1_599' title='bbox 1054 6051 1205 6115; x_wconf 91' lang='lat' dir='ltr'>videlicet</span> <span class='ocrx_word' id='word_1_600' title='bbox 1224 6050 1319 6113; x_wconf 92' lang='lat' dir='ltr'>Pauli</span> <span class='ocrx_word' id='word_1_601' title='bbox 1343 6050 1382 6113; x_wconf 93' lang='lat' dir='ltr'>de</span> <span class='ocrx_word' id='word_1_602' title='bbox 1406 6049 1575 6132; x_wconf 85' lang='lat' dir='ltr'>Liaaarijs,</span> <span class='ocrx_word' id='word_1_603' title='bbox 1594 6049 1813 6134; x_wconf 85' lang='lat' dir='ltr'>Machagnani</span> <span class='ocrx_word' id='word_1_604' title='bbox 1835 6049 1874 6113; x_wconf 91' lang='lat' dir='ltr'>de</span> <span class='ocrx_word' id='word_1_605' title='bbox 1898 6049 2093 6134; x_wconf 81' lang='lat' dir='ltr'>Anzoguidis</span> <span class='ocrx_word' id='word_1_606' title='bbox 2117 6057 2149 6114; x_wconf 91' lang='lat' dir='ltr'>et</span> <span class='ocrx_word' id='word_1_607' title='bbox 2171 6051 2262 6114; x_wconf 93' lang='lat' dir='ltr'>Petri</span> <span class='ocrx_word' id='word_1_608' title='bbox 2281 6051 2320 6115; x_wconf 92' lang='lat' dir='ltr'>de</span> <span class='ocrx_word' id='word_1_609' title='bbox 2337 6053 2435 6117; x_wconf 92' lang='lat' dir='ltr'>Boni·</span> 
     </span>
     <span class='ocr_line' id='line_1_52' title="bbox 616 6157 2435 6249; baseline 0 -23"><span class='ocrx_word' id='word_1_610' title='bbox 616 6163 732 6249; x_wconf 89' lang='lat' dir='ltr'>petris,</span> <span class='ocrx_word' id='word_1_611' title='bbox 757 6183 816 6224; x_wconf 91' lang='lat' dir='ltr'>nec</span> <span class='ocrx_word' id='word_1_612' title='bbox 840 6181 905 6224; x_wconf 93' lang='lat' dir='ltr'>non</span> <span class='ocrx_word' id='word_1_613' title='bbox 929 6160 1065 6223; x_wconf 89' lang='lat' dir='ltr'>aliorum</span> <span class='ocrx_word' id='word_1_614' title='bbox 1090 6158 1207 6222; x_wconf 91' lang='lat' dir='ltr'>civium</span> <span class='ocrx_word' id='word_1_615' title='bbox 1232 6157 1351 6221; x_wconf 90' lang='lat' dir='ltr'>ibidem</span> <span class='ocrx_word' id='word_1_616' title='bbox 1375 6157 1408 6221; x_wconf 93' lang='lat' dir='ltr'>in</span> <span class='ocrx_word' id='word_1_617' title='bbox 1431 6157 1516 6221; x_wconf 92' lang='lat' dir='ltr'>dicto</span> <span class='ocrx_word' id='word_1_618' title='bbox 1540 6158 1661 6243; x_wconf 89' lang='lat' dir='ltr'>palatio</span> <span class='ocrx_word' id='word_1_619' title='bbox 1685 6158 1900 6242; x_wconf 90' lang='lat' dir='ltr'>presentium,</span> <span class='ocrx_word' id='word_1_620' title='bbox 1925 6164 1961 6220; x_wconf 92' lang='lat' dir='ltr'>ut</span> <span class='ocrx_word' id='word_1_621' title='bbox 1983 6158 2138 6239; x_wconf 90' lang='lat' dir='ltr'>asseruit,</span> <span class='ocrx_word' id='word_1_622' title='bbox 2163 6158 2204 6220; x_wconf 91' lang='lat' dir='ltr'>ab</span> <span class='ocrx_word' id='word_1_623' title='bbox 2229 6159 2267 6222; x_wconf 90' lang='lat' dir='ltr'>iis</span> <span class='ocrx_word' id='word_1_624' title='bbox 2292 6181 2354 6244; x_wconf 91' lang='lat' dir='ltr'>que</span> <span class='ocrx_word' id='word_1_625' title='bbox 2378 6182 2435 6247; x_wconf 90' lang='lat' dir='ltr'>per</span> 
     </span>
     <span class='ocr_line' id='line_1_53' title="bbox 617 6265 2435 6352; baseline -0.002 -17"><span class='ocrx_word' id='word_1_626' title='bbox 617 6271 738 6335; x_wconf 92' lang='lat' dir='ltr'>dictum</span> <span class='ocrx_word' id='word_1_627' title='bbox 762 6268 919 6332; x_wconf 90' lang='lat' dir='ltr'>sindicum</span> <span class='ocrx_word' id='word_1_628' title='bbox 945 6273 976 6331; x_wconf 87' lang='lat' dir='ltr'>et</span> <span class='ocrx_word' id='word_1_629' title='bbox 1000 6273 1242 6352; x_wconf 91' lang='lat' dir='ltr'>procuratorem</span> <span class='ocrx_word' id='word_1_630' title='bbox 1266 6265 1438 6329; x_wconf 88' lang='lat' dir='ltr'>sindicario</span> <span class='ocrx_word' id='word_1_631' title='bbox 1466 6272 1498 6329; x_wconf 91' lang='lat' dir='ltr'>et</span> <span class='ocrx_word' id='word_1_632' title='bbox 1522 6265 1742 6351; x_wconf 89' lang='lat' dir='ltr'>procuratorio</span> <span class='ocrx_word' id='word_1_633' title='bbox 1767 6266 1895 6328; x_wconf 90' lang='lat' dir='ltr'>nomine</span> <span class='ocrx_word' id='word_1_634' title='bbox 1920 6265 2104 6328; x_wconf 90' lang='lat' dir='ltr'>eorumdem</span> <span class='ocrx_word' id='word_1_635' title='bbox 2125 6266 2311 6330; x_wconf 86' lang='lat' dir='ltr'>solemniter</span> <span class='ocrx_word' id='word_1_636' title='bbox 2327 6290 2435 6332; x_wconf 86' lang='lat' dir='ltr'>coram</span> 
     </span>
     <span class='ocr_line' id='line_1_54' title="bbox 616 6372 2435 6459; baseline -0.001 -17"><span class='ocrx_word' id='word_1_637' title='bbox 616 6378 709 6443; x_wconf 93' lang='lat' dir='ltr'>nobis</span> <span class='ocrx_word' id='word_1_638' title='bbox 741 6383 774 6441; x_wconf 91' lang='lat' dir='ltr'>et</span> <span class='ocrx_word' id='word_1_639' title='bbox 804 6375 925 6440; x_wconf 92' lang='lat' dir='ltr'>eisdem</span> <span class='ocrx_word' id='word_1_640' title='bbox 957 6373 1111 6438; x_wconf 86' lang='lat' dir='ltr'>fratribus</span> <span class='ocrx_word' id='word_1_641' title='bbox 1136 6375 1252 6438; x_wconf 90' lang='lat' dir='ltr'>nostris</span> <span class='ocrx_word' id='word_1_642' title='bbox 1276 6381 1385 6458; x_wconf 87' lang='lat' dir='ltr'>gesta,</span> <span class='ocrx_word' id='word_1_643' title='bbox 1410 6373 1569 6459; x_wconf 88' lang='lat' dir='ltr'>promissa</span> <span class='ocrx_word' id='word_1_644' title='bbox 1601 6380 1632 6435; x_wconf 92' lang='lat' dir='ltr'>ct</span> <span class='ocrx_word' id='word_1_645' title='bbox 1661 6373 1771 6457; x_wconf 88' lang='lat' dir='ltr'>jurata</span> <span class='ocrx_word' id='word_1_646' title='bbox 1802 6372 1948 6454; x_wconf 86' lang='lat' dir='ltr'>suerent,</span> <span class='ocrx_word' id='word_1_647' title='bbox 1973 6373 2189 6437; x_wconf 90' lang='lat' dir='ltr'>inverecunda</span> <span class='ocrx_word' id='word_1_648' title='bbox 2218 6380 2250 6437; x_wconf 88' lang='lat' dir='ltr'>et</span> <span class='ocrx_word' id='word_1_649' title='bbox 2273 6375 2435 6440; x_wconf 86' lang='lat' dir='ltr'>obstinata</span> 
     </span>
     <span class='ocr_line' id='line_1_55' title="bbox 618 6481 2434 6568; baseline -0.002 -19"><span class='ocrx_word' id='word_1_650' title='bbox 618 6487 757 6550; x_wconf 90' lang='lat' dir='ltr'>elatione</span> <span class='ocrx_word' id='word_1_651' title='bbox 782 6483 945 6565; x_wconf 90' lang='lat' dir='ltr'>recedens,</span> <span class='ocrx_word' id='word_1_652' title='bbox 971 6483 1053 6546; x_wconf 83' lang='lat' dir='ltr'>dixit</span> <span class='ocrx_word' id='word_1_653' title='bbox 1076 6489 1108 6545; x_wconf 89' lang='lat' dir='ltr'>ct</span> <span class='ocrx_word' id='word_1_654' title='bbox 1132 6482 1306 6568; x_wconf 88' lang='lat' dir='ltr'>respondit,</span> <span class='ocrx_word' id='word_1_655' title='bbox 1325 6481 1409 6566; x_wconf 93' lang='lat' dir='ltr'>quod</span> <span class='ocrx_word' id='word_1_656' title='bbox 1433 6481 1545 6562; x_wconf 90' lang='lat' dir='ltr'>multa,</span> <span class='ocrx_word' id='word_1_657' title='bbox 1563 6503 1624 6565; x_wconf 93' lang='lat' dir='ltr'>que</span> <span class='ocrx_word' id='word_1_658' title='bbox 1649 6481 1716 6545; x_wconf 86' lang='lat' dir='ltr'>fere</span> <span class='ocrx_word' id='word_1_659' title='bbox 1741 6481 1952 6566; x_wconf 90' lang='lat' dir='ltr'>impossibilia</span> <span class='ocrx_word' id='word_1_660' title='bbox 1975 6502 2069 6566; x_wconf 92' lang='lat' dir='ltr'>posse</span> <span class='ocrx_word' id='word_1_661' title='bbox 2093 6482 2172 6565; x_wconf 83' lang='lat' dir='ltr'>lieri,</span> <span class='ocrx_word' id='word_1_662' title='bbox 2190 6482 2383 6548; x_wconf 90' lang='lat' dir='ltr'>videbantur</span> <span class='ocrx_word' id='word_1_663' title='bbox 2403 6485 2434 6547; x_wconf 93' lang='lat' dir='ltr'>in</span> 
     </span>
    </p>
   </div>
   <div class='ocr_carea' id='block_1_3' title="bbox 0 0 2750 7750">
    <p class='ocr_par' dir='ltr' id='par_1_5' title="bbox 0 0 2750 7750">
     <span class='ocr_line' id='line_1_56' title="bbox 0 0 2750 7750; baseline 0 1"><span class='ocrx_word' id='word_1_664' title='bbox 0 0 2750 7750; x_wconf 95' lang='lat' dir='ltr'> </span> 
     </span>
    </p>
   </div>
  </div>
 </body>
</html>
