5490 7750
793 561 1024 612 erroreum
1051 563 1102 613 nn
1130 563 1385 615 rsorassonns
1414 565 1520 616 onais
1547 565 1723 616 onnonrcr
2089 546 2161 618 169

348 715 511 779 Diaconos
542 723 574 778 ct
606 721 743 800 quatuor
775 711 996 778 Subdiaeonos
1020 722 1053 780 et
1077 716 1157 780 duos
1181 717 1341 800 Acolitos,
1366 716 1411 781 ita
1435 723 1544 782 tamen
1567 740 1639 782 cum
1662 719 1765 804 primo
1791 720 1955 784 vacaverit
1979 720 2057 785 ordo
2082 719 2165 784 Sub-

348 822 537 886 diaconetus
561 822 679 908 eligam
703 820 773 885 loco
798 820 866 884 eius
891 843 990 884 unum
1014 823 1055 886 ad
1078 822 1287 888 Acolitetum.
1312 824 1363 888 De
1386 824 1447 888 bac
1471 831 1579 888 tamen
1604 825 1829 890 observatione
1845 833 1878 890 et
1894 826 2042 890 ordinum
2058 827 2164 890 ‹listri-

348 931 453 994 ctione
477 930 550 994 uolo
574 929 754 992 iuramento
770 927 883 1010 teneri,
902 927 963 991 nisi
979 951 1052 994 cnm
1067 930 1165 994 fuerit
1179 952 1237 1017 per
1254 931 1453 1018 superiorem
1468 932 1530 996 hoc
1547 930 1731 1018 Capitulum
1752 953 1809 996 sen
1826 932 1985 997 Ordinum
2008 934 2164 999 districtio

348 1038 546 1102 confirmata.
566 1035 700 1100 Nullum
716 1035 835 1118 eligam
853 1034 903 1098 vel
920 1037 1073 1122 recipiam
1089 1037 1121 1101 in
1140 1036 1339 1102 Canonicum
1354 1038 1585 1103 bononiensem
1601 1039 1663 1102 nisi
1679 1039 1720 1103 ad
1736 1061 1928 1126 enm,quen1
1949 1063 2006 1127 per
2030 1047 2165 1105 mortem

347 1145 484 1229 alicujus
501 1144 655 1209 Canonici
671 1144 723 1207 vel
740 1142 803 1205 alio
820 1141 914 1206 modo
931 1143 1086 1228 legitimo,
1103 1166 1219 1209 vacare
1237 1145 1408 1231 eontigerit
1425 1145 1579 1229 ordinem,
1597 1148 1649 1211 vel
1666 1147 1874 1233 superiorem.

347 1253 450 1318 Nota:
473 1253 596 1316 fructus
612 1250 792 1338 prebenda·
856 1254 909 1327 (ff
932 1251 1065 1316 Nullum
1089 1274 1216 1338 quoquc
1239 1253 1377 1317 electum
1405 1259 1438 1316 et
1465 1253 1688 1318 confirmatum
1713 1255 1746 1318 in
1772 1253 1970 1320 Canonicnm
1994 1255 2163 1320 admittam

347 1382 416 1425 rum
428 1382 489 1424 non
500 1360 722 1448 percipiendos
734 1381 792 1447 per
856 1360 897 1423 ad
914 1361 1153 1446 perceptionem
1168 1361 1329 1445 beneficij,
1347 1361 1409 1424 nisi
1425 1362 1528 1447 primo
1544 1363 1702 1448 receperit
1719 1362 1884 1445 Ordinem,
1902 1363 1944 1427 od
1960 1385 2056 1449 quem
2072 1385 2162 1427 assu·

346 1489 410 1533 non
431 1469 607 1533 existentes
627 1469 659 1532 in
680 1469 789 1532 sacris.
856 1474 960 1532 metor
982 1467 1035 1531 vel
1058 1468 1207 1554 eligetur.
1232 1467 1306 1532 Non
1329 1468 1515 1554 permittam
1539 1467 1737 1534 Caranicum
1770 1469 1803 1533 in
1831 1469 1934 1556 primo
1958 1469 2008 1534 sui
2032 1471 2163 1534 canoni·

855 1582 945 1638 catus
969 1596 1054 1640 anno
1078 1575 1244 1661 percipere
1267 1575 1454 1640 benefitium
1479 1576 1532 1640 vel
1554 1576 1751 1662 prebendam
1773 1583 1882 1662 preter
1905 1578 2059 1642 victualia
2082 1579 2162 1660 sola,

346 1685 402 1749 sed
418 1683 505 1748 illius
526 1685 602 1748 anni
625 1684 812 1748 benefitium
827 1683 879 1748 vel
899 1681 1064 1769 prebenda
1088 1683 1120 1745 in
1145 1703 1297 1746 comunes
1313 1682 1470 1747 utilitates
1494 1689 1526 1746 et
1550 1683 1775 1747 neccessitates
1792 1682 1934 1770 Capituli
1949 1685 2162 1770 expendatur,

345 1793 390 1856 ita
420 1799 528 1856 tamen
560 1791 645 1878 quod
669 1791 752 1856 inter
776 1791 955 1856 Canonicos
979 1811 1045 1854 non
1067 1789 1239 1854 dividatur.
1264 1788 1501 1873 Possessiones,
1525 1790 1597 1854 iura
1628 1797 1660 1854 et
1688 1791 1841 1874 bonores,
1866 1792 2080 1855 instrumenta
2107 1813 2165 1856 seu

345 1907 451 1965 cartas
475 1899 543 1964 sive
566 1899 739 1985 privilegia
755 1899 898 1984 Capituli
921 1904 1034 1962 contra
1058 1918 1168 1962 omnes
1184 1897 1331 1961 homines
1355 1897 1483 1962 adiutor
1499 1919 1554 1962 oro
1579 1898 1620 1962 ad
1643 1898 1909 1982 conservandum,
1926 1897 2164 1963 defendendum

345 2014 377 2072 et
400 2006 666 2093 recuperandum,
688 2007 770 2070 sicut
795 2005 944 2092 Cepitnlo
968 2004 1020 2068 vel
1044 2004 1158 2068 maiori
1182 2005 1277 2090 parti,
1295 2005 1410 2068 melius
1430 2012 1463 2069 ct
1486 2005 1596 2069 utilius
1619 2005 1798 2088 videbitur3
1816 2005 2034 2092 possessiones
2051 2005 2163 2070 immo·

345 2116 426 2179 biles
451 2115 492 2178 ad
511 2114 708 2178 bononiense
725 2113 910 2200 Capitulum
926 2113 1124 2198 pertinentes
1140 2132 1203 2176 non
1221 2111 1381 2194 alienabo,
1398 2133 1457 2176 nee
1474 2112 1610 2176 alienari
1625 2113 1833 2196 consentiam,
1851 2113 1912 2177 nisi
1928 2134 1986 2199 pro
2003 2113 2164 2198 emptione

345 2222 397 2286 vel
420 2221 655 2308 permutatione
680 2221 812 2284 alterius
840 2219 1051 2307 possessionis
1076 2219 1248 2283 immobilis
1272 2219 1409 2283 utilioris
1434 2219 1486 2282 vel
1517 2241 1599 2304 eque
1622 2220 1728 2304 utilis,
1753 2220 1805 2284 vel
1837 2220 2073 2285 constructione
2105 2220 2163 2284 ali-

345 2329 435 2393 euius
460 2329 573 2412 edifitij
598 2329 640 2392 ad
664 2350 864 2392 communem
882 2327 1055 2391 utilitatem
1070 2327 1316 2412 pertinentibus,
1334 2327 1385 2390 vel
1409 2326 1474 2390 alia
1493 2326 1634 2391 evidenti
1650 2327 1788 2392 utilitate
1806 2328 1976 2410 communi,
1993 2329 2038 2391 ita
2054 2337 2162 2391 tamen

345 2436 431 2522 quod
453 2436 537 2499 inter
554 2435 733 2500 Canonicos
758 2457 821 2500 non
845 2435 901 2498 fiat
925 2434 1040 2498 divisio
1065 2434 1160 2520 pretii
1183 2434 1223 2497 de
1246 2433 1448 2520 possessione
1471 2435 1593 2520 recepti
1610 2457 1706 2521 super
1723 2435 1857 2521 agendis
1881 2441 1913 2499 et
1936 2436 2075 2499 utilitate
2100 2435 2161 2499 Ca·

343 2543 449 2629 pituli,
467 2564 563 2628 qnam
580 2543 717 2607 scienter
741 2564 805 2606 non
821 2541 1009 2628 impediam3
1027 2541 1210 2626 requisitus,
1228 2540 1314 2626 qnod
1338 2541 1441 2626 magis
1465 2541 1543 2605 utile
1567 2540 1697 2606 credam
1713 2542 1882 2606 eonsilium
1898 2541 1999 2624 dab03
2024 2541 2162 2605 scienter

344 2671 408 2714 non
431 2649 590 2714 fraudabo
611 2649 806 2735 Capitulum,
824 2649 891 2712 sive
915 2649 1049 2713 offitium
1065 2647 1214 2729 habeam,
1232 2647 1299 2711 sive
1323 2669 1398 2730 non,
1416 2648 1455 2711 de
1479 2648 1529 2729 iis,
1546 2669 1608 2733 que
1632 2649 1763 2713 venient
1787 2648 1828 2712 ad
1853 2669 1965 2712 inanes
1990 2669 2078 2712 meas
2102 2669 2160 2734 pro

344 2757 493 2844 Capitale
517 2758 569 2821 vel
594 2758 635 2821 od
659 2756 929 2821 Communitatern
952 2756 1136 2841 pertineant
1159 2755 1211 2818 vel
1235 2755 1460 2841 pertinebunt;
1484 2755 1595 2819 literas
1620 2776 1639 2818 a
1665 2755 1762 2820 Curia
1793 2777 1928 2820 romena
1959 2763 2071 2820 contra
2103 2756 2163 2819 hcc

342 2865 485 2951 capitula
508 2886 572 2929 non
597 2864 787 2951 impetrabo,
811 2885 870 2927 nec
893 2863 1072 2948 impetratis
1097 2870 1180 2926 utar.
1204 2862 1338 2926 Nullum
1362 2863 1499 2927 electum
1525 2869 1557 2926 et
1582 2863 1804 2926 confirmatum
1827 2863 1860 2926 in
1884 2863 2083 2928 Canopicum
2106 2862 2162 2925 ad-

343 2971 468 3035 mittam
485 2971 526 3034 ad
542 2971 780 3056 perceptionem
799 2967 951 3052 benefitij,
969 2969 1021 3033 vel
1046 2968 1189 3034 Consilia
1213 2968 1364 3055 Capituli,
1383 2953 1444 3032 nisi
1467 2970 1571 3055 primo
1588 2968 1745 3036 iuraverit
1768 2970 1810 3033 ad
1833 2977 1945 3035 saneta
1968 2971 2030 3034 Dei
2053 2969 2162 3034 Evan-

342 3077 429 3164 gelia
445 3079 553 3142 omnia
576 3084 608 3141 et
624 3077 752 3162 singula
768 3076 913 3162 predicta
930 3075 1072 3161 capitula
1089 3077 1272 3140 observare.
1290 3075 1343 3140 Sic
1359 3098 1410 3139 me
1427 3076 1516 3140 Deus
1533 3076 1664 3140 adiuvet
1680 3078 1786 3142 etheo
1803 3084 1915 3142 sancta
1930 3077 2112 3162 Evangelia
2130 3101 2160 3140 ».

434 3185 616 3249 Secundum
640 3185 853 3270 prescriptam
877 3183 1013 3247 formam
1036 3183 1215 3272 prescripta
1239 3184 1381 3270 capitula
1405 3184 1594 3247 iuraverunt
1617 3184 1880 3271 Archiprcsbiter
1902 3191 1934 3248 et
1955 3185 2075 3270 singuli
2091 3205 2163 3270 pre-

343 3293 463 3378 scripti.
488 3292 698 3356 Prcsentibus
721 3291 960 3355 Archidiacono
985 3290 1147 3355 antedicto
1171 3298 1204 3354 et
1227 3291 1299 3354 aliis
1323 3292 1509 3377 prescriptis
1533 3291 1702 3356 universis.

431 3400 549 3463 Actum
575 3399 606 3462 in
630 3399 760 3462 civitate
785 3397 931 3462 Bononio
956 3398 988 3460 in
1013 3398 1167 3462 canoniea
1191 3398 1294 3461 sancti
1317 3397 1417 3481 Petri,
1435 3398 1467 3462 in
1491 3419 1619 3462 camera
1643 3399 1720 3464 dicti
1735 3398 1976 3481 Archidiaooni‚
1994 3419 2078 3462 anno
2095 3398 2161 3461 Do·

343 3506 420 3570 mini
444 3507 614 3571 millesimo
640 3504 858 3570 ducentesimo
882 3504 1039 3590 vigesimo
1062 3506 1177 3591 primo,
1202 3505 1253 3569 die
1278 3504 1391 3591 quinta
1414 3513 1553 3569 exeunte
1577 3528 1687 3570 mense
1710 3507 1851 3591 angusti,
1868 3505 2040 3570 indictione
2066 3527 2160 3570 nona.

431 3614 502 3699 Ego
526 3614 662 3678 Albinus
687 3613 777 3677 Petri
800 3611 926 3694 Albici,
950 3612 1154 3698 imperatoris
1182 3612 1331 3677 Foderici
1354 3613 1516 3697 notarius,
1540 3614 1601 3677 hiis
1626 3614 1774 3679 omnibus
1798 3613 1930 3678 interfui
1953 3621 1985 3678 et
2008 3613 2161 3677 mandato

343 3718 419 3783 dicti
443 3719 562 3784 domini
586 3717 817 3784 Arohidiaconi
840 3722 872 3780 et
895 3716 972 3781 dicti
995 3718 1118 3782 domini
1140 3717 1414 3804 Archipresbiteri
1437 3725 1470 3782 et
1493 3726 1672 3783 ceterorum
1691 3719 1909 3806 predictorum
1926 3717 2161 3783 (lenonicorum

341 3828 465 3913 scripsi.

431 3935 490 4017 (L.
508 3935 530 4017 †
548 3935 600 4016 S.)
623 3934 695 4020 Ego
719 3930 906 3997 Bcrnardns
931 3933 1015 3996 filius
1038 3933 1262 3998 Benccvennis
1286 3933 1512 4019 Boninsegne,
1537 3934 1696 4020 imperiali
1720 3936 1911 3999 auctoritate
1936 3934 2100 4017 notorius,
2125 3941 2160 3996 ut

342 4042 374 4105 in
397 4042 542 4128 predicto
566 4043 779 4106 instrumento
804 4039 913 4103 inveni
937 4039 982 4104 ita
1005 4063 1063 4127 per
1088 4041 1233 4105 ordinem
1257 4039 1394 4105 fideliter
1418 4040 1613 4126 exemplavj.

1205 4419 1298 4483 XVI.

1116 4653 1215 4736 1222,
1238 4652 1281 4716 24
1305 4653 1385 4716 tatii.

572 4884 578 4898 .
742 4883 748 4897 .
924 4885 930 4898 .
1077 4885 1084 4898 .
1790 4887 1796 4899 .
2040 4864 2066 4904 aa

416 4883 468 4947 Ex
492 4884 622 4948 archrvo
647 4891 750 4949 sancti
775 4883 942 4970 Stephani,
968 4907 1053 4950 nunc
1076 4907 1109 4948 rn
1133 4884 1214 4950 Tab.
1239 4886 1328 4950 Max.
1353 4886 1491 4969 bonon,
1516 4893 1593 4950 sect.
1621 4911 1635 4940 «
1659 4885 1897 4968 Demonacte»,
1923 4906 2008 4971 caps.
2033 4922 2084 4978 ff.

426 5116 523 5181 Anno
548 5117 679 5180 Domini
704 5116 874 5182 millesimo
898 5118 1117 5183 ducentesimo
1142 5119 1311 5183 vicessima
1335 5119 1486 5202 secundo,
1504 5118 1555 5183 die
1580 5125 1694 5183 octavo
1718 5124 1857 5182 exeunte
1877 5117 1966 5199 iulio,
1984 5117 2157 5181 indictione

338 5223 473 5306 decima,
499 5224 584 5310 apud
609 5224 745 5310 ospitale
770 5224 1024 5308 Crucilerorum,
1049 5227 1253 5311 presentibus
1276 5227 1455 5312 presbitero
1478 5226 1626 5290 Durante
1650 5232 1682 5290 et
1704 5226 1883 5312 presbitero
1907 5224 2058 5290 {iohanne
2081 5225 2157 5288 Pla·

338 5331 476 5412 centino,
500 5338 532 5394 et
555 5331 684 5396 domino
707 5331 887 5396 Bonatesta
909 5332 1099 5397 Albertinus
1123 5333 1332 5398 Placentinus
1356 5355 1398 5398 ex
1421 5340 1512 5420 parte
1538 5332 1658 5398 domini
1674 5333 1811 5398 Jordani
1829 5332 1973 5418 paduani
1993 5331 2156 5418 Episcopi,

337 5443 369 5501 et
392 5437 512 5502 domini
536 5439 683 5522 magistri
708 5439 874 5504 Guilielmi
890 5439 1030 5504 doctoris
1046 5441 1259 5523 decretorum,
1277 5448 1309 5505 et
1325 5441 1473 5527 magistri
1490 5440 1656 5506 Gnilielmi
1671 5439 1793 5504 Vascbi
1809 5439 2023 5521 decretaliste,
2041 5439 2157 5503 obtulit

338 5551 369 5607 et
396 5544 484 5608 dedit
506 5545 711 5610 Bonoadiuto
736 5546 859 5611 sindico
884 5547 1040 5633 Ospitalis
1065 5547 1304 5613 Crueilerorum
1336 5554 1368 5611 et
1399 5547 1549 5634 Capitulo
1573 5555 1605 5612 et
1628 5546 1797 5612 Fratribus
1822 5547 1952 5612 Ordinis
1976 5546 2156 5613 Crucifcro-

338 5673 409 5715 rum
432 5652 590 5737 quasdam
614 5653 724 5718 literas
747 5675 820 5717 cum
844 5655 947 5719 tribus
970 5655 1085 5740 sigillis
1110 5655 1280 5740 sigillatas,
1298 5676 1434 5740 quarum
1457 5663 1550 5720 tenor
1572 5656 1623 5721 hic
1639 5662 1725 5719 erat:
1748 5654 1954 5736 ‹tor-danus,
1971 5654 2033 5718 Dei
2050 5655 2157 5739 gratia

337 5757 511 5822 Padnanus
528 5759 718 5846 Episcopus,
736 5768 768 5825 et
785 5761 977 5825 Cuilielmus
994 5762 1105 5826 doctor
1121 5762 1344 5845 Decretorum,
1363 5763 1505 5848 delegati
1520 5763 1640 5827 domini
1661 5763 1762 5849 Pape,
1780 5768 1812 5825 et
1829 5759 2021 5826 Gnilielmus
2037 5761 2155 5845 Vasco,

336 5865 447 5930 doctor
470 5866 708 5952 Decretalium,
734 5869 965 5954 subdelegatus
989 5869 1110 5933 domini
1133 5871 1312 5955 parmensis
1336 5869 1506 5957 Episcopi,
1530 5870 1609 5934 viris
1632 5870 1775 5957 providis
1803 5877 1837 5933 et
1860 5869 2026 5951 discretis,
2050 5869 2156 5932 Priori

336 5979 368 6036 et
389 5971 558 6036 Fratribus
584 5974 713 6039 Ordinis
738 5975 978 6040 Cruciferorum
1002 5977 1041 6040 de
1065 5977 1223 6057 Bononia,
1241 5977 1377 6041 salutem
1402 5985 1433 6041 et
1457 5978 1635 6042 fraternam
1659 5977 1692 6041 in
1715 5977 1855 6040 Domino
1879 5975 2057 6040 caritatem.
2077 5976 2155 6040 Plu-

336 6079 452 6142 rimum
476 6101 534 6143 neo
558 6080 730 6164 imme[rito
755 6082 976 6166 adm]iramur,
998 6082 1083 6168 quod
1107 6082 1148 6146 ad
1173 6083 1346 6148 terminum
1368 6084 1460 6148 vobis
1484 6091 1640 6148 statutum
1663 6104 1761 6169 super
1784 6103 1882 6148 causa
1906 6103 1964 6146 seu
1988 6083 2154 6168 questione

335 6207 397 6272 quc
422 6207 530 6251 coram
555 6187 647 6252 nobis
671 6210 714 6252 ex
737 6189 942 6275 delegatione
966 6189 1088 6253 domini
1110 6189 1201 6276 Pape
1226 6190 1393 6274 intervos,
1411 6213 1452 6255 ex
1468 6198 1560 6278 parte
1577 6212 1652 6275 una,
1673 6199 1706 6256 et
1721 6191 1862 6256 Abatem
1878 6191 1982 6255 saneti
1998 6190 2155 6277 Stephani

335 6293 374 6356 de
398 6293 557 6376 Bononia,
582 6316 624 6374 ep
647 6296 761 6379 altera,
784 6297 928 6360 noscitur
951 6297 1079 6382 agitari,
1103 6317 1168 6361 non
1192 6297 1336 6380 venistis,
1360 6319 1420 6362 neo
1444 6298 1585 6384 aliquem
1609 6299 1829 6386 responsalem
1852 6299 1978 6362 mittere
2002 6319 2155 6384 procura·

335 6400 402 6464 stis.
420 6400 576 6466 Volentes
601 6402 710 6488 igitur,
727 6410 823 6490 prout
847 6409 994 6468 tenemur
1018 6410 1050 6467 et
1074 6403 1239 6487 debemus,
1256 6405 1444 6468 mandatum
1461 6407 1673 6491 apostolicum
1697 6407 1730 6469 in
1754 6405 1815 6470 hac
1838 6411 1930 6492 parte
1953 6405 1987 6468 in
2007 6405 2154 6470 omnibns

416 6539 484 6577 rou.
504 6541 536 6577 11.
2040 6532 2074 6582 22
