5544 7750
1018 668 1100 719 run.
1132 659 1203 718 cm.
1231 667 1279 716 nr
1309 665 1393 715 osu.
1424 665 1531 717 raon.
2103 645 2178 715 355

367 825 556 922 ordinarie,
573 827 730 899 maxima
749 826 884 899 utilitas
905 834 998 900 esset
1018 825 1205 898 Communi
1225 833 1260 897 et
1279 822 1410 922 populo
1425 823 1619 919 Bononiae,
1637 833 1672 896 et
1692 830 1839 921 propter
1858 822 2031 895 lecturam
2051 845 2185 918 eorum,

367 951 523 1024 studium
552 959 845 1047 augmentaretur
872 960 939 1024 etc.
970 951 1088 1040 Quare
1117 949 1345 1049 supplicant,¹
1367 949 1673 1022 Reformationem
1707 949 1840 1020 factam
1869 947 1912 1020 de
1951 971 2070 1020 mense
2099 946 2186 1042 iulii,

370 1075 543 1173 [tempore
572 1076 704 1148 domini
731 1076 875 1172 Aegidii
903 1075 1097 1148 Muratoris
1125 1074 1323 1148 Difonsoris
1351 1073 1540 1170 Hauerisl,
1570 1073 1688 1147 facere
1723 1071 1925 1146 executioni
1952 1072 2123 1145 mandare
2151 1081 2188 1144 et

369 1200 489 1273 taliter
517 1225 708 1298 procurare
736 1202 830 1298 quod
859 1201 1058 1275 omnimode
1097 1199 1356 1297 compellantur
1388 1198 1634 1296 infrascriptos
1664 1207 1737 1271 tres
1765 1197 1954 1270 admittere
1983 1205 2019 1270 et
2047 1196 2188 1269 admitti

368 1325 486 1399 iacere
513 1326 559 1398 ad
588 1326 886 1400 examinationem
916 1326 1094 1422 privatam
1118 1333 1154 1398 et
1178 1324 1367 1422 publicam,
1389 1332 1425 1397 et
1454 1349 1513 1396 eos
1542 1325 1741 1421 approbare
1764 1324 1802 1394 in
1830 1322 2092 1396 examinatione
2122 1347 2187 1419 pu-

366 1450 459 1538 blica
487 1458 522 1523 et
551 1451 693 1549 privata
721 1459 756 1524 et
784 1475 847 1524 suo
878 1448 1036 1545 Collegio
1065 1450 1253 1522 associare.
1285 1449 1443 1538 Quorum
1472 1449 1616 1521 nomina
1644 1457 1743 1520 sunt:

553 1576 711 1649 Jacobus
740 1575 914 1648 Gnidonis
942 1575 1098 1648 Belvixii
1126 1573 1283 1673 capellae
1312 1574 1426 1647 sancti
1453 1574 1676 1670 Barbationi,

554 1701 719 1774 Thomax
748 1702 790 1773 de
819 1700 1037 1773 Marzaloliis
1065 1699 1222 1797 capellae
1251 1699 1366 1772 sancti
1394 1697 1582 1772 Laurentii
1610 1707 1734 1795 portae
1764 1697 1890 1794 Sterii,

554 1826 683 1898 Petrus
712 1825 755 1897 de
784 1823 938 1897 Cernitis
967 1822 1124 1921 capellae
1152 1823 1264 1896 sancti
1293 1820 1502 1896 Albertil1l.

475 1954 582 2025 Anno
606 1951 825 2024 MCCCVII.
851 1949 1080 2023 Marzalolius
1101 1951 1146 2023 ab
1166 1949 1411 2024 Universitate
1431 1950 1611 2046 expetitus
1630 1950 1674 2021 ad
1694 1949 1883 2044 legendum
1903 1949 2189 2022 eatroordiaorie

368 2102 448 2180 una,
468 2102 548 2150 cum
576 2076 741 2175 Philippo
768 2077 956 2175 Bampono
985 2085 1020 2148 et
1048 2076 1184 2149 Iacobo
1219 2075 1459 2170 Buttrigari0;
1489 2099 1571 2147 nam
1607 2072 1665 2147 ille
1701 2075 1747 2146 ad
1783 2074 1973 2169 legendum
2010 2075 2187 2147 ordinarie

368 2211 443 2274 tum
481 2203 549 2275 fuit
592 2201 803 2300 postulatus.
838 2203 899 2274 An
939 2226 1010 2273 non
1052 2201 1140 2273 baec
1179 2198 1283 2272 lectio
1319 2195 1608 2271 extraordinaria
1645 2201 1773 2297 probat
1809 2199 2056 2272 Marzalolium
2093 2224 2187 2272 anno

366 2326 586 2401 MCCCVII.
607 2352 678 2400 non
707 2327 814 2400 luisse
844 2327 1053 2400 doctorem?
1082 2324 1176 2396 Nam
1206 2325 1265 2421 qui
1293 2324 1343 2397 ita
1371 2324 1550 2419 legebant,
1573 2350 1645 2398 non
1674 2325 1847 2420 doctores
1869 2325 1931 2397 sed
1960 2324 2189 2398 bacbalaurei

368 2453 654 2527 nominabantur.

1241 2770 1310 2843 ΠΙ.

420 3021 897 3136 BONIFACIUS
933 3022 1032 3129 ET
1066 3023 1527 3132 UBALDINUS
1561 3024 1666 3129 DE
1701 3022 2141 3133 GALLUTIIS.

475 3325 740 3400 Galluociorum
775 3333 918 3421 gentem
957 3325 993 3396 in
1031 3325 1176 3398 civitate
1214 3335 1337 3398 nostra
1376 3325 1497 3420 gestis,
1527 3325 1652 3422 opibus
1671 3333 1726 3428 et
1763 3325 1976 3399 auctoritate
2013 3328 2189 3424 insignem

367 3453 557 3526 admodum
585 3451 694 3523 fuisse
723 3451 961 3523 monumentis
988 3451 1119 3523 nostris
1147 3475 1252 3547 saepe
1282 3459 1335 3522 est
1364 3451 1547 3523 traditum.
1568 3451 1610 3522 In
1630 3450 1697 3523 bac
1716 3459 1836 3524 autem
1857 3452 1899 3524 de
1920 3477 1989 3548 qua
2008 3451 2186 3550 loquimur

366 3586 484 3652 aetate
513 3577 632 3674 plures
661 3601 706 3649 ex
735 3576 858 3649 eadem
887 3575 1022 3648 familia
1051 3576 1260 3671 extiterunt,
1283 3600 1432 3672 quorum
1453 3574 1509 3648 uel
1530 3577 1703 3672 doctrina,
1725 3576 1782 3649 vel
1810 3577 1955 3674 pietate,
1976 3576 2033 3650 vel
2066 3603 2185 3650 rerum

367 3703 586 3800 agendarum
622 3701 761 3798 peritia,
782 3726 854 3774 non
877 3701 1064 3774 mediocris
1093 3708 1128 3773 et
1157 3700 1271 3773 laudis
1300 3709 1335 3773 et
1363 3701 1496 3796 gloriae
1526 3701 1638 3774 eidem
1669 3701 1766 3774 facta
1794 3711 1848 3774 est
1875 3703 2042 3776 accessio.
2068 3703 2185 3776 Anto·

367 3829 465 3901 nium
492 3825 662 3901 Ubaldini
692 3834 829 3924 patrem
858 3825 999 3922 egregie
1029 3826 1071 3898 de
1101 3826 1173 3897 suis
1202 3825 1338 3898 civibus
1366 3826 1531 3899 meritum
1566 3826 1673 3900 luisse
1711 3826 1900 3899 innotescit
1932 3853 1976 3900 ex
2011 3827 2185 3902 Chronico

367 3954 489 4027 bonon.
520 3952 616 4049 apud
649 3948 953 4044 muratoriumtb,
971 3951 1007 4022 in
1045 3975 1114 4047 quo
1152 3951 1195 4023 ad
1235 3975 1366 4023 annum
1398 3950 1600 4024 MCCCIII.
1631 3959 1799 4024 narratur
1829 3953 1944 4049 ipsum
1975 3953 2094 4026 vivere
2123 3955 2183 4028 de·

367 4078 477 4151 siisse.
498 4076 678 4152 Excelluit
707 4076 815 4148 etiam
844 4100 889 4148 ex
918 4076 1042 4148 eadem
1070 4084 1176 4171 gente
1205 4076 1400 4173 iisdemque
1430 4077 1648 4174 temporibus
1667 4077 1852 4173 Aegidius,
1875 4076 2018 4150 Ordinis
2036 4079 2185 4152 Praedi-

367 4211 527 4276 catorum
558 4201 734 4296 alumnus,
756 4201 816 4298 qui
845 4225 938 4274 anno
965 4200 1286 4275 MCCCXXXHI.
1308 4202 1353 4273 ad
1377 4201 1735 4299 Arcbicpiscopatum
1765 4201 1973 4276 Cretensem
2002 4212 2185 4300 promotus

366 4329 445 4424 suit,
467 4351 547 4400 cum
570 4327 668 4399 iniis
696 4326 898 4421 regionibus
927 4327 1082 4399 censoris
1109 4327 1311 4400 haereticae
1340 4327 1529 4424 pravitatis
1549 4351 1694 4399 munere
1713 4328 1932 4423 fungeretur,
1955 4330 2184 4425 quemadmo-

367 4454 450 4525 dum
493 4460 633 4525 constat
675 4475 719 4523 ex
761 4450 873 4524 literis
911 4451 1085 4524 lobannis
1122 4451 1249 4525 XXII.
1281 4453 1373 4524 datis
1410 4452 1611 4525 Bertrando
1646 4453 1823 4550 Episcopo
1861 4453 2064 4550 Hostiensi,
2095 4480 2186 4553 quae

367 4586 492 4652 extant
529 4578 565 4650 in
605 4577 735 4650 Codice
772 4587 894 4649 nostro
932 4576 1157 4674 diplomatico
1193 4577 1413 4650 bononiensi.
1447 4576 1684 4673 Intclligimus
1722 4587 1841 4652 autem
1879 4603 1924 4651 ex
1961 4580 2003 4652 iis
2042 4581 2185 4654 veritati

365 4703 481 4776 minus
501 4727 695 4776 consonum
714 4702 807 4798 quod
828 4699 987 4773 nonnulli
1007 4702 1231 4774 tradiderunt
1245 4702 1437 4797 Aegidium
1455 4701 1549 4774 buno
1573 4703 1686 4799 primo
1706 4704 1902 4776 antistitem
1922 4704 2183 4802 Torcellanum,

367 4837 563 4901 cretensem
592 4827 817 4922 postmodum
847 4824 1165 4924 Archiepiscopum
1194 4827 1314 4900 fnisse.
1345 4827 1509 4900 Fontana
1537 4828 1573 4898 in
1597 4852 1660 4900 suo
1685 4827 1836 4900 Theatra
1860 4829 1911 4900 ita
1939 4830 2058 4924 sentit,
2079 4831 2185 4927 idque

366 4953 555 5048 contigisse
584 4951 740 5024 affirmat
767 4975 861 5024 armo
889 4949 1208 5024 MCCCXXVIH.
1238 4951 1296 5023 Ex
1315 4951 1480 5025 Leandro
1500 4951 1652 5024 Alberto
1672 4952 1708 5023 in
1726 4977 1790 5024 sua
1809 4953 1862 5024 De
1882 4955 1968 5026 ciris
1987 4955 2186 5028 illustribus

369 5078 517 5152 Ordinis
547 5076 838 5149 Praedicatoruai
867 5077 1017 5148 historic
1045 5084 1167 5149 notum
1197 5077 1236 5148 fit
1265 5075 1373 5149 alium
1405 5078 1513 5150 fuisse
1550 5077 1716 5172 Egidium
1746 5076 1953 5151 Cretensem
1982 5081 2026 5151 ab
2056 5105 2097 5153 eo
2126 5082 2186 5177 qui

366 5201 613 5276 Torcellanam
642 5201 761 5274 sedem
790 5201 916 5274 tenuit.
946 5201 1001 5273 De
1024 5201 1174 5295 Aegidio
1203 5210 1325 5274 nostro
1353 5200 1441 5274 haec
1469 5202 1579 5275 babet
1607 5202 1696 5275 libro
1715 5203 1805 5304 HL,
1828 5227 1908 5300 pag.
1934 5206 2020 5277 104.
2050 5204 2185 5279 Citabi·

368 5352 457 5424 mus,
487 5326 611 5423 inquit,
645 5335 724 5425 post
752 5325 817 5400 hos
846 5326 1038 5422 Aegidium
1068 5351 1111 5398 ex
1141 5324 1359 5399 nobilissima
1388 5325 1625 5400 Gallutiorum
1655 5327 1789 5400 familia
1820 5329 2027 5401 bononiensi
2056 5338 2185 5426 ortum,

366 5453 481 5524 uirum
510 5451 657 5524 scientia
686 5459 721 5524 et
750 5450 918 5546 religione
955 5451 1205 5545 clarissimum,
1236 5459 1434 5524 cretensem
1461 5451 1801 5550 Arcbiepisoopnm,
1832 5453 1892 5550 qui
1920 5454 1995 5526 vita
2032 5457 2187 5529 excessit

365 5602 458 5650 anno
492 5576 636 5649 Domini
667 5575 882 5650 MCCCXL.
912 5576 1095 5650 Bononiae
1129 5577 1234 5672 inque
1268 5575 1455 5675 sepulchro
1488 5585 1589 5650 tanto
1623 5578 1716 5650 viro
1737 5579 1843 5673 digno
1881 5579 2061 5677 sepultus,
2092 5582 2186 5678 quod

365 5703 481 5775 adbuc
510 5701 667 5775 cernitur
695 5710 778 5775 ante
808 5727 906 5775 aram
937 5702 1105 5775 maiorem
1134 5701 1300 5774 basilicae
1329 5699 1674 5799 praedicatoriael3l.

426 5950 466 6015 (l)
485 5947 548 6000 Vid.
569 5947 642 6013 Bes„
661 5948 707 5999 lib.
727 5948 758 6014 E,
777 5965 800 6000 o.
818 5952 869 6000 435
890 5966 911 6000 r.
1303 5948 1338 6000 ab
1357 5948 1485 6017 episcopo
1505 5948 1666 6001 'forcellano
1686 5951 1834 6015 detentam,
1848 5950 1951 6019 publici
1967 5951 2033 6003 iuris
2052 5967 2111 6004 esse
2125 5968 2187 6019 pro·

427 6039 466 6104 (2)
486 6038 562 6090 Tom.
582 6035 688 6089 XVIII.
708 6037 772 6089 Ber.
791 6037 856 6088 Ital.
875 6038 982 6104 Sci-Ipt,
1001 6055 1063 6107 pag.
1085 6041 1144 6090 13⁷.
1300 6037 1469 6089 nuntiarunt.

427 6130 466 6194 (3)
477 6127 610 6179 Veterum
623 6131 862 6179 monumentorum
873 6144 924 6196 ope
937 6114 1036 6196 probat
1046 6129 1081 6180 cl.
1089 6132 1185 6180 auctor
1195 6129 1249 6180 Ae·
1421 6178 1457 6216 m,
1486 6107 2070 6218 ΗῦῐῗῗιἑΑΞΞΤΘῘΞῌΤἜΞῙᾞΞΒΒΟΗΟΜΔ

364 6217 430 6287 gidii
444 6217 565 6286 episcopi
578 6217 745 6269 mentionem
759 6217 846 6285 primo
860 6233 1002 6268 occurrere
1017 6233 1087 6268 anno
1101 6215 1249 6270 MCCLIX.
1460 6202 1466 6214 ¹
1497 6251 1565 6288 ΟΜ),
1585 6253 1725 6290 mmm,
1745 6205 1996 6290 Pmnicmm

365 6311 392 6359 et
411 6322 483 6358 anno
502 6303 720 6358 MCCLXXXII.
740 6305 768 6356 in
787 6305 854 6358 vivit
874 6305 963 6358 adhuc
983 6305 1081 6371 fuiss03
1100 6304 1152 6358 hoo
1175 6307 1248 6358 enim
1472 6322 1524 6359 nm
1544 6323 1654 6361 suarm
1675 6324 1840 6362 ancnrnnrs.
1861 6323 2019 6362 cnnrnusrs

365 6397 461 6449 codam
480 6411 551 6448 anno
570 6397 628 6448 lata
648 6395 700 6446 luit
719 6399 815 6447 contra
833 6397 923 6463 ipsum
942 6396 1079 6447 sententia
1098 6411 1148 6463 per
1160 6395 1249 6464 publi·
1487 6393 1537 6440 Qm
1557 6396 1638 6433 onnr
1659 6396 1737 6432 ffli⁰
1757 6396 1863 6433 nomm
1883 6379 2004 6432 dcem·

365 6501 458 6537 corum
476 6485 607 6537 bonorum
620 6484 734 6551 iudices,
747 6485 794 6553 qui
807 6485 953 6552 quamdam
966 6499 1066 6553 aquam
1080 6487 1107 6536 et
1120 6485 1249 6553 paludem
1412 6536 1497 6574 cums
1517 6465 1968 6584 ΑΜΜΪῙΞΕξζΙὲῑᾞξΞῙΞΑΟΕ.
1988 6536 2070 6574 ΜΗ
