5544 7750
1072 685 1262 736 APPENDIX
1289 687 1441 739 ALTERA

335 855 394 920 pro
419 834 510 901 lucro
532 836 662 916 habeat,
681 843 713 901 et
732 843 835 903 totum
856 838 1041 924 dampnum,
1059 838 1144 924 quod
1163 860 1220 903 va·

336 942 411 1006 leat.
437 941 502 1007 Sed
528 943 727 1030 respondeo:
756 945 889 1010 arbitrio
910 945 1027 1029 judicie
1059 944 1119 1010 hoa
1145 944 1220 1008 diri·

334 1049 504 1134 mendum,
529 1056 565 1114 at
592 1057 838 1136 argumentatur
861 1073 960 1139 supra
982 1051 1094 1116 eodem
1120 1052 1147 1116 si
1170 1074 1219 1117 so-

335 1155 528 1240 cietate[m];
553 1157 617 1234 vel,
641 1157 669 1221 si
691 1158 750 1242 vis,
774 1158 836 1223 hoc
866 1159 1153 1246 valentemque
1178 1157 1219 1222 ad

334 1271 399 1329 tres
423 1271 543 1351 partes,
567 1265 619 1330 vel
643 1265 734 1349 duas,
759 1289 823 1332 non
850 1266 955 1350 ultra;
978 1289 1055 1331 nam
1078 1268 1123 1332 sie
1147 1266 1219 1352 figit

334 1371 394 1436 heo
417 1372 473 1435 lex
494 1393 569 1437 suos
592 1372 702 1459 pedes,
728 1380 763 1438 ut
786 1374 820 1438 in
842 1374 1000 1460 principio
1024 1375 1074 1438 sui
1097 1373 1184 1438 dicit.

396 1477 436 1542 In
459 1479 481 1542 l.
499 1478 635 1544 Mucius.
655 1480 770 1567 Neque
793 1482 919 1546 luorum
935 1481 1136 1567 intelligatur
1156 1480 1217 1544 nisi

334 1585 421 1649 omni
448 1585 588 1672 dampna
620 1586 777 1653 deducto:
802 1588 866 1654 Hia
898 1589 937 1652 de
968 1588 1109 1674 dampno
1140 1609 1217 1653 caen

333 1693 501 1777 accidenti,
526 1715 618 1758 secus
641 1695 669 1758 si
688 1694 793 1782 eulpa,
811 1695 887 1781 quia
903 1703 979 1760 tuno
994 1717 1059 1760 non
1076 1717 1217 1760 commu·

334 1799 471 1881 nicatur,
487 1801 584 1866 immo
601 1807 773 1889 prestatur,
791 1810 940 1890 utsupra
957 1803 1070 1868 eodem
1090 1825 1154 1868 nou
1175 1803 1217 1867 ob

333 1929 417 1972 eam.
434 1909 513 1974 Aac.

710 2222 839 2287 XVIII.

397 2451 431 2517 E
453 2453 570 2538 Codice,
588 2456 642 2540 qui
664 2453 860 2518 inscribitur:
877 2453 1010 2519 Summa
1025 2454 1218 2520 Dictaminis

334 2561 481 2646 magistri
506 2559 663 2625 Gnidonis
686 2561 776 2626 Faba
795 2562 838 2626 ad
859 2559 962 2626 XIII.
978 2564 1132 2628 soeculum
1142 2584 1217 2647 per-

334 2671 447 2733 tinente
467 2675 494 2733 et
510 2669 563 2753 qui
586 2667 720 2732 exstabat
746 2667 876 2734 Tuderli
898 2672 931 2733 iu
947 2669 1132 2734 Bibliotheca
1146 2691 1218 2734 sau·

331 2779 370 2840 cti
393 2775 569 2860 Fortunati,
585 2777 690 2841 educit
713 2775 908 2841 Falleriuius
928 2778 1084 2861 formulas
1106 2780 1216 2842 iuscri-

331 2885 443 2968 ptiauis
462 2871 652 2948 'litterarum
680 2883 758 2947 Cum
774 2886 822 2947 air
837 2886 874 2949 cl.
891 2885 1052 2970 Augustus
1070 2885 1218 2950 Gauden-

332 2993 395 3055 tius
411 2991 449 3055 (2)
476 2998 600 3075 partem
634 2991 787 3055 Guidenis
820 2990 923 3056 Fabae
956 3013 1122 3077 opierarum
1154 2995 1218 3057 iam

333 3099 473 3163 edidisset
496 3105 522 3162 et
544 3105 677 3162 caeteras
701 3100 734 3162 in
756 3099 853 3163 lucem
880 3099 1062 3184 proditurus
1085 3103 1140 3184 sit,
1164 3121 1218 3164 nas

330 3205 379 3270 bic
402 3226 480 3291 quae
502 3203 697 3270 Fatlorinius
718 3205 802 3270 dedit
818 3208 1104 3291 praetermittimus,

730 3481 823 3546 XIX.

394 3716 480 3781 Huic
514 3737 643 3780 numera
676 3717 866 3801 assignanda
899 3717 989 3781 duxit
1021 3716 1215 3782 Faltoninius

332 3831 470 3910 excerpta
494 3845 531 3888 en·
552 3825 680 3908 antiquo
704 3823 801 3888 codice
826 3823 1054 3890 membranacea
1077 3826 1216 3889 existenti

331 3935 364 3996 iu
388 3931 509 3996 arabico
535 3933 750 3995 canonicorum
776 3934 875 3995 sancti
898 3931 984 3996 Petri
1011 3931 1127 3996 Rornae
1156 3932 1214 3996 sub

332 4061 363 4104 ιι.
379 4039 431 4122 13,
443 4039 490 4102 lit.
502 4037 548 4121 H,
564 4039 652 4103 cuius
666 4038 790 4102 titulus:
805 4037 924 4103 Forma
939 4038 1124 4104 Literarum
1141 4039 1216 4104 Seo-

334 4147 522 4212 lastiearum
544 4145 620 4210 idest
641 4144 818 4210 Rhetorica
836 4146 969 4232 antiqua
989 4146 1218 4232 Boucompapui

333 4255 501 4338 florentini,
516 4253 614 4334 cuius,
625 4260 694 4336 past
716 4252 809 4336 bunc,
829 4274 892 4317 non
908 4256 1006 4338 pauci
1028 4254 1084 4318 alii
1106 4254 1218 4318 codices

335 4363 451 4425 inuenti
468 4366 549 4424 sunt.
575 4357 699 4424 Sartius
720 4360 802 4425 huuc
826 4381 992 4426 numerum
1007 4359 1119 4425 nullibi
1135 4361 1216 4424 indi-

399 5747 438 5813 (1)
461 5744 508 5797 Vel
525 5746 616 5796 auius
633 5744 681 5797 bac
699 5745 767 5798 velet
784 5745 813 5797 in
833 5744 877 5797 Gl.

398 5836 437 5903 (2)
457 5836 485 5887 It
502 5837 715 5903 Propugnatare,
727 5837 865 5907 periodica
879 5836 1045 5890 bImestrale.
1058 5837 1156 5891 Naeva
1174 5853 1216 5889 se-

336 5926 384 5992 ris,
403 5926 457 5978 vol.
476 5925 544 5992 111„
564 5926 631 5978 iaso.
652 5930 694 5992 15,
715 5929 763 5994 18;
782 5927 835 5979 vol.
855 5926 903 5992 V.,
922 5927 990 5980 iaso.
1010 5930 1101 5992 25-98,
1121 5929 1217 5994 28-293

336 6013 465 6081 vol.VI.,
484 6016 552 6068 isso.
573 6017 605 6068 88
626 6031 640 6068 e
660 6018 703 6068 96.

399 6105 438 6171 (8)
457 6103 628 6170 Breifsteller
645 6105 702 6156 ιιιιιί
720 6105 917 6170 sarmelbdcber
934 6107 979 6158 des
992 6106 1083 6171 eilftcn
1096 6105 1138 6158 bie
1149 6107 1217 6158 cier-

335 6193 447 6245 sebasen
459 6193 662 6260 jabrhuuderts
680 6193 822 6247 bearbeitel
834 6211 883 6248 ean
901 6195 1017 6262 Ludwig
1028 6195 1193 6262 Roecbinger
1205 6223 1217 6235 -

336 6283 460 6335 Micnster
478 6286 550 6336 1868
568 6311 580 6323 -
598 6284 651 6336 vol.
671 6284 710 6352 1.,
729 6301 791 6354 pag.
813 6288 938 6338 len-lae.

398 6375 438 6440 (4)
457 6372 490 6424 In
505 6374 567 6426 ooll.
581 6373 711 6426 Statutor.
725 6390 795 6443 quas
809 6374 908 6427 diadar
921 6375 986 6427 anni
1001 6378 1078 6443 1289,
1091 6376 1119 6427 in
1133 6373 1217 6428 Aroh.

336 6462 410 6516 Max.
422 6462 498 6529 bom,
510 6462 558 6515 lib.
570 6461 666 6530 VIII,
679 6479 703 6518 o.
718 6466 769 6516 104
781 6481 807 6516 v.
820 6466 847 6517 et
866 6468 915 6516 105
929 6482 950 6516 r.
964 6469 992 6517 et
1005 6483 1030 6516 v.
1042 6493 1075 6503 -
1090 6464 1131 6518 De
1145 6481 1217 6518 anno

336 6553 416 6605 huius
430 6552 600 6605 collectionis
613 6552 663 6606 efr.
677 6551 870 6620 Gaudentium,
879 6569 923 6623 op.
934 6553 1006 6606 inira
1017 6554 1076 6621 ait,
1085 6571 1147 6624 pag.
1158 6557 1218 6607 119.

453 6816 522 6855 wli.
541 6817 574 6856 11.

2086 669 2161 743 305

1284 843 1382 926 caeit;
1404 843 1457 906 sed
1478 841 1648 907 arbitratus
1676 851 1719 908 est
1741 842 1934 910 Fotloiiuius
1963 848 2169 914 clarissimum

1284 949 1386 1012 ιιίιιιιιι
1403 947 1449 1011 Μ.
1468 947 1607 1013 Sartium
1616 953 1808 1034 propositum
1824 950 1881 1016 sibi
1892 952 1990 1035 fuisse
2008 955 2046 1019 de
2059 955 2167 1020 liuius-

1282 1056 1365 1119 modi
1379 1057 1477 1121 codice
1492 1057 1576 1141 loqui
1591 1058 1671 1121 iuter
1685 1057 1847 1143 theologiae
1863 1058 2053 1143 Professores
2060 1087 2072 1148 ,·
2093 1061 2167 1128 Fal-

1281 1163 1414 1226 torinius
1437 1183 1507 1226 aero
1528 1162 1649 1247 ibidem,
1667 1186 1742 1250 pap.
1767 1168 1876 1230 scilicet
1899 1167 1975 1250 629,
1991 1177 2078 1253 part.
2100 1169 2167 1256 lu,

1281 1276 1352 1333 tom.
1373 1269 1421 1354 I.,
1437 1271 1566 1334 codicem
1588 1271 1737 1354 lucidavit,
1758 1274 1956 1360 euntderuque
1977 1298 2166 1362 arcauymum

1281 1375 1369 1440 dieii.
1394 1376 1443 1441 De
1466 1376 1701 1463 Boncmupapuo
1726 1388 1843 1466 autem,
1866 1383 1974 1447 celebri
2000 1388 2033 1449 in
2061 1387 2168 1453 scholis

1281 1485 1395 1548 uostris
1431 1485 1652 1549 Ιιιιιιιαιιίονιιιιι
1688 1487 1851 1552 literarum
1882 1489 2077 1578 Professore,
2100 1496 2168 1560 aide

1275 1597 1361 1674 part.
1374 1588 1421 1674 Ι.,
1434 1599 1503 1656 torn.
1516 1591 1545 1656 1.
1555 1643 1563 1676 ,
1570 1613 1644 1678 pap.
1659 1593 1734 1657 602.
1753 1592 1899 1672 Quamuis
1914 1601 1995 1662 cuim
2012 1604 2166 1684 adprime

1281 1698 1389 1762 codicis
1405 1702 1536 1784 pagiua,
1561 1721 1637 1786 quae
1658 1703 1757 1786 ferme
1776 1707 1873 1770 deleta
1897 1715 1952 1790 est,
1975 1715 2083 1772 auctor
2104 1731 2166 1773 non

1274 1811 1391 1890 pateat,
1406 1808 1564 1872 innotescit
1579 1818 1681 1876 tannen
1699 1833 1736 1876 ee
1745 1835 1820 1898 pap.
1835 1814 1888 1898 18,
1902 1815 1955 1890 19,
1968 1817 2011 1878 20
2026 1817 2165 1902 aliisque.

1285 1912 1394 1978 Totum
1409 1935 1484 2000 opus
1504 1916 1654 1982 tributum
1671 1928 1712 1984 est
1728 1924 1761 1984 in
1776 1942 1828 1986 see
1843 1922 1951 2007 libros,
1965 1924 2081 2009 singuli
2097 1946 2166 1990 aero

1281 2020 1353 2085 libii
1368 2024 1519 2090 intitules
1535 2025 1729 2092 diuiduntur.
1742 2028 1837 2094 Initio
1852 2033 1884 2095 in
1901 2032 2016 2118 dialogi
2029 2033 2166 2117 formam

1280 2137 1323 2194 est
1338 2132 1494 2214 scriptum.
1513 2131 1694 2218 Discipulos
1709 2143 1736 2200 et
1753 2139 1896 2222 inopister
1910 2160 1941 2204 se
1950 2140 2102 2223 produnt.
2115 2141 2165 2206 De

1280 2235 1372 2300 bestia
1396 2239 1531 2322 quadam
1554 2250 1722 2307 ιιιοιιιιιοια
1744 2246 1843 2309 multa
1861 2246 1905 2309 ud
1925 2249 2029 2311 stilum
2046 2269 2166 2334 oocupa-

1280 2344 1417 2409 randum
1441 2355 1638 2431 exponuntur
1651 2352 1770 2434 petenti
1792 2351 1951 2437 discipulo.

1344 2451 1583 2539 Peragraplrum
1604 2461 1753 2541 prunum,
1769 2480 1788 2522 a
1805 2458 1993 2546 Iloecliiuper
2016 2464 2078 2526 iam
2102 2464 2165 2527 edi·

1281 2560 1409 2644 tumlssl,
1432 2564 1621 2647 indeminute,
1645 2587 1699 2630 nec
1724 2567 1892 2631 secuudum
1921 2569 1969 2632 bic
1992 2570 2165 2653 producere

1280 2670 1356 2733 utile
1367 2673 1559 2755 putavimus,
1575 2693 1649 2736 riam
1668 2675 1716 2737 aii·
1736 2675 1772 2738 cl.
1790 2676 1951 2760 Augustus
1969 2676 2165 2742 Gaudentius

1280 2785 1465 2861 onustatum
1481 2779 1677 2845 Rhetoricae
1694 2781 1846 2867 antiquae
1869 2804 1900 2847 se
1918 2782 2000 2847 breui
2016 2785 2166 2850 daturum

1274 2885 1432 2968 pollicitus
1455 2895 1506 2952 est.

1683 3175 1759 3240 XX.

1341 3389 1436 3454 Dedit
1455 3389 1502 3456 lu'c
1518 3388 1711 3455 Faltoniuius
1726 3401 1864 3476 eucarpio
1883 3391 2084 3457 statutorum
2098 3392 2162 3456 Po-

1279 3498 1347 3584 puli
1369 3498 1547 3580 Bononiae,
1565 3521 1642 3584 quoe
1664 3499 1706 3562 ad
1723 3498 1839 3562 scitalas
1857 3508 1977 3564 nostras
1992 3503 2159 3584 pertinent.

1281 3605 1394 3670 Varias
1416 3605 1560 3670 liabemus
1575 3609 1609 3669 iu
1621 3606 1753 3670 Arelica
1769 3629 1851 3670 ιιιιιιι.
1864 3607 1972 3672 borion.
1985 3608 2162 3690 bruj'usmadi

1276 3721 1460 3778 statutorum
1484 3715 1718 3798 cornpilatieues,
1740 3721 1774 3778 ut
1798 3723 1912 3799 cocant,
1927 3717 1980 3780 sed
1996 3716 2161 3800 plerasque

1278 3841 1413 3904 tauricas,
1427 3824 1612 3905 praesertim
1634 3823 1830 3906 antiquiores
1847 3822 1958 3907 ltaque
1974 3824 2076 3908 selegit
2095 3821 2161 3886 Col·

1278 3930 1415 3993 lectiones
1437 3931 1516 3992 antici
1535 3927 1666 3992 Meet.
1684 3937 1711 3994 et
1726 3931 1832 4012 aliam,
1848 3951 1926 4014 quae
1946 3931 2060 3994 dicitur
2082 3931 2161 3993 unni

1279 4035 1511 4100 MCGLXXX
1517 4035 1609 4100 VIII.
1624 4036 1673 4119 (4),
1691 4044 1789 4120 utprote
1801 4038 1963 4120 pleniores,
1979 4037 2093 4100 additis
2114 4044 2160 4100 ta-

1280 4165 1349 4209 men
1371 4143 1484 4208 alicubi
1500 4143 1688 4208 certantibus
1703 4165 1740 4208 aa
1754 4144 1825 4207 aliis
1837 4144 2056 4209 collectionibus
2065 4166 2160 4228 prae·

1279 4253 1450 4318 cedentium
1471 4273 1637 4316 acinorum.
1663 4251 1724 4315 Sed
1747 4253 1814 4334 isto,
1835 4271 1904 4314 curu
1927 4252 1989 4314 iani
2012 4250 2057 4315 bis
2079 4251 2161 4315 edita

1281 4359 1461 4444 siut(5),bic
1483 4380 1677 4445 nequaquam
1701 4359 1777 4424 dare
1798 4379 1953 4423 curamus.

1343 5748 1383 5814 (5)
1402 5747 1523 5799 Marium.
1542 5750 1585 5798 ist.
1598 5747 1746 5813 ιιιιιὶιιιιιιι·
1758 5745 1812 5797 alle
1819 5745 1958 5812 procliuia
1969 5746 2000 5796 di
2011 5744 2162 5811 Romaene,

1279 5837 1349 5887 serie
1367 5836 1391 5888 I.
1399 5874 1407 5902 ,
1427 5837 1528 5888 Statuit
1544 5836 1576 5886 di
1593 5834 1715 5901 Balogna
1730 5851 1781 5902 per
1799 5849 1866 5886 cura
1884 5835 1914 5886 di
1931 5834 1964 5886 L.
1978 5834 2062 5886 Frati
2079 5863 2090 5874 ·
2108 5833 2160 5886 Bo-

1280 5925 1370 5991 layna,
1382 5926 1467 5992 Regia
1491 5925 1548 5993 Tip.
1569 5927 1734 5990 raes-1884,
1752 5924 1789 5977 11.
1802 5925 1855 5976 vol.
1869 5942 1895 5994 p.
1910 5928 2001 5989 22-29,
2019 5924 2067 5976 lib.
2080 5924 2160 5988 VII,

1281 6015 1353 6066 rubr.
1373 6014 1511 6080 v.-xvl.;
1531 6019 1571 6067 et:
1591 6015 1691 6067 Statuti
1709 6015 1775 6066 delle
1798 6013 1950 6066 Uuiaersitd
1968 6030 1981 6066 e
1999 6014 2044 6065 dei
2062 6013 2163 6079 Collegi

1279 6104 1350 6157 dello
1368 6105 1463 6156 Studia
1482 6103 1626 6170 Boloyuese
1641 6104 1790 6170 ptcbblicati
1807 6104 1845 6154 da
1859 6102 1941 6154 Cario
1954 6103 2103 6169 Maluyala,
2116 6120 2159 6171 op.

1280 6194 1345 6260 ait,
1363 6211 1426 6264 pag.
1447 6197 1507 6259 158,
1533 6197 1593 6261 156,
1624 6197 1683 6259 158,
1711 6196 1837 6259 126-191,
1858 6197 1907 6246 158
1928 6211 1953 6244 n.
1976 6197 1998 6258 1,
2021 6197 2161 6258 149158,

1282 6287 1342 6350 180,
1354 6287 1414 6350 164,
1423 6287 1482 6352 165,
1494 6287 1544 6337 166
1559 6288 1586 6337 et
1599 6285 1682 6338 etiam
1693 6284 1811 6353 Augusti
1823 6283 1984 6336 Gaudentii:
2000 6283 2047 6334 Gli
2058 6283 2162 6334 auticlu'

1281 6373 1381 6428 Statmi
1391 6375 1436 6426 del
1445 6373 1562 6428 Οοιιιιιιιι
1574 6375 1605 6426 di
1613 6373 1733 6441 Bologna
1746 6375 1854 6426 interno
1865 6373 1921 6426 allo
1933 6371 2036 6437 Studio,
2047 6373 2082 6425 in:
2093 6371 2160 6424 Bul-

1280 6465 1372 6518 lettino
1390 6463 1452 6516 dell'
1463 6464 1568 6516 Istitula
1587 6464 1688 6517 Storico
1707 6463 1837 6528 Italiaua,
1850 6466 1929 6528 1888,
1948 6480 1975 6514 ιι.
1988 6465 2013 6528 6,
2032 6479 2095 6532 pag.
2111 6466 2160 6514 111

1282 6572 1298 6608 s
1319 6557 1378 6608 181.
