5492 7750
1410 607 1651 660 manuninum

1464 975 1587 1040 XLIV.

1362 1191 1466 1274 1291,
1491 1191 1533 1254 31
1556 1193 1691 1276 aequat.

870 1405 924 1469 Ex
947 1411 1023 1470 tom.
1047 1404 1240 1470 LXXXIII.
1265 1405 1374 1471 Cadio.
1398 1405 1540 1492 Diplom.
1565 1405 1683 1491 Gymn.
1707 1405 1810 1489 Bon,
1834 1427 1921 1470 num.
1945 1406 2123 1472 XXXVII.
2137 1409 2176 1472 (1)

703 1619 857 1685 Nicolaus
881 1619 974 1706 Papa
997 1619 1056 1684 IV.
1080 1619 1254 1684 Franciseo
1278 1620 1299 1684 J
1303 1621 1367 1684 uris
1392 1619 1502 1685 Civilis
1526 1619 1669 1700 Doctori,
1695 1619 1758 1684 civi
1780 1620 1981 1685 bononiensi.

703 1729 840 1794 Gratum
863 1734 912 1792 est
935 1728 1028 1792 nobis
1052 1735 1084 1792 et
1106 1727 1286 1815 placidum,
1312 1728 1398 1814 quod
1421 1728 1462 1791 ed
1486 1727 1595 1810 illum,
1620 1729 1675 1814 qui
1706 1735 1738 1792 te
1770 1728 1847 1793 fecit
1877 1729 2040 1815 variisque
2073 1729 2196 1794 dotavit
2226 1731 2430 1816 muneribus,

614 1836 683 1900 eius
705 1835 871 1900 humiliter
893 1841 929 1899 ut
952 1835 1111 1918 convenit,
1128 1835 1388 1921 recognoscendo
1411 1835 1568 1900 beneficia
1590 1835 1714 1900 sineere
1737 1836 1916 1901 devotionis
1941 1836 2083 1922 dirigens
2107 1837 2268 1921 affectum,
2286 1860 2348 1924 que
2371 1861 2431 1904 sua

614 1949 688 2007 sunt
711 1943 829 2029 queris,
854 1963 892 2008 ac
914 1942 1075 2007 dimittere
1098 1942 1238 2007 intendis
1262 1944 1419 2026 nocitura,
1443 1949 1478 2006 ut
1502 1964 1545 2006 ex
1566 1942 1627 2007 hoc
1651 1963 1709 2029 per
1744 1964 1943 2029 consequens
1976 1945 2073 2009 saluti
2107 1947 2236 2031 proprie
2268 1945 2430 2012 efficacius

613 2051 790 2134 consulere,
815 2051 907 2114 iuxta
931 2056 1022 2114 tuum
1044 2049 1207 2114 laudabile
1231 2049 1425 2114 desiderium
1448 2049 1577 2134 valeas,
1602 2050 1635 2113 in
1659 2071 1723 2136 quo
1755 2057 1846 2115 tanto
1879 2051 2031 2116 libentius
2055 2052 2115 2116 tibi
2145 2052 2258 2118 adesse
2289 2053 2430 2140 benigne

613 2158 773 2240 volumus,
797 2165 918 2244 quanto
942 2158 1028 2222 circa
1050 2157 1083 2221 id
1106 2156 1223 2242 dignus
1247 2179 1282 2221 es
1305 2157 1425 2221 favoris
1449 2157 1555 2242 gratia
1571 2157 1733 2243 plenioris.
1759 2157 1797 2222 In
1821 2165 1932 2222 nostra
1951 2179 2028 2222 sane
2052 2159 2244 2224 constitutus
2267 2162 2430 2246 presentia

615 2265 768 2347 retulisti,
793 2265 879 2350 quod
901 2272 936 2329 tu
959 2271 992 2329 et
1015 2263 1178 2350 quondam
1200 2255 1392 2346 hccursius,
1416 2264 1543 2349 Legum
1565 2264 1686 2346 doctor,
1711 2271 1804 2350 pater
1827 2271 1916 2348 tuus,
1940 2265 2031 2330 euius
2055 2266 2148 2330 heres
2171 2267 2302 2350 existis,
2327 2269 2429 2333 scola-

613 2373 736 2437 laribus
759 2372 885 2456 vestris,
909 2393 989 2458 quos
1013 2371 1176 2436 auditores
1200 2393 1258 2458 pro
1282 2378 1426 2457 tempore
1450 2371 1618 2454 habuistis,
1642 2371 1787 2436 diversas
1810 2373 2020 2458 pecuniarum
2036 2394 2178 2437 summas
2202 2383 2313 2440 mutuo
2337 2377 2428 2440 exbi-

612 2480 724 2544 bentes
749 2481 789 2544 ab
813 2480 901 2566 ipsis,
925 2479 1000 2544 talis
1016 2485 1154 2566 pretexu
1173 2478 1286 2562 mutui,
1303 2477 1408 2542 fuistis
1432 2479 1572 2542 assecuti
1594 2480 1734 2563 majores
1756 2480 1908 2544 collectas
1932 2479 2031 2544 etiam
2051 2481 2249 2545 anonnullis
2265 2503 2307 2546 ex
2323 2491 2429 2569 pacta,

614 2608 712 2673 quam
735 2587 816 2651 alias
840 2587 881 2652 ab
905 2587 1027 2652 eisdem
1050 2587 1214 2652 consecuti
1236 2585 1414 2651 scolaribus
1438 2585 1589 2671 fuissetis,
1606 2607 1686 2672 quas
1703 2587 1855 2651 collectas
1871 2588 2020 2672 majores,
2037 2589 2136 2652 etiam
2151 2609 2224 2654 cnm
2246 2589 2308 2655 hoe
2331 2591 2430 2656 fiebat

611 2701 769 2777 mutuum,
793 2695 869 2759 licet
891 2693 982 2758 nulla
1005 2715 1102 2779 super
1124 2693 1185 2758 hoc
1208 2693 1417 2758 interveniret
1440 2695 1558 2779 poetic,
1582 2693 1735 2779 consequi
1758 2693 1949 2779 sperabatis.
1975 2695 2079 2781 Super
2103 2716 2177 2782 quo,
2202 2717 2239 2761 ac
2270 2718 2367 2783 super
2391 2721 2429 2764 eo

611 2807 774 2888 preterea,
798 2801 875 2887 quia
897 2807 950 2884 tu,
974 2821 1012 2866 ac
1035 2801 1121 2864 idem
1144 2806 1237 2886 pater
1260 2822 1317 2886 pro
1342 2800 1636 2865 examinationibus
1667 2801 1839 2864 scolarium
1863 2800 1919 2886 qui
1940 2801 2128 2867 licentiandi
2155 2809 2248 2867 erant
2271 2804 2304 2867 in
2328 2803 2429 2869 facul·

610 2915 677 2974 tate
700 2909 810 2996 legali,
835 2907 1027 2994 quandoque
1050 2929 1186 2972 munera
1208 2907 1392 2994 recepistis,
1417 2907 1477 2972 tibi
1501 2907 1542 2972 ob
1566 2907 1628 2971 ista
1652 2907 1883 2972 conscientiam
1906 2909 2058 2990 habenti,
2082 2915 2118 2974 ut
2141 2911 2277 2993 asseris,
2308 2933 2428 2977 remor-

612 3015 751 3098 dentem,
776 3036 901 3080 necnon
924 3021 957 3078 et
979 3015 1076 3078 saluti
1099 3014 1205 3078 anime
1228 3015 1330 3100 patris
1353 3014 1488 3100 predicti
1505 3015 1683 3100 apostoliea
1699 3015 1865 3079 subveniri
1886 3015 2089 3102 providentia
2106 3017 2294 3104 suppliciter
2319 3025 2428 3105 posto-

612 3124 697 3187 lasti.
722 3123 800 3186 Tuis
824 3121 923 3208 igitur
946 3122 1095 3208 precibus
1118 3121 1342 3186 favorabiliter
1364 3127 1553 3204 annuentes,
1575 3123 1773 3207 presentium
1796 3122 1855 3186 tibi
1879 3123 2070 3188 auctoritate
2094 3125 2308 3208 concedimus,
2333 3133 2368 3190 ut
2389 3147 2429 3191 ea
2552 3163 2556 3168 ·

612 3251 674 3316 que
696 3251 754 3316 per
777 3236 809 3294 te
840 3229 892 3294 vel
923 3229 1029 3316 ipsum
1056 3235 1183 3314 patrem
1207 3249 1227 3291 a
1249 3229 1427 3292 scolaribus
1450 3229 1532 3310 illis,
1565 3229 1620 3315 qui
1643 3229 1751 3293 clerici
1786 3229 1968 3294 existebant
2004 3230 2043 3293 da
2078 3230 2170 3295 bonis
2202 3232 2426 3298 ecclesiasticis

610 3337 763 3424 predictis
787 3336 890 3402 modis
921 3337 1054 3401 obtenta
1083 3336 1183 3400 luisse
1216 3343 1402 3416 noscuntur,
1426 3337 1565 3400 retinere
1592 3337 1693 3401 libere
1718 3337 1847 3422 valeas,
1880 3358 1939 3402 nec
1961 3337 2003 3402 ad
2033 3338 2163 3403 illorum
2192 3340 2426 3405 restitutionem

611 3444 770 3531 quamde
794 3443 971 3530 apostolica
994 3449 1164 3530 potestate,
1189 3465 1253 3529 qua
1277 3444 1353 3530 ipsis
1377 3464 1546 3529 presumas
1570 3443 1704 3526 clericis,
1728 3444 1871 3508 totaliter
1894 3444 1953 3508 tibi
1976 3445 2178 3528 remittimus,
2204 3446 2344 3511 tenearis
2368 3445 2426 3511 ali·

610 3558 769 3638 quatenus
793 3550 985 3633 faciendam,
1010 3551 1056 3614 ita
1078 3557 1188 3615 tamen
1212 3549 1340 3636 quoda
1364 3551 1541 3615 scolaribus
1564 3550 1656 3615 laicis
1676 3572 1734 3637 per
1758 3557 1789 3615 te
1811 3550 1865 3615 vel
1889 3550 2010 3616 dietum
2033 3559 2169 3638 patrem,
2193 3552 2270 3617 dum
2293 3553 2426 3636 vireret,

609 3660 719 3724 taliter
745 3658 859 3722 habita
889 3665 922 3721 et
944 3664 1116 3744 percepta,
1141 3658 1169 3721 si
1189 3657 1341 3722 videlicet
1369 3657 1466 3721 iidem
1495 3657 1570 3722 sciri
1602 3664 1658 3721 aut
1682 3658 1820 3722 inveniri
1850 3664 2019 3743 poterunt,
2056 3660 2224 3724 restituere
2255 3682 2425 3746 procures3

610 3765 753 3851 alioquin
776 3764 833 3828 illa
856 3765 889 3828 in
913 3763 983 3850 pios
1005 3785 1083 3828 usus
1107 3763 1199 3846 alios,
1221 3765 1317 3848 juxta
1338 3764 1558 3828 confessorum
1574 3771 1702 3829 tuorum
1718 3764 1886 3829 consilium
1902 3771 1935 3828 et
1950 3787 2007 3828 sue
2024 3765 2241 3851 dispositionis
2258 3766 2426 3830 arbitrirun

609 3878 790 3937 convertas.
813 3870 905 3935 Nulli
928 3892 1006 3957 ergo
1031 3871 1161 3936 omnino
1185 3870 1351 3935 homiuum
1374 3871 1471 3936 liceat
1494 3871 1579 3936 hanc
1613 3870 1768 3958 paginam
1803 3877 1910 3936 nostre
1935 3873 2150 3937 concessionis
2174 3879 2206 3937 et
2229 3873 2426 3938 remissionis

610 3979 803 4066 infringere,
827 3978 879 4042 vel
903 3978 934 4042 ei
957 3999 1038 4042 ausu
1062 3977 1234 4042 temerario
1257 3979 1434 4060 contraire3
1458 3978 1486 4042 si
1510 3979 1581 4064 quis
1605 3985 1713 4044 autem
1736 3979 1796 4044 hoc
1820 3985 1980 4043 attentare
2004 3980 2253 4066 presumpserit,
2278 3981 2425 4065 indigna·

610 4087 733 4152 tionem
756 4085 985 4172 omnipotentis
1006 4084 1070 4149 Dei
1093 4092 1125 4149 et
1147 4085 1316 4149 beatorum
1339 4085 1430 4150 Petri
1453 4092 1485 4149 et
1510 4085 1623 4168 Pauli,
1649 4087 1869 4172 apostolorum
1893 4086 1974 4170 cius,
1999 4109 2033 4150 se
2056 4087 2183 4152 noverit
2213 4088 2426 4152 incursurum.

610 4193 733 4258 Datum
756 4192 843 4280 apud
866 4193 1148 4275 Urbemveterem,
1172 4192 1313 4257 secundo
1337 4192 1494 4257 kalendas
1517 4194 1722 4279 septembris,
1747 4194 1952 4280 pontificatus
1977 4195 2078 4258 nostri
2101 4215 2186 4260 anno
2210 4202 2335 4280 quarte.

1466 4512 1571 4577 xnv.

1380 4725 1477 4810 1293,
1501 4727 1543 4790 31
1567 4728 1653 4790 narr.

625 4939 678 5004 Ex
701 4939 845 5005 archivio
869 4941 973 5004 sancti
995 4939 1162 5005 Francisei
1184 4940 1326 5023 Bonon,
1351 4961 1436 5004 nunc
1459 4942 1492 5004 in
1516 4941 1692 5006 Tabulario
1707 4940 1796 5005 Max.
1820 4941 2021 5024 bononiensi,
2038 4947 2115 5007 sect.
2137 4966 2154 5001 ‹
2170 4941 2355 5008 Demanicle
2371 4967 2405 5027 ν,

871 5031 875 5039 “
1261 5029 1425 5113 11qu
1471 5049 1527 5114 no.
1551 5047 1602 5132 n,
1627 5048 1696 5114 aas.
1723 5051 1776 5113 rr.

1372 5100 1448 5143 masa

695 5265 736 5330 In
759 5264 887 5329 nomine
910 5263 1042 5328 Domini
1065 5262 1168 5328 nostri
1190 5262 1271 5328 Jesu
1294 5263 1425 5346 Christi,
1450 5285 1555 5328 amen.
1579 5262 1675 5328 Anno
1704 5263 1849 5348 ejusdem
1876 5263 2046 5328 millesimo
2074 5263 2295 5328 ducentesimo
2324 5284 2423 5328 nona·

607 5373 730 5460 gesimo
753 5371 860 5454 tertio,
890 5371 1064 5436 indictione
1087 5377 1198 5454 sexta,
1223 5371 1275 5435 die
1305 5371 1419 5436 ultima
1442 5371 1561 5436 mensis
1589 5370 1699 5455 madij.
1723 5378 1777 5450 (Π
1790 5371 1871 5437 Cum
1898 5371 2046 5436 dominus
2072 5370 2289 5435 Francisehus
2315 5372 2422 5456 legum

608 5482 730 5564 doctor,
750 5479 835 5544 filius
866 5478 1030 5565 quondam
1053 5461 1174 5544 domini
1204 5477 1342 5544 Acurxii
1363 5479 1474 5563 legum
1496 5478 1653 5561 doctoris,
1685 5479 1741 5564 qui
1763 5499 1848 5543 nunc
1876 5485 2020 5543 moratur
2050 5478 2198 5543 Bononia
2233 5479 2266 5541 in
2298 5479 2423 5565 capella

607 5589 712 5654 sancti
733 5587 846 5669 Mami,
870 5607 974 5669 suum,
998 5592 1034 5650 ut
1058 5585 1150 5668 dixit,
1173 5585 1207 5650 in
1230 5586 1335 5650 seritis
1359 5586 1538 5651 condiderit
1561 5591 1798 5668 testamentum,
1824 5587 1909 5672 quod
1932 5586 2114 5672 depositum
2138 5592 2188 5650 est
2210 5585 2297 5670 apud
2325 5585 2422 5650 sacri·

607 5697 703 5761 stiam
718 5694 856 5759 fratrum
867 5692 1113 5758 Predicatorum
1128 5692 1232 5757 saneti
1243 5693 1406 5758 Dominici
1421 5693 1461 5758 de
1473 5692 1632 5776 Bononia,
1646 5694 1679 5757 in
1695 5715 1769 5779 quo,
1783 5692 1868 5756 infra
1884 5700 1992 5757 cetera
2015 5714 2077 5778 que
2094 5693 2126 5757 in
2144 5693 2213 5780 ipso
2229 5699 2423 5758 testamento

608 5803 822 5884 continentur,
847 5801 930 5865 dixit
953 5800 1111 5865 contineri
1135 5800 1167 5863 in
1190 5800 1276 5864 hune
1299 5801 1445 5864 modum:

696 5916 749 5988 (Π
761 5909 846 5973 Item
861 5907 1008 5994 relinquo
1024 5929 1083 5994 pro
1100 5907 1208 5971 anima
1224 5929 1296 5971 mea
1312 5907 1399 5972 mille
1412 5907 1512 5972 libras
1528 5908 1770 5972 bononenorum
1786 5908 2024 5973 distribuendas
2040 5929 2098 5993 per
2114 5907 2302 5992 religiosum
2318 5907 2423 5971 virum

605 6019 740 6082 tratrem
762 6016 897 6081 Petrum
921 6015 961 6079 de
985 6015 1106 6080 Trento
1131 6013 1262 6079 Ordinis
1285 6014 1423 6078 fratrum
1445 6013 1691 6079 Predicatorum
1714 6015 1754 6078 de
1773 6014 1932 6097 Bononia,
1950 6021 1982 6079 et
1997 6036 2055 6100 per
2071 6014 2240 6078 dominum
2255 6014 2424 6078 Iulianum

606 6124 727 6190 domini
751 6122 877 6188 Cambii
900 6121 1083 6208 Graciadey
1106 6121 1146 6186 de
1170 6128 1272 6186 strata
1295 6122 1399 6186 sancti
1421 6121 1550 6204 Vitalis,
1575 6143 1654 6208 quos
1678 6122 1711 6186 in
1735 6121 1820 6186 dicto
1849 6142 1907 6185 suo
1938 6127 2131 6185 testamento
2163 6142 2238 6185 suos
2261 6121 2360 6206 elegit
2390 6128 2423 6185 et

605 6231 719 6298 statuit
746 6229 952 6314 Camisarios,
975 6229 1152 6294 secundnm
1176 6229 1262 6315 quod
1285 6230 1318 6293 in
1342 6228 1482 6315 quadam
1505 6228 1619 6294 cedula
1642 6228 1773 6315 sigilata
1796 6228 1904 6314 sigillo
1927 6249 1999 6293 meo
2023 6250 2081 6315 per
2104 6249 2155 6292 me
2179 6235 2211 6293 et
2234 6229 2280 6293 eis
2303 6228 2422 6292 tradita

685 6465 724 6530 (1)
744 6461 786 6513 Ex
805 6461 911 6532 Regist.
930 6460 1011 6514 tertio
1030 6460 1137 6514 Nicolai
1156 6459 1215 6528 1V,
1235 6477 1277 6530 ep.
1298 6463 1359 6526 454,
1378 6460 1425 6513 iol.
1445 6463 1487 6512 89.
