5484 7746
654 657 884 708 secessuum
903 659 954 707 su
975 657 1139 708 anassem
1158 653 1523 705 sacurnmeouoauu
1543 653 1645 704 scau.
1667 652 1803 702 soson.
2058 633 2133 702 263

322 836 445 879 caecare
467 816 624 898 contiperit
650 814 806 898 ordinem,
830 816 875 878 ael
904 816 1099 898 superiorem.
1125 811 1258 876 Nullum
1290 833 1406 896 quoqne
1437 812 1560 874 electum
1595 818 1621 875 et
1652 811 1866 892 confirmatum
1889 812 1922 873 iu
1949 809 2137 873 Canonicum

322 922 481 985 admittam
504 921 546 984 ad
562 922 783 1005 perceptionem
807 919 954 1004 bcaefitij,
979 922 1041 983 nisi
1064 922 1169 1003 primo
1199 921 1343 1003 receperit
1373 919 1511 981 arrliaem
1544 918 1586 980 ad
1617 938 1706 1002 quem
1735 925 1910 981 assentietur
1933 918 1978 981 ael
1999 917 2136 1001 elipetnr.

323 1027 394 1093 Non
411 1031 590 1114 permittam
618 1027 806 1092 Caranicum
830 1049 863 1092 ea
881 1031 986 1112 primo
1008 1030 1058 1092 sui
1079 1025 1282 1090 Canonicotus
1304 1045 1387 1090 anna
1404 1027 1562 1109 percipere
1578 1024 1749 1105 benefitium
1766 1025 1810 1088 cel
1819 1024 2020 1108 prebendam,
2030 1032 2137 1109 preter

322 1137 467 1200 aictualia
488 1137 570 1218 sola,
594 1136 646 1199 sed
667 1136 752 1200 illius
774 1137 853 1198 anni
875 1134 1046 1217 benefitium
1070 1133 1291 1218 aeprehendi
1319 1135 1352 1196 in
1383 1153 1523 1196 comunes
1552 1132 1697 1196 utilitates
1728 1139 1755 1196 et
1785 1134 1969 1196 necessitates
2001 1131 2137 1216 Capituli

323 1243 633 1328 eaperrdatur(1),ita
651 1249 752 1306 tamen
777 1243 858 1326 quod
872 1243 953 1306 inter
971 1240 1137 1305 Canonicos
1152 1261 1214 1304 non
1231 1240 1400 1324 dividatur,·
1409 1241 1620 1324 possessiones,
1629 1239 1709 1321 jara
1726 1246 1753 1304 et
1767 1239 1905 1322 bonores,
1921 1241 2136 1322 instrumenta,

322 1371 375 1414 seu
397 1351 518 1415 cbartas
543 1352 604 1414 siae
621 1351 784 1434 priuilepia
812 1349 949 1433 Capituli
970 1355 1075 1412 contra
1099 1368 1200 1411 amires
1222 1347 1357 1411 bmniaes
1379 1347 1504 1430 aeljator
1519 1367 1570 1411 ero
1585 1346 1627 1408 nd
1642 1346 1894 1428 concertandum,
1909 1347 2136 1429 defendendam

323 1465 349 1524 et
371 1457 628 1542 recuperandum,
644 1459 722 1521 sicut
744 1455 884 1540 Capitale
899 1455 945 1519 uel
959 1456 1071 1538 majori
1087 1457 1176 1538 parti
1198 1455 1306 1518 caelius
1329 1461 1355 1518 et
1378 1454 1487 1518 utilius
1510 1452 1678 1538 uidebitur,
1688 1454 1887 1537 possessiones
1909 1453 2074 1518 immobiles
2094 1456 2137 1519 ad

321 1565 499 1630 batoniense
529 1564 706 1648 Capitulum
732 1565 920 1647 pertinentes
943 1583 1004 1626 naa
1027 1560 1182 1644 alienab0,
1207 1583 1260 1626 nec
1286 1563 1420 1624 alienari
1446 1562 1641 1644 consentiam,
1664 1562 1726 1624 cresi
1743 1581 1803 1644 pro
1824 1563 1970 1644 emptione
1997 1563 2041 1625 uel
2061 1584 2135 1646 per·

322 1673 488 1736 mutatione
510 1672 638 1734 alterius
655 1671 852 1754 possessionis
874 1667 1036 1732 innotabilis
1058 1669 1190 1732 utilioris
1209 1669 1254 1731 uel
1277 1689 1351 1752 eque
1375 1668 1468 1750 utilis,
1485 1668 1529 1730 ccl
1551 1669 1770 1730 cortstractione
1792 1667 1925 1751 alicujus
1943 1661 2075 1752 liedifitij
2095 1670 2137 1733 od

322 1799 479 1844 comunem
503 1779 662 1841 utilitatem
681 1779 876 1861 pertinentis,
893 1777 938 1840 uel
960 1777 1025 1839 alia
1048 1776 1177 1839 euidenti
1199 1777 1330 1839 utilitate
1352 1777 1492 1838 carauni:
1507 1777 1550 1838 ita
1573 1781 1674 1838 tornea
1699 1775 1780 1858 qaod
1796 1776 1876 1838 inter
1893 1774 2060 1840 Carronicos
2075 1798 2137 1840 non

319 1886 376 1970 fiat
399 1887 506 1948 divisio
522 1884 621 1968 pretij
642 1883 679 1947 de
695 1885 881 1967 possessione
904 1885 1023 1966 recepti.
1049 1882 1151 1967 Super
1172 1882 1297 1967 apendis
1320 1889 1347 1946 et
1369 1883 1500 1946 utilitate
1526 1880 1672 1966 Capituli,
1696 1901 1789 1966 pacem
1811 1883 1938 1945 scienter
1960 1904 2022 1946 narr
2045 1886 2137 1968 inpe-

322 1993 423 2075 diam,
447 1992 630 2076 requisitas,
655 1991 736 2075 qaod
758 1991 855 2075 mapis
879 1991 953 2054 utile
984 1990 1106 2053 credam
1137 1990 1295 2052 emesilium
1324 1987 1410 2053 dabo.
1435 1989 1571 2052 Scienter
1593 2009 1655 2052 non
1680 1987 1837 2070 fraudabo
1862 1987 2055 2073 Capitulum,
2078 1993 2138 2056 siue

321 2099 454 2183 offitium
476 2097 617 2180 babeam,
640 2100 701 2162 sicu
723 2117 796 2160 reon.
821 2097 871 2162 De
901 2099 939 2160 iis
970 2118 1028 2182 que
1050 2098 1168 2160 uenient
1190 2096 1233 2159 ad
1255 2116 1367 2160 manus
1389 2115 1472 2159 oreas
1487 2116 1549 2180 pra
1576 2094 1726 2179 Capitulo,
1750 2096 1796 2159 uel
1817 2096 1860 2160 ad
1885 2095 2138 2162 Communitatem

314 2209 473 2291 pertinent
495 2206 541 2269 uel
557 2204 766 2290 pertinebunt,
790 2205 895 2268 literas
917 2227 937 2268 a
964 2203 1062 2267 Curia
1084 2224 1220 2292 romana
1237 2209 1344 2266 aratra
1365 2201 1418 2267 bec
1443 2201 1586 2286 Capitale
1610 2223 1672 2266 eron
1694 2201 1870 2287 impetrabo,
1894 2225 1947 2268 nec
1969 2206 2138 2289 inpetratis

321 2321 404 2378 utar.
429 2311 562 2376 Nullum
586 2312 710 2376 electum
733 2319 760 2374 et
782 2311 996 2394 confirmatum
1018 2312 1052 2374 ia
1078 2309 1267 2374 Canopicum
1289 2309 1451 2373 admittam
1473 2309 1516 2372 ad
1532 2311 1755 2393 perceptionem
1778 2308 1914 2394 beneficij
1941 2312 1987 2375 uel
2012 2313 2138 2376 consilia

324 2420 469 2505 Capituli,
485 2420 547 2482 nisi
566 2420 668 2503 prima
682 2418 841 2501 juraverit
863 2418 905 2481 od
927 2425 1031 2481 sancta
1055 2416 1223 2501 licanpelio
1247 2418 1350 2479 munia
1373 2424 1400 2481 et
1422 2417 1545 2500 sinpula
1563 2416 1704 2499 predicta
1727 2415 1872 2500 Capitale
1897 2417 2062 2484 obseruare.
2088 2418 2138 2484 Sic

321 2550 368 2593 rae
391 2528 477 2592 Deus
506 2527 628 2610 adjacet
651 2534 678 2590 et
699 2526 751 2590 bec
778 2533 883 2590 sancta
915 2525 1095 2610 Eneapelia.
1121 2524 1296 2588 Secundam
1321 2527 1525 2608 prescriptam
1553 2525 1690 2606 formam
1715 2525 1889 2608 prescripta
1922 2524 2065 2610 Capitula
2080 2528 2137 2610 ju-

321 2641 468 2699 rocerunt
491 2633 734 2717 Arelapresbiter
757 2639 784 2698 et
805 2633 924 2718 sinpuli
938 2634 1121 2717 prescripti,
1140 2630 1333 2715 presentibus
1355 2631 1579 2694 Arcleidiacono
1606 2631 1755 2694 antedicto
1778 2638 1804 2694 et
1830 2632 1901 2696 aliis
1923 2635 2139 2718 suprascriptis

320 2743 471 2806 uniuersis
494 2765 524 2803 ›.

409 2848 528 2911 Actum
551 2847 584 2909 in
608 2847 739 2911 civitate
761 2845 907 2911 Bononia
931 2847 964 2910 in
989 2847 1144 2911 canonica
1168 2848 1270 2911 sancti
1294 2846 1393 2927 Petri,
1412 2845 1443 2908 iu
1469 2867 1596 2908 camera
1620 2845 1696 2909 dicti
1712 2845 1953 2928 Archidiacoui,
1970 2867 2055 2911 anno
2071 2847 2137 2912 Do-

320 2955 398 3018 mini
422 2953 592 3018 millesimo
616 2953 835 3017 ducentesimo
859 2953 1016 3038 vigesimo
1038 2955 1153 3040 primo,
1178 2954 1229 3017 die
1253 2954 1365 3038 quinta
1388 2959 1527 3016 exeunte
1552 2974 1661 3016 mense
1684 2952 1824 3038 augusti,
1845 2953 2018 3017 indictione
2042 2976 2137 3018 noua.

409 3061 480 3146 Ego
504 3059 640 3124 Albinus
662 3060 754 3123 Petri
777 3060 902 3142 Albici,
927 3061 1130 3146 imperatoris
1154 3060 1301 3124 Federioi
1325 3059 1487 3141 notarius,
1512 3059 1572 3121 hiis
1598 3059 1744 3123 omuibus
1768 3060 1909 3141 interfui,
1930 3067 1962 3122 et
1986 3062 2138 3126 mandato

320 3168 396 3232 dicti
420 3167 542 3231 domini
565 3166 794 3231 Archidiacoui
819 3175 850 3230 et
873 3167 950 3231 dicti
973 3166 1094 3230 domiui
1118 3165 1390 3252 Archipresbiteri
1414 3171 1446 3228 et
1469 3173 1648 3229 ceterorum
1672 3165 1888 3251 predictorum
1913 3168 2139 3231 cauorricorum

321 3275 443 3360 scripsi.

410 3381 471 3462 (L.
489 3381 511 3460 †
529 3379 576 3462 S.)
600 3380 672 3466 Ego
694 3380 881 3444 Bernartius
905 3380 989 3444 filius
1013 3381 1235 3444 Benceveuuis
1260 3380 1477 3465 Boninsegne,
1495 3379 1655 3465 imperiali
1672 3380 1862 3444 auctoritate
1879 3381 2033 3462 notarius,
2051 3387 2086 3444 ut
2105 3381 2138 3444 in

318 3488 462 3575 predicto
487 3487 700 3551 instrumento
725 3487 844 3570 inveni,
870 3487 915 3550 ita
938 3509 995 3573 per
1020 3488 1165 3551 ordinem
1188 3487 1326 3550 fideliter
1350 3487 1544 3573 exemplavj.

1173 3807 1285 3871 XXII.

1058 4022 1155 4104 1221,
1183 4023 1201 4084 1
1226 4020 1404 4085 noucnebris.

845 4234 917 4298 Iam
942 4235 975 4299 in
999 4234 1132 4298 archivo
1157 4234 1260 4320 Capit.
1284 4233 1421 4320 Metrop.
1447 4234 1617 4298 bonoad)

411 4448 478 4511 Nos
495 4448 650 4534 magister
667 4447 792 4530 Gratia,
809 4448 1066 4512 Archidiaconus
1083 4456 1115 4512 et
1131 4448 1152 4512 J
1155 4448 1241 4512 udcx
1257 4447 1518 4534 Archipresbiter
1541 4447 1758 4529 bononiensis,
1783 4448 1985 4533 presentibus
2009 4455 2041 4512 et
2066 4470 2140 4512 eon·

322 4555 533 4618 sentientibus
554 4554 709 4619 iratribus
726 4555 843 4618 uostris
861 4555 1031 4619 Canonicis
1048 4555 1310 4637 bononiensibus,
1327 4556 1507 4641 presbitero
1523 4555 1698 4618 Lamberto
1717 4553 1878 4640 quondam
1896 4553 2142 4620 sacristariam

321 4663 470 4726 universe
502 4662 607 4725 carnis
640 4661 803 4747 ingresso,
828 4663 867 4727 de
899 4663 1046 4727 sacristia
1070 4662 1174 4727 sancti
1196 4662 1286 4726 Petri
1310 4669 1466 4726 statutum
1490 4663 1624 4725 fecimus
1649 4683 1775 4748 semper
1800 4663 2009 4747 imposterum
2033 4663 2141 4727 obser-

321 4769 481 4852 uandum3
506 4769 672 4852 videlicet,
698 4769 783 4855 quod
807 4769 848 4834 ad
872 4770 1050 4834 custodiam
1075 4778 1107 4833 et
1130 4770 1408 4834 conservationem
1432 4771 1585 4856 precipue
1610 4769 1894 4832 instrumentorum
1918 4790 2000 4832 unus
2025 4769 2064 4834 de
2088 4792 2140 4833 ca-

322 4875 444 4939 nouicis
468 4898 594 4961 semper
618 4877 659 4939 sit
684 4876 844 4959 Sacrista,
868 4898 933 4940 nou
964 4877 1005 4940 ad
1038 4899 1158 4940 annum
1189 4877 1246 4941 sed
1276 4883 1469 4962 perpetuus,
1494 4884 1526 4939 et
1556 4875 1698 4940 Sacrista
1729 4875 1784 4961 qui
1816 4876 1876 4938 erit
1907 4897 1965 4961 pro
1997 4882 2141 4962 tempore

322 4982 458 5067 accipiat
482 4988 514 5046 et
538 4983 658 5046 habeat
681 4982 760 5047 duos
785 4984 968 5047 sacerdotes
992 4984 1075 5047 bone
1101 4984 1260 5069 opinionis
1283 4984 1316 5046 iu
1341 4983 1444 5048 officio
1468 4983 1663 5067 baptisterii,
1688 4988 1720 5046 et
1744 4981 1785 5045 ad
1809 4982 1890 5044 alias
1923 4982 2078 5047 utilitates
2110 4991 2142 5047 et

322 5089 529 5152 necessitates
562 5089 703 5176 Capituli
729 5113 848 5172 utrum,
872 5091 943 5154 loco
966 5090 1102 5176 predicti
1125 5090 1296 5176 presbiteri
1324 5090 1490 5154 Lamberti
1520 5096 1553 5153 et
1584 5090 1683 5153 alium
1713 5111 1771 5174 pro
1804 5089 1985 5152 reverentia
2015 5088 2143 5153 Alfredi

322 5243 498 5259 ......
524 5197 686 5281 quondam
709 5197 872 5283 Episcopi,
889 5220 947 5284 pro
972 5199 1063 5282 cujus
1088 5205 1120 5260 et
1144 5197 1281 5261 aliorum
1304 5197 1548 5283 Episcoporum,
1567 5197 1618 5282 qni
1643 5196 1792 5282 Capitulo
1817 5196 2055 5279 benefecerunt,
2074 5199 2141 5261 aui·

321 5302 435 5366 rnabus
464 5303 676 5389 spiritualiter
709 5326 802 5368 orare
833 5306 1033 5391 promittant.
1057 5305 1100 5369 Et
1130 5327 1188 5391 pro
1220 5305 1281 5368 hiis
1316 5305 1440 5368 duobus
1472 5304 1692 5368 sacerdotibus
1716 5310 1748 5367 ct
1772 5303 1897 5368 duobus
1929 5304 2142 5369 servientibus

321 5409 445 5474 clericis
470 5411 508 5474 ad
535 5411 731 5495 sacristiam,
758 5412 900 5476 Sacrista
924 5413 1044 5476 habeat
1067 5420 1100 5475 et
1130 5412 1268 5497 accipiat
1299 5412 1453 5476 victualia
1484 5411 1524 5474 de
1556 5411 1685 5475 comuni
1716 5411 1747 5474 in
1779 5432 1864 5497 pane
1888 5419 1920 5474 et
1944 5411 2037 5494 vino,
2062 5413 2144 5477 sicut

321 5517 443 5583 habent
467 5527 499 5582 ct
523 5519 686 5605 accipiunt
711 5520 882 5602 Canonici3
899 5520 1021 5583 scilicet
1037 5541 1075 5584 eo
1099 5519 1150 5582 die
1175 5540 1237 5604 quo
1259 5519 1455 5604 jejunabunt
1478 5519 1661 5582 sacerdotes
1681 5518 1827 5605 predicti,
1845 5519 1983 5604 accipiat
2000 5519 2142 5584 Sacrista

322 5631 354 5688 et
377 5625 498 5689 habeat
520 5649 579 5712 pro
604 5627 650 5690 eis
675 5633 802 5690 tantum
825 5635 890 5690 tres
914 5649 1025 5713 panes.
1051 5626 1167 5690 Cetera
1190 5649 1267 5690 vero
1295 5627 1449 5690 victualia
1473 5626 1611 5712 accipiat
1634 5633 1668 5690 et
1690 5625 1810 5690 habeat
1834 5647 1891 5711 pra
1916 5626 2067 5711 predictis
2092 5649 2142 5690 sa·

323 5732 507 5797 cerdatibus
531 5741 563 5798 et
587 5733 801 5798 servientibus
826 5734 1063 5820 aliquantulum
1087 5733 1120 5797 in
1143 5734 1258 5798 minori
1283 5735 1463 5819 quantitate
1492 5755 1588 5819 quam
1612 5732 1879 5798 Canonici.Cu1n
1902 5754 1980 5797 vero
2004 5733 2036 5796 in
2060 5735 2143 5798 cella

321 5839 433 5902 sinum
455 5862 519 5904 uon
535 5841 632 5905 luerit
657 5842 696 5905 de
720 5841 858 5923 cornuui,
877 5841 1019 5905 Sacrista
1042 5863 1100 5927 pro
1124 5841 1202 5926 ipsis
1226 5840 1447 5904 sacerdotibus
1472 5847 1504 5904 et
1526 5840 1740 5904 servientibus
1756 5840 1891 5926 recipiat
1912 5862 1931 5903 a
1949 5839 2142 5906 Camerariis

322 5946 432 6009 siurim
456 5947 506 6010 rel
538 5949 789 6033 equivalentiam
821 5955 1066 6034 competentem.
1090 5947 1222 6012 Habeat
1253 5967 1379 6032 quoque
1409 5968 1447 6010 ac
1474 5947 1632 6033 percipiat
1661 5947 1804 6011 sacrista
1835 5947 1970 6032 singulis
2000 5947 2092 6010 anuis
2123 5970 2142 6011 a

323 6051 517 6118 Camerariis
553 6055 694 6142 Capituli
728 6056 771 6140 vj.
799 6056 898 6120 libras
929 6055 1162 6120 bouoninorum
1195 6077 1253 6141 pro
1285 6055 1429 6118 restibus
1460 6055 1618 6119 dictorum
1651 6055 1870 6137 sacerdotum,
1895 6055 1941 6138 iij.
1974 6055 2074 6118 libras
2109 6057 2142 6119 in

403 6321 443 6384 (1)
463 6321 496 6372 In
516 6321 657 6390 margine:
676 6337 691 6370 u
712 6321 783 6372 Nota
802 6324 908 6387 fractas
922 6323 1124 6390 prebendarum
1145 6339 1197 6374 reon
1212 6323 1399 6389 percipiendos
1414 6339 1466 6389 per
1484 6338 1536 6373 aori
1557 6324 1696 6374 emacules
1714 6322 1744 6372 ia
1762 6321 1850 6372 sacris
1869 6338 1893 6372 a.

403 6411 442 6475 (2)
462 6409 662 6462 Documentum
683 6411 743 6477 hoc,
756 6411 784 6462 in
802 6412 912 6463 archivo
932 6412 1052 6482 Capituli
1071 6411 1186 6480 Metrop.
1205 6413 1303 6463 bonon.
1323 6412 1471 6480 praeterito
1492 6413 1602 6464 sacculo
1622 6415 1804 6474 asservatum,
1824 6425 1896 6461 nune
1917 6427 1966 6463 neo
1986 6412 2014 6462 in
2033 6411 2079 6463 illo
2100 6429 2142 6464 ar·

323 6499 410 6564 chiro,
430 6515 480 6551 neo
499 6499 573 6552 inter
591 6504 654 6552 acta
674 6501 794 6552 eiusdem
814 6499 943 6569 Capituli,
962 6517 1032 6571 quae
1051 6505 1175 6571 prostant
1194 6503 1221 6552 in
1242 6501 1351 6553 archivo
1370 6501 1499 6566 Maximo,
1520 6501 1641 6552 invenire
1660 6499 1745 6568 potui.
