5492 7750
574 652 594 720 6
1209 669 1258 717 00
1287 667 1419 716 raons
1447 665 1746 716 orruovnmccro

571 825 696 922 capitis
725 825 892 896 damnato
922 849 943 896 a
971 825 1109 896 100000
1139 824 1271 896 Slortia
1300 821 1510 920 Pandulpho
1540 821 1779 918 Collenuccio,
1809 847 1830 895 a
1859 847 1927 919 quo
1957 832 2052 894 certe
2081 821 2236 894 Thomas
2265 831 2385 895 noster

569 959 707 1022 tantam
736 951 899 1022 fortunae
928 949 1197 1046 perversitatem
1218 973 1282 1046 pro
1303 947 1435 1020 viribus
1455 955 1616 1019 avertere
1637 955 1785 1020 conatus
1804 947 1936 1043 fuerat,
1957 947 2147 1019 liberorum
2168 947 2243 1044 ejus
2263 947 2384 1019 delen-

570 1077 715 1169 sionem,
737 1099 866 1169 magna
886 1075 994 1146 animi
1022 1073 1232 1168 constantia,
1255 1073 1421 1170 suscepit,
1451 1098 1495 1144 ne
1524 1072 1591 1169 ipsi
1619 1097 1758 1169 quoque
1788 1071 1940 1145 Ssortiae
1970 1072 2050 1144 odio
2077 1073 2112 1143 in
2142 1071 2383 1144 Collenuccios

570 1201 725 1272 nondum
754 1201 912 1274 extincto
941 1201 1235 1298 opprimerentur.
1258 1198 1348 1271 Cum
1376 1199 1485 1294 igitur
1512 1199 1556 1270 ob
1585 1198 1677 1270 hanc
1705 1223 1848 1271 causam
1871 1197 2110 1270 abalienatum
2130 1223 2151 1270 a
2171 1222 2207 1270 00
2227 1197 2384 1270 animum

570 1325 719 1397 «1000010
750 1324 901 1397 Stortiae
930 1323 1162 1420 intelligeret,
1193 1324 1298 1396 rebus
1327 1322 1399 1395 suis
1428 1321 1611 1412 consulere
1640 1322 1829 1417 cogitavit,
1860 1347 1901 1394 ac
1940 1347 2024 1394 usus
2062 1329 2260 1419 opportune
2288 1345 2383 1394 oom-

571 1450 795 1523 mcndatione
824 1449 910 1522 Julii
938 1449 988 1521 II.
1010 1447 1191 1521 Pontificis
1219 1445 1423 1519 Maximi(¹)
1443 1447 1537 1544 apud
1567 1441 1796 1520 Franciscum
1824 1447 1976 1520 Mariam
2003 1447 2055 1542 1.,
2081 1446 2210 1518 Urbini
2237 1447 2381 1543 ducem,

570 1574 744 1672 pontificis
773 1574 893 1646 fratris
921 1573 1050 1669 filium,
1081 1572 1236 1645 oblatam
1274 1571 1340 1644 sibi
1377 1571 1530 1666 Eugubii
1568 1571 1830 1668 praefecturam
1866 1572 2031 1669 suscepit.
2062 1571 2206 1644 Interea
2242 1579 2382 1644 mortua

570 1699 764 1772 Catharina
789 1723 911 1794 uxore,
933 1699 1009 1795 ejus
1028 1697 1261 1794 haereditate,
1283 1705 1318 1769 et
1342 1695 1460 1794 paullo
1479 1705 1560 1794 post
1584 1695 1653 1768 alia
1676 1696 1856 1768 Francisci
1875 1696 1984 1792 Bezii,
2006 1695 2232 1792 (latbarinae,
2254 1695 2381 1791 vitrici,

569 1824 702 1921 potitus
731 1832 795 1896 est.
826 1823 961 1920 Opibus
993 1823 1042 1895 sic
1080 1823 1214 1918 auctis,
1244 1821 1393 1894 alteram
1430 1846 1578 1893 uxorem
1616 1821 1718 1892 duxit
1747 1819 1972 1918 Apolloniam
2002 1821 2044 1894 de
2073 1821 2233 1917 Angelis,
2259 1828 2379 1894 natam

568 1949 771 2044 Augustino
799 1949 842 2020 de
872 1947 1033 2042 Angelis,
1055 1947 1184 2020 celebri
1212 1947 1402 2020 admodum
1430 1945 1639 2043 philosopho
1667 1953 1702 2017 et
1730 1944 1839 2018 nobili
1867 1946 2075 2042 pisaurensi.
2095 1945 2250 2041 Eugubii
2279 1970 2381 2043 prae-

567 2075 705 2147 fectura
734 2074 875 2169 egregie
905 2073 1087 2167 absoluta,
1115 2073 1302 2144 Pisaurum
1331 2095 1518 2166 reversus,
1547 2070 1583 2142 in
1612 2070 1712 2142 varia
1739 2069 1845 2167 hujus
1885 2070 2038 2142 civitatis
2076 2071 2219 2143 fortuna
2255 2071 2305 2143 ita
2344 2095 2381 2142 se

567 2198 695 2294 gessit,
726 2209 765 2270 ut
794 2223 933 2295 semper
969 2197 1093 2294 optimi
1121 2196 1207 2269 civis
1235 2203 1355 2294 partes
1384 2195 1592 2292 expleverit.
1624 2195 1692 2268 Sed
1721 2203 1841 2268 tamen
1870 2197 2053 2268 turbarum
2083 2192 2272 2292 aliquando
2300 2219 2380 2292 per-

568 2335 699 2418 taesus,
716 2323 888 2396 Venetias
916 2347 953 2395 se
982 2322 1115 2419 recepit
1135 2346 1228 2394 anno
1247 2320 1466 2414 nrnxvss,
1487 2328 1526 2392 ut
1552 2320 1783 2417 conjectando
1804 2319 1929 2392 statuit
1950 2319 2164 2392 clarissimus
2184 2319 2380 2416 Oliverius3

569 2461 675 2546 atque
704 2449 739 2520 in
759 2473 801 2520 ea
821 2448 965 2520 civitate
986 2446 1045 2518 diu
1066 2447 1191 2518 studiis
1212 2453 1247 2518 et
1267 2444 1388 2518 amicis
1407 2445 1509 2540 vixit,
1530 2445 1673 2540 scilicet,
1695 2470 1806 2541 usque
1827 2445 1871 2516 ad
1892 2444 1995 2516 finem
2015 2445 2098 2518 anni
2116 2444 2377 2542 MDXXXH,

569 2575 604 2647 in
639 2573 737 2646 libris
773 2573 866 2644 enim
899 2571 1134 2645 Consiliorum
1173 2570 1326 2643 civitatis
1363 2570 1504 2642 Pisauri
1540 2570 1584 2642 ad
1624 2570 1715 2640 diem
1743 2569 1848 2642 VIII.
1873 2570 2067 2642 decembris
2100 2569 2192 2642 illius
2221 2571 2380 2642 0001010

568 2700 717 2796 legitur:
746 2725 764 2766 ‹<
784 2698 957 2770 Dominus
985 2696 1141 2769 Thomas
1170 2696 1213 2768 de
1242 2695 1453 2768 Plovatatiis
1478 2694 1581 2766 modo
1602 2719 1766 2766 reversus
1786 2695 1821 2765 in
1841 2694 1994 2791 patriam
2013 2719 2121 2768 causa
2139 2695 2324 2769 habitandi
2343 2720 2378 2768 a.

566 2825 692 2897 Scdem
721 2823 872 2921 amplius
901 2847 972 2895 non
1000 2821 1152 2894 mutavit
1180 2819 1489 2917 Diplovataccius,
1515 2826 1550 2890 ct
1579 2819 1694 2915 quoad
1731 2818 1821 2890 vixit
1858 2819 1999 2892 Pisauri
2027 2819 2112 2914 fuit,
2143 2820 2203 2892 ubi
2230 2819 2379 2917 publicis

565 2951 771 3022 muneribus
799 2973 870 3021 000
898 2948 972 3020 0100
1002 2947 1146 3042 egregia
1174 2946 1356 3018 doctrinae
1385 2953 1420 3016 et
1449 2944 1663 3038 integritatis
1691 2943 1795 3016 laude
1823 2944 1976 3018 vacavit.

674 3075 722 3147 X.
753 3075 860 3146 Anno
893 3071 1191 3145 MDXXXVIII.
1218 3070 1357 3165 integra
1392 3069 1508 3142 adhuc
1544 3068 1768 3164 valetudine,
1795 3077 2046 3142 testamentum
2075 3069 2250 3165 condidit,
2281 3071 2380 3167 cujus

566 3209 736 3296 excerpta
763 3198 821 3270 hic
856 3198 999 3291 damus,
1030 3205 1069 3268 ut
1107 3220 1197 3292 quae
1226 3195 1407 3291 hucusque
1438 3194 1480 3266 dc
1508 3193 1776 3291 Diplovataccio
1807 3194 1902 3266 dicta
1930 3204 2031 3289 sunt,
2057 3194 2379 3290 confirmationem,

443 3328 449 3338 '
564 3326 740 3418 habeant,
771 3332 806 3396 et
835 3347 925 3420 quae
955 3322 998 3394 de
1027 3321 1102 3417 ipso
1132 3320 1272 3417 scripsit
1301 3318 1551 3416 Papadopolus
1580 3319 1695 3391 adhuc
1722 3318 1888 3391 falsitatis
1916 3329 2124 3414 arguantur.

653 3570 692 3634 In
717 3569 838 3634 Christi
860 3568 1011 3650 Nomine,
1035 3589 1139 3631 amen.

655 3677 860 3742 Clarissimus
881 3675 963 3759 juris
993 3674 1158 3759 utriusque
1187 3673 1298 3737 doctor
1326 3672 1473 3736 dominus
1497 3671 1638 3736 Thomas
1662 3672 1701 3735 (10
1724 3672 1939 3736 Plovatncciis
1963 3671 2138 3736 Melinochi
2161 3673 2378 3738 constantino·

564 3787 737 3873 politanus,
763 3784 841 3847 civis
865 3782 1008 3864 Pisauri,
1033 3803 1130 3845 sanus
1154 3787 1213 3844 010.
1238 3779 1276 3843 In
1302 3780 1423 3865 primis,
1442 3779 1570 3865 quando
1591 3779 1652 3842 sibi
1676 3780 1757 3844 mori
1780 3779 1960 3864 contigerit,
1982 3779 2113 3864 reliquit
2137 3801 2252 3865 corpus
2276 3802 2379 3864 suum,

564 3893 694 3980 sepeliri
718 3892 750 3954 10
775 3889 911 3954 00010010
935 3889 1038 3953 000011
1061 3887 1237 3973 Augustini
1259 3887 1298 3950 de
1322 3887 1474 3969 Pisauro,
1498 3893 1531 3950 et
1553 3908 1612 3972 per
1635 3886 1875 3972 infrascriptum
1898 3887 1969 3970 ejus
1992 3885 2165 3950 haeredem
2188 3887 2257 3950 fieri
2279 3909 2379 3952 unum

563 4001 747 4087 sepulcrum
778 4018 1012 4078 marmoreum,
1038 3997 1157 4081 inquo
1188 3995 1305 4058 debeat
1334 3994 1516 4080 expendere
1541 4001 1648 4058 scutos
1673 3994 1907 4080 quinquaginta
1930 3999 1962 4056 et
1985 3994 2074 4078 plus,
2098 4001 2195 4079 prout
2218 3994 2379 4059 ridebitur

565 4110 650 4172 dicto
675 4129 732 4170 suo
757 4104 889 4170 haeredi
912 4110 944 4168 et
967 4102 1281 4186 fideicommissariis,
1296 4103 1392 4186 juxta
1417 4103 1519 4165 altaro
1543 4101 1688 4187 capellae
1705 4123 1729 4165 0.
1746 4100 1880 4165 Nicolae
1897 4101 1937 4164 de
1954 4100 2135 4184 Tolentino,
2153 4101 2207 4164 ubi
2223 4101 2381 4186 placuerit

563 4217 649 4280 dicto
673 4213 805 4278 haeredi
829 4220 861 4276 et
876 4210 1205 4294 fideicommissariis,
1229 4231 1302 4274 cum
1325 4208 1467 4294 imagine
1491 4229 1672 4272 marmorea
1696 4209 1795 4295 ipsius
1819 4209 1981 4272 testatoris
2006 4209 2147 4294 sculpta,
2172 4214 2204 4272 et
2227 4208 2255 4271 si
2278 4210 2377 4274 conti-

563 4323 647 4408 gerit
672 4321 752 4385 mori
776 4326 869 4383 extra
894 4319 1057 4382 civitatem
1080 4316 1218 4399 Pisauri,
1233 4317 1330 4400 jussit
1354 4336 1470 4401 corpus
1493 4336 1587 4378 suum
1610 4315 1725 4380 deduci
1748 4322 1780 4378 et
1804 4315 1969 4400 exportari
1991 4315 2175 4398 Pisaurum,
2192 4322 2223 4379 01
2244 4317 2321 4402 0001
2343 4317 2375 4380 10

563 4429 744 4516 depositum
769 4428 801 4490 in
824 4426 910 4490 (11010
935 4425 1081 4506 00010010,
1098 4430 1130 4488 01
1153 4423 1269 4487 deinde
1292 4423 1369 4508 0001
1393 4423 1425 4485 10
1449 4423 1596 4508 sepulcro
1621 4422 1830 4506 aedificando,
1848 4423 1876 4486 si
1899 4422 2103 4486 aedificatum
2126 4443 2190 4487 non
2207 4423 2304 4487 fuerit
2318 4446 2376 4509 000

564 4538 683 4601 dictum
708 4541 913 4615 testatorem,
930 4532 983 4596 cui
999 4531 1142 4617 capellae
1167 4552 1192 4594 s.
1209 4530 1344 4594 Nicolae
1368 4529 1497 4615 reliquit
1521 4531 1658 4594 florenos
1681 4535 1745 4594 tres
1769 4530 1904 4614 singulis
1929 4529 2021 4593 annis
2038 4536 2185 4594 monetae
2201 4531 2318 4594 0010010
2335 4532 2375 4594 ad

562 4644 720 4709 rationem
744 4641 987 4706 Bononinorum
1012 4638 1227 4725 quadraginta
1250 4659 1309 4723 pro
1333 4637 1460 4723 singulo
1485 4639 1623 4719 floreno;
1648 4637 1709 4700 hac
1742 4637 1924 4701 conditione
1948 4617 2111 4722 apposita,
2137 4637 2222 4721 quod
2246 4637 2377 4702 Fratres

562 4752 667 4816 dictae
692 4749 858 4831 ccclesiae,
884 4748 940 4833 qui
962 4769 1020 4833 pro
1044 4754 1188 4832 tempore
1212 4746 1341 4828 1000101,
1367 4744 1524 4810 celebrari
1547 4744 1667 4808 faciant
1691 4744 1866 4808 solemnem
1890 4744 2021 4807 missam
2043 4744 2076 4806 iu
2100 4744 2185 4808 (11010
2210 4745 2319 4829 011001,
2344 4747 2376 4810 10

562 4861 649 4924 (11010
673 4857 808 4944 0000110,
834 4877 916 4941 quae
941 4861 990 4918 est
1013 4854 1113 4940 ipsius
1137 4854 1315 4935 testatoris,
1340 4853 1476 4937 singulis
1500 4852 1592 4915 annis
1616 4858 1676 4915 etc.

654 4966 736 5030 Item
759 4964 889 5048 reliquit
914 4963 987 5046 jure
1019 4960 1228 5026 institutionis
1260 4960 1408 5023 dominae
1439 4959 1642 5042 Franciscac,
1670 4960 1740 5042 ejus
1764 4958 1848 5022 filiae
1873 4958 2019 5039 dilectae,
2043 4959 2180 5021 florenos
2208 4958 2310 5025 Mos.
2335 4961 2376 5024 ad

563 5074 681 5137 dictam
698 5071 866 5152 rationem,
880 5091 960 5154 quos
983 5068 1097 5132 habuit
1118 5068 1158 5131 ab
1175 5067 1244 5154 ipso
1261 5073 1414 5130 testatore
1432 5065 1578 5129 dominus
1594 5065 1815 5129 Bernardiuus
1832 5065 1871 5128 do
1888 5064 2096 5146 Homdedeis,
2113 5066 2183 5149 ejus
2200 5087 2300 5152 gener
2315 5075 2375 5132 etc.

651 5179 735 5243 Item
758 5177 886 5262 reliquit
910 5175 1058 5240 dominae
1075 5174 1232 5257 Marinae,
1250 5175 1320 5258 ejus
1336 5173 1432 5254 filiae,
1450 5174 1587 5237 florenos
1603 5171 1725 5255 Mun,
1743 5193 1821 5257 quos
1839 5171 1961 5254 habuit,
1979 5180 2122 5257 tempore
2138 5174 2294 5238 contracti
2310 5196 2376 5238 ma-

564 5287 705 5351 trimonii
729 5308 802 5350 oum
826 5284 954 5349 domino
978 5282 1168 5347 Homdedeo
1193 5282 1232 5346 de
1255 5281 1465 5363 Homdedeis,
1489 5280 1636 5344 dominus
1659 5279 1851 5344 Franciscus
1875 5280 1913 5343 de
1939 5279 2137 5344 Homdedeis
2159 5288 2251 5366 pater
2275 5290 2334 5346 eto.

651 5395 734 5458 Item
758 5392 889 5478 reliquit
912 5390 1116 5477 Apolloniae,
1141 5391 1211 5474 ejus
1235 5389 1325 5475 nepti
1349 5395 1381 5452 01
1403 5389 1489 5452 filiae
1512 5387 1703 5471 Alexandri,
1721 5387 1797 5450 dicti
1820 5387 1983 5451 testatoris
2007 5388 2075 5472 filii,
2095 5389 2232 5452 florenos
2256 5388 2375 5473 Mau,

563 5524 643 5588 quos
668 5501 781 5564 habuit
804 5507 902 5564 0100
926 5498 1054 5562 domino
1079 5497 1251 5561 Francisco
1276 5497 1314 5560 de
1339 5495 1538 5561 Homdedeis
1561 5516 1619 5581 pro
1644 5495 1771 5559 dotibus
1792 5493 2376 5580 (10001000111000000000,0000111100

562 5618 594 5674 et
618 5609 729 5673 matris
753 5608 857 5671 dictae
882 5605 1075 5692 Apolloniae
1100 5611 1159 5668 010.
1195 5607 1197 5613 ’

653 5715 735 5779 Suos
761 5720 868 5776 autem
892 5709 1204 5775 fideicommissarios
1228 5717 1287 5773 etc.
1312 5708 1477 5772 dominum
1499 5708 1708 5772 Franciscum
1731 5707 1770 5771 de
1794 5706 2375 5796 11000101οἰ00100001000(Βο0000-

562 5823 672 5887 dinum
697 5823 735 5886 dc
759 5819 969 5900 Homdedeis,
994 5819 1064 5901 ejus
1089 5838 1254 5902 generum,
1279 5823 1311 5880 et
1334 5816 1499 5880 dominum
1521 5815 1724 5880 Bernardum
1747 5814 1945 5895 hIonaldurn,
1970 5814 2040 5897 ejus
2064 5815 2221 5879 sororium
2243 5823 2303 5879 010.
2357 5841 2361 5850 ’

651 5929 733 5993 Item
758 5926 923 6015 praecepit
945 5923 1145 6006 Alexandro,
1167 5925 1237 6008 ejus
1261 5923 1337 6005 filio,
1355 5921 1497 6004 hacredI,
1522 5928 1553 5986 et
1578 5921 1643 5985 suis
1665 5921 1739 5984 filiis
1763 5929 1795 5984 01
1818 5919 2021 6002 haeredibus,
2044 5921 2129 6006 quod
2151 5943 2216 5985 000
2239 5921 2378 5986 debeant

562 6038 749 6123 dispensare
774 6057 833 6099 noc
857 6033 996 6098 vendere
1021 6053 1079 6096 nec
1103 6037 1266 6114 mutuare,
1291 6037 1324 6094 et
1347 6030 1407 6094 hoc
1440 6029 1499 6092 sub
1530 6050 1635 6115 poena
1663 6028 1912 6113 indignationis,
1936 6027 2035 6091 libros
2066 6028 2166 6113 ipsius
2197 6030 2375 6113 testatoris,

641 6379 679 6440 (1)
700 6376 716 6425 J
721 6393 764 6426 nur
784 6374 819 6426 ab
839 6389 909 6424 anno
928 6369 1032 6422 MDVI.
1047 6369 1165 6421 Thomas
1184 6368 1335 6420 Bononiam
1355 6367 1503 6436 profectus,
1517 6370 1607 6417 orator
1627 6367 1660 6417 nd
1675 6367 1779 6418 dulium
1800 6365 1961 6417 Pontificem
1981 6382 2029 6434 pro
2043 6365 2149 6418 ι100000
2169 6365 2279 6431 8100110,
2293 6367 2377 6435 ipsius

561 6469 701 6521 l'ontificis
721 6466 836 6533 gratiam
857 6468 884 6516 et
904 6461 1110 6514 extimationem
1130 6460 1236 6512 inierat.
