5484 7746
636 621 711 692 250
1420 642 1659 692 nouuusarn

633 797 701 858 sine
733 803 788 859 tna
819 796 871 860 vel
904 817 1032 878 eornm,
1058 795 1112 880 qui
1135 803 1208 881 pest
1239 803 1269 858 te
1300 795 1331 857 in
1356 795 1468 859 eodem
1501 795 1656 879 regimine
1688 797 1913 878 successerint,
1938 803 1994 860 ant
2026 797 2094 860 sine
2123 798 2249 860 comuni
2277 820 2452 884 congrega-

632 903 727 966 tionis
750 903 878 968 licentia
903 903 942 966 de
967 903 1107 966 claustro
1131 902 1305 967 discedere.
1330 901 1424 976 Quod
1454 903 1481 966 si
1513 903 1713 986 discesserit,
1738 911 1770 967 et
1795 905 1972 968 comonitus
1996 903 2101 968 redire
2125 907 2370 990 contempserit,
2395 907 2453 971 tibi

632 1011 759 1096 tuisque
791 1010 1028 1074 successoribus
1058 1009 1215 1073 faecultas
1247 1011 1288 1073 sit
1319 1010 1477 1093 ejusmodi
1510 1010 1645 1073 ubilibet
1678 1031 1697 1072 a
1731 1011 1797 1074 suis
1832 1011 1943 1075 officiis
1957 1011 1995 1075 ll)
2019 1012 2220 1076 interdicere.
2244 1013 2453 1078 Interdictum

631 1139 709 1182 vero
740 1118 847 1181 nullus
877 1118 1236 1203 archipresbiterorum,
1261 1139 1318 1180 scu
1350 1117 1552 1181 sacerdotum
1585 1117 1780 1182 abbatumve
1814 1119 1898 1182 infra
1928 1126 2073 1183 nostrum
2104 1121 2324 1206 episcopatum
2355 1123 2453 1186 susci·

632 1226 709 1312 piat.
736 1225 821 1288 Sane
846 1225 978 1288 clericos
1002 1224 1190 1288 seculariter
1213 1225 1358 1287 viventes
1383 1223 1423 1287 ad
1448 1225 1690 1288 conversionem
1719 1225 1882 1311 suscipere
1906 1225 2025 1289 nullius
2048 1226 2187 1290 hominis
2212 1227 2310 1291 nostri
2332 1228 2453 1314 episco-

632 1341 726 1418 patus
751 1331 942 1396 contraditio
967 1353 1024 1396 vos
1045 1331 1198 1414 inhibeat,
1217 1331 1369 1416 quamdiu
1391 1330 1513 1395 scilieet
1529 1331 1614 1417 apud
1632 1354 1689 1395 vos
1706 1333 1852 1396 canonici
1869 1333 1989 1397 ordinis
2005 1341 2107 1414 tenor,
2125 1333 2263 1398 Domino
2278 1343 2452 1420 prestante,

631 1440 781 1524 vignerit.
805 1438 907 1503 Porro
932 1439 1114 1524 sepulturas
1139 1438 1281 1502 locorum
1305 1446 1486 1502 vestrorum
1510 1439 1638 1503 omnino
1663 1439 1782 1504 liberas
1806 1461 1876 1503 esse
1898 1441 2067 1524 jubemus,
2092 1448 2127 1504 ut
2156 1463 2281 1524 eorum,
2306 1443 2361 1527 qui
2389 1442 2454 1507 illic

633 1547 763 1633 sepeliri
787 1568 820 1610 se
845 1546 1105 1628 deliberaverint,
1130 1545 1293 1609 devotioni
1306 1543 1344 1608 (2)
1362 1553 1393 1608 et
1417 1554 1560 1609 extreme
1585 1547 1756 1631 voluntatj,
1774 1547 1835 1610 uisi
1859 1546 1941 1612 sorte
1964 1549 2234 1612 excommunicati
2256 1549 2329 1632 sint,
2347 1551 2453 1614 nullus

632 1654 777 1719 obsistat.
796 1651 1023 1718 Ordinationes
1049 1652 1248 1734 clericorum,
1266 1674 1284 1716 a
1301 1674 1364 1738 quo
1381 1653 1560 1716 malueritis
1584 1654 1741 1718 catholico
1759 1654 1909 1740 episcopo
1926 1655 2099 1740 suscipere,
2115 1655 2259 1720 locorum
2275 1663 2455 1720 vestrorum

632 1761 786 1825 fratribus
811 1761 1043 1846 permittimus,
1068 1759 1119 1822 vel
1143 1781 1215 1824 cum
1240 1759 1425 1845 episcopum
1457 1781 1518 1823 nen
1551 1759 1648 1824 habet
1675 1761 1882 1824 bononiensis
1903 1760 2066 1844 Ecclesia,
2092 1762 2144 1826 vel
2168 1783 2262 1847 quem
2285 1763 2453 1847 habuerit,
2532 1796 2535 1803 ,

632 1876 757 1934 constet
781 1890 845 1932 non
868 1889 938 1930 esse
963 1867 1167 1931 catholicum.
1190 1867 1362 1930 Laicornm
1379 1868 1476 1930 etiarn
1495 1868 1595 1931 nostri
1611 1867 1815 1954 episcopatus
1832 1869 2078 1954 susceptionem,
2103 1869 2145 1933 ad
2161 1869 2349 1956 disciplinae
2365 1871 2453 1934 vide-

631 1977 707 2040 licet
730 1975 890 2060 regularis
921 1975 1168 2056 consersionem,
1193 1973 1254 2037 nisi
1285 1973 1368 2037 forte
1400 1973 1559 2057 legalibus
1583 1974 1819 2038 conditionibus
1843 1982 2014 2038 teneantur
2038 1976 2179 2058 obnoxii,
2204 1997 2223 2039 a
2250 1976 2339 2040 nullo
2363 1977 2455 2041 vobis

632 2084 748 2150 clerico
781 2083 848 2146 sive
876 2083 958 2146 laico
982 2081 1196 2167 permittimus
1219 2080 1376 2162 interdici,
1401 2081 1454 2144 vel
1478 2081 1666 2146 elericorum
1691 2083 1881 2166 tonsionem,
1903 2084 1957 2169 qui
1981 2083 2174 2168 regulariter
2198 2083 2230 2146 in
2253 2084 2323 2148 loco
2347 2091 2454 2148 vestro

632 2193 740 2256 vivere
766 2212 823 2276 per
846 2189 1078 2275 professionem
1102 2188 1362 2252 deliberaverint.
1387 2188 1542 2252 Fructum
1566 2196 1675 2252 antem
1698 2197 1889 2274 vestrorum,
1908 2212 1966 2255 nec
1990 2212 2052 2254 uon
2077 2198 2108 2254 et
2128 2197 2286 2255 terrarum
2303 2191 2453 2273 decimas,

632 2320 712 2384 quas
736 2306 839 2361 terras
863 2296 999 2360 ubilibet
1021 2295 1165 2376 hebetis,
1191 2297 1259 2358 sine
1284 2295 1371 2358 omni
1395 2295 1628 2360 contraditione
1660 2296 1751 2360 vobis
1783 2297 1987 2361 concedimus
2018 2297 2218 2362 obtinendas.
2243 2297 2455 2361 Decernimus

632 2407 740 2492 igitur,
759 2413 793 2468 nt
810 2404 890 2468 nulli
907 2404 1036 2468 omnino
1060 2403 1224 2466 hominum
1249 2403 1345 2466 liceat
1369 2401 1532 2466 Ecclesiae
1556 2410 1680 2467 vestras
1704 2410 1824 2468 temere
1849 2405 1915 2469 ullo
1940 2405 2034 2468 modo
2054 2404 2253 2490 perturbare,
2271 2413 2327 2469 ent
2343 2427 2455 2469 earum

630 2512 849 2599 possessiones
873 2511 1011 2592 auferre,
1030 2509 1081 2573 vol
1105 2510 1230 2572 ablatas
1248 2510 1396 2591 retinere,
1414 2509 1568 2592 minuere,
1586 2510 1637 2573 vel
1654 2513 1833 2574 temerariis
1850 2512 2076 2575 vexationibus
2100 2510 2256 2596 t'atigare;
2275 2513 2330 2575 sed
2347 2513 2455 2575 omnia

632 2621 777 2705 integrae
802 2625 1042 2700 conserventur,
1067 2625 1098 2680 ct
1123 2617 1163 2679 ab
1188 2617 1273 2680 omni
1298 2616 1425 2680 vinculo
1450 2624 1481 2680 et
1505 2617 1687 2681 conditione
1715 2625 1812 2704 atque
1837 2619 1967 2700 tribute,
1993 2620 2075 2683 sieut
2098 2619 2245 2704 superius
2269 2619 2397 2704 legitur,
2423 2620 2455 2683 in

630 2735 823 2814 perpetuum
847 2725 1066 2788 absolvantur.
1091 2725 1125 2788 Si
1150 2725 1220 2810 quis
1246 2725 1354 2808 igitur,
1372 2724 1492 2787 decreti
1516 2725 1613 2808 hujus
1637 2732 1747 2789 tenore
1769 2725 1908 2811 cognito,
1926 2733 2055 2808 temere,
2074 2726 2160 2811 quod
2184 2726 2277 2809 absit,
2295 2728 2455 2791 contraire

631 2835 814 2916 tentaverit,
838 2834 969 2897 honoris
993 2841 1025 2896 et
1049 2832 1144 2896 officii
1168 2833 1217 2895 sui
1241 2832 1418 2917 pericnlum
1443 2833 1594 2917 patiatur,
1617 2839 1672 2896 aut
1697 2834 2036 2898 excommunicationis
2061 2834 2182 2898 ultione
2206 2834 2375 2920 plectatur,
2394 2835 2456 2898 nisi

631 2941 904 3028 presumptionem
929 2961 1020 3004 snam
1044 2939 1143 3024 digna
1167 2938 1387 3002 satisfactione
1412 2939 1597 3002 eorrexerit.
1765 2941 1880 3003 Amen.
2051 2939 2166 3004 Amen.
2336 2940 2455 3006 Amen.

634 3138 767 3218 (Rotnlc
783 3138 805 3218 †
821 3137 1027 3221 epiacrpmlis).
1075 3136 1145 3220 Ego
1163 3135 1324 3200 chricus
1341 3135 1577 3199 Bonncniensis
1597 3135 1776 3221 Episcopus
1794 3157 1865 3199 mea
1882 3157 1978 3201 manu
1992 3136 2115 3222 scripsi.
2199 3129 2213 3246 (

2216 3117 2446 3243 Menocrammm)

2217 3204 2292 3239 sarva
2311 3203 2430 3239 s'nnsrs

1141 3332 1308 3396 Rodaldus
1333 3331 1578 3396 archidiaconns
1602 3353 1675 3395 mea
1698 3353 1795 3395 manu
1820 3332 1943 3418 scripsi.

1139 3440 1333 3503 Lambertus
1357 3439 1630 3524 archipbresbiter
1652 3441 1776 3524 scripsi.

1139 3546 1307 3611 Jobannes
1330 3547 1490 3632 presbiter
1513 3569 1585 3610 mea
1609 3568 1707 3610 mauu
1731 3546 1853 3632 scripsi.

1140 3653 1246 3718 Guido
1271 3654 1429 3740 presbiter
1453 3675 1525 3717 mea
1549 3675 1646 3717 mann
1670 3654 1793 3740 scripsi.

1136 3761 1267 3825 Blasius
1291 3763 1450 3847 presbiter
1474 3783 1546 3824 rnen
1570 3783 1668 3825 manu
1691 3761 1815 3848 scripsi.

629 3942 701 4027 Ego
725 3942 885 4028 presbiter
909 3941 1105 4027 Capitonens
1130 3963 1201 4004 mea
1225 3962 1321 4003 mauu
1347 3941 1470 4026 scripsi.

629 4050 708 4114 Atto
733 4050 887 4114 diaconus
911 4071 983 4113 mea
1008 4070 1104 4112 mauu
1129 4049 1252 4134 scripsi.

631 4156 875 4241 [A]g[i]l[ulfu]s
899 4157 1053 4219 diaconus
1077 4177 1149 4219 mea
1174 4177 1272 4219 manu
1296 4154 1419 4241 scripsi.

629 4264 789 4328 Martinus
813 4263 967 4327 diaconus
990 4284 1062 4326 mea
1087 4283 1200 4326 manus
1225 4263 1348 4348 scripsi.

629 4443 701 4528 Ego
726 4442 891 4523 Gerardus
915 4442 1131 4505 subdiaconus
1155 4463 1227 4504 mea
1251 4462 1348 4504 manu
1372 4441 1496 4526 scripsi.

718 4657 840 4720 Datum
864 4656 1009 4720 Bononia
1033 4677 1091 4742 per
1114 4676 1228 4718 manus
1251 4655 1346 4718 Pauli
1366 4655 1506 4718 Romani
1523 4654 1593 4718 viee
1612 4653 1712 4716 nostri
1729 4651 1930 4737 ser[i]ptoris,
1948 4652 2122 4716 indictione
2143 4654 2208 4736 xj.,
2226 4653 2458 4717 incarnationis

631 4763 800 4829 Dominiee
824 4786 908 4828 anno
932 4763 976 4827 M.
990 4785 1017 4827 c.
1031 4786 1111 4826 xxx.
1126 4763 1171 4846 iij.
1198 4763 1289 4826 nonis
1313 4761 1422 4844 madii,
1447 4762 1652 4847 pontificatus
1677 4766 1786 4823 autem
1808 4759 1929 4824 domini
1953 4759 2090 4824 Henriei
2115 4781 2200 4823 anno
2223 4759 2305 4823 iiii.to
2321 4761 2359 4824 (3)

1515 5083 1574 5147 lv.

1389 5299 1487 5382 1156,
1513 5298 1554 5360 18
1578 5298 1693 5361 martii.

1041 5515 1095 5578 Ex
1119 5515 1206 5578 arch.
1232 5514 1370 5599 llletrop.
1395 5513 1482 5575 Eecl.
1507 5532 1657 5594 ravenn,
1683 5510 1738 5573 lib.
1762 5508 1814 5592 H,
1838 5530 1924 5571 nuni.
1951 5511 2048 5572 3716.

722 5731 762 5794 ln
793 5729 922 5794 nomine
953 5729 1094 5792 Domini.
1118 5727 1171 5792 Ab
1204 5726 1425 5792 incarnatione
1453 5725 1584 5789 Domini
1612 5724 1782 5788 millesimo
1807 5722 1981 5786 centesimo
2011 5721 2277 5808 quinquagesimo
2305 5721 2456 5806 septime,

632 5837 831 5924 temporibus
855 5836 978 5900 domini
1001 5836 1139 5899 Adriani
1162 5856 1245 5921 pape
1270 5841 1301 5898 et
1325 5833 1490 5897 Frederici
1514 5831 1727 5919 imperatoris,
1748 5831 1800 5894 die
1824 5829 2063 5894 octavodecimo
2087 5829 2206 5892 mensis
2229 5827 2352 5910 marcii,
2371 5827 2457 5892 indi·

631 5945 738 6011 ctione
767 5945 890 6030 quinta,
915 5943 1082 6008 Ravenna.
1106 5942 1261 6025 Enrieus‚
1286 5942 1460 6006 canonieus
1490 5941 1681 6003 mutinensis
1711 5937 1874 6020 Ecclesia,
1899 5943 2105 6001 consecratus
2140 5941 2188 5999 est
2220 5935 2390 6021 episcopus
2422 5935 2457 5999 in

711 6233 750 6300 (1)
771 6233 917 6301 Legitur«
938 6230 1040 6296 offertis
1058 6249 1082 6280 ιι.

710 6326 750 6390 (2)
769 6323 917 6392 Legitur«
938 6322 1071 6372 dovotioni
1089 6337 1114 6372 a.

710 6415 749 6481 (3)
768 6412 875 6464 Pendet
894 6412 1015 6480 sigillum
1035 6427 1145 6462 cereum
1164 6409 1251 6461 literis
1272 6406 1369 6472 exesis,
1385 6407 1502 6475 imagine
1522 6409 1612 6456 tamen
1628 6406 1739 6455 extante
1758 6401 1879 6470 episcopi
1893 6400 2009 6452 casulsti
2022 6403 2049 6450 et
2062 6399 2175 6464 mitrati,
2188 6396 2314 6449 manibus
2324 6397 2457 6462 extensis,

631 6509 658 6557 et
677 6504 787 6556 sinistra
807 6501 935 6553 baculum
956 6501 1122 6568 pastoralem
1142 6499 1270 6567 gerentis.
