5490 7750
601 634 675 702 luo
1384 654 1625 706 uouuununs

596 807 833 873 defendendum
856 816 888 874 at
912 809 1170 895 respondendum
1193 809 1226 873 in
1248 831 1382 874 romana
1407 810 1504 875 Curia
1527 832 1636 876 coram
1660 809 1788 876 domino
1810 811 1904 896 Papa
1927 817 1959 876 et
1982 811 2126 897 quolibet
2156 812 2301 876 auditore
2333 812 2408 877 dato

596 916 649 979 vel
672 917 777 982 dando
802 916 835 980 in
859 938 957 982 causa
979 939 1075 1003 quam
1098 917 1197 982 habet
1220 918 1272 981 vel
1296 916 1466 981 habiturus
1490 924 1539 981 est
1566 939 1638 982 cum
1662 918 1786 983 Jacobo
1809 918 1875 982 filio
1900 918 2019 982 demini
2044 919 2168 984 comitis
2191 918 2408 1004 Maghinardi,

564 1029 568 1037 '
595 1023 647 1088 vel
670 1024 739 1088 eius
762 1030 971 1110 procuratore
993 1046 1050 1087 scu
1075 1024 1187 1088 nuntio
1212 1024 1264 1088 vel
1288 1024 1353 1088 alia
1376 1046 1524 1110 persona,
1542 1025 1709 1090 occasione
1726 1025 1860 1090 ecclesie
1884 1032 1993 1089 sancte
2017 1024 2119 1090 Mario
2136 1025 2175 1090 de
2192 1025 2408 1110 Monteovalo,

595 1132 800 1196 bononiensis
823 1131 969 1215 diocesis,
987 1132 1040 1196 vel
1062 1132 1127 1196 alia
1150 1131 1304 1217 qualibet,
1322 1139 1354 1196 et
1377 1133 1409 1196 in
1434 1133 1581 1197 omuibus
1606 1133 1711 1196 causis
1735 1133 1830 1197 motis
1853 1139 1885 1196 et
1908 1133 2075 1197 movendis
2099 1181 2406 1200 ..........

596 1286 1142 1304 .................
1166 1240 1284 1304 Actum
1307 1239 1454 1303 Bononia
1477 1261 1574 1325 super
1597 1239 1751 1304 solarium
1775 1239 1927 1305 canonice
1950 1241 2054 1304 sancti
2076 1240 2181 1323 Petri,
2206 1243 2407 1327 presentibus

594 1347 723 1411 domino
746 1347 850 1411 Paulo
875 1346 1144 1433 archipresbitero
1169 1345 1272 1432 plebis
1296 1345 1415 1410 Montis
1439 1335 1565 1411 Cereris
1589 1353 1622 1411 et
1644 1345 1773 1411 domino
1796 1347 1955 1412 Ubertino
1971 1347 2117 1430 Pistoris,
2134 1349 2270 1432 notario,
2287 1349 2329 1413 ad
2348 1351 2407 1415 hec

593 1455 715 1520 vocatis
739 1462 771 1518 et
794 1454 927 1540 rogatis.

678 1567 730 1638 (Π
746 1564 841 1626 Auno
865 1561 997 1626 Domini
1019 1560 1204 1644 Meclxiv,
1223 1561 1395 1626 indictione
1420 1561 1486 1645 vij,
1504 1561 1556 1625 die
1579 1583 1610 1625 v.
1628 1561 1776 1625 exeuntis
1801 1561 1919 1624 mensis
1942 1561 2050 1644 madii,
2068 1561 2214 1628 Bononio
2231 1564 2263 1626 in
2281 1586 2407 1630 camera

592 1671 738 1755 magistri
761 1669 921 1734 Bernardi
944 1669 1084 1733 doctoris
1108 1669 1321 1752 decretorum,
1337 1668 1540 1754 presentibus
1564 1669 1742 1754 presbitero
1765 1667 1941 1733 Frumento
1964 1676 1996 1732 et
2020 1669 2104 1734 Cosa
2124 1671 2348 1736 mansionariis
2375 1684 2407 1738 et

592 1778 741 1843 Johauue
765 1784 798 1841 et
820 1775 1002 1841 Rambaldo
1027 1775 1241 1839 familiaribus
1266 1756 1580 1861 domiui'presbiteri
1603 1775 1736 1860 Ugolini
1761 1775 1906 1839 canonici
1922 1775 2138 1860 bononiensis,
2157 1779 2310 1862 magister
2327 1779 2405 1844 Ber-

593 1886 712 1950 nardus
736 1884 847 1948 doctor
872 1883 1084 1965 decretorum,
1101 1882 1275 1947 canonieus
1298 1882 1444 1947 Bononio
1469 1890 1501 1946 et
1523 1890 1628 1947 rector
1652 1882 1786 1946 ecclesie
1808 1890 1918 1946 sancte
1942 1882 2040 1946 llario
2058 1883 2097 1948 de
2117 1883 2334 1968 Monteovalo,
2350 1888 2406 1952 bo·

593 1993 755 2058 noniensis
787 1991 933 2073 diocesis,
958 1990 1048 2072 lecit,
1073 1990 1238 2054 coustituit
1262 1996 1294 2053 et
1317 1989 1478 2054 ordinavit
1502 1990 1714 2076 presbiterum
1738 1989 1898 2054 Jacobum
1921 1989 1960 2054 de
1985 1991 2114 2076 ospitali
2137 1993 2239 2055 sancti
2262 1992 2351 2057 Petri
2375 2003 2406 2059 et

557 2126 561 2136 ·
591 2100 784 2165 familiarem
808 2098 950 2184 Capituli
972 2097 1190 2180 bononiensis,
1213 2105 1395 2184 presentem
1423 2104 1455 2161 et
1482 2098 1670 2162 mandatum
1693 2099 1931 2184 suscipientem,
1952 2119 2044 2162 suum
2068 2109 2319 2185 procuratorem,
2342 2103 2406 2166 sin·

591 2209 698 2272 dicum
722 2229 779 2270 seu
803 2213 945 2270 actorem
969 2211 1000 2269 et
1024 2205 1172 2268 nuntium
1192 2205 1360 2291 spatialem
1384 2205 1416 2269 in
1441 2206 1589 2270 omuibus
1612 2207 1716 2269 causis
1733 2206 1938 2290 generaliter,
1956 2205 2076 2288 litibus,
2091 2226 2148 2270 seu
2168 2210 2406 2294 coutroversijs,

591 2337 670 2402 quas
701 2315 800 2379 habet
831 2314 882 2377 vel
911 2313 1032 2376 habere
1056 2318 1164 2398 sperat
1188 2319 1300 2376 contra
1323 2334 1557 2399 quamcumque
1582 2334 1752 2399 personam
1776 2313 2026 2377 ecclesiasticam
2049 2313 2102 2376 vel
2130 2314 2318 2398 secularem,
2343 2318 2406 2380 ool·

590 2422 712 2508 legium
736 2422 787 2486 vel
818 2421 1062 2485 universitatem
1085 2441 1194 2483 coram
1218 2441 1419 2505 quocumque
1440 2420 1548 2504 judice
1581 2421 1797 2485 ecclesiastico
1826 2420 1877 2483 vel
1910 2419 2013 2501 civili,
2039 2419 2201 2484 ordinario
2231 2443 2288 2486 seu
2320 2423 2405 2487 dele·

590 2537 684 2616 gato,
709 2537 741 2593 et
772 2529 955 2615 specialiter
988 2529 1021 2591 in
1052 2549 1151 2592 causa
1182 2549 1239 2591 seu
1267 2528 1503 2610 controversia,
1529 2550 1625 2612 quam
1657 2528 1756 2592 habet
1788 2528 1840 2592 vel
1869 2527 1990 2592 habere
2022 2526 2158 2592 intendit
2185 2549 2257 2592 cum
2289 2530 2405 2596 abbate

590 2637 776 2701 monasterii
799 2643 909 2700 sancte
933 2635 1035 2700 Mario
1060 2633 1099 2699 de
1122 2635 1237 2717 Plano,
1261 2635 1460 2720 pistoriensis
1485 2636 1629 2717 diocesis,
1655 2656 1752 2720 super
1774 2635 1901 2720 prefata
1925 2635 2061 2699 ecclesia
2085 2642 2194 2700 sancte
2218 2636 2331 2720 Maris,
2348 2660 2404 2702 seu

587 2744 714 2828 juribus
738 2743 900 2828 aliquibus
924 2741 1156 2827 temporalibus
1180 2763 1237 2804 seu
1261 2742 1482 2828 spiritualibus
1506 2742 1739 2828 pertinentibus
1764 2741 1805 2805 ad
1829 2741 1973 2805 eamdem
1995 2790 2403 2810 .............

590 2897 1165 2916 ..................
1190 2848 1261 2934 Ego
1285 2849 1451 2915 Johannos
1476 2850 1638 2935 quondam
1660 2849 1787 2913 Nieolai
1812 2849 2017 2930 Gnizardini,
2042 2849 2186 2913 notarius
2213 2853 2403 2917 auctoritate

589 2958 759 3044 imperiali,
782 2956 935 3044 predictis
960 2956 1091 3020 interlui
1115 2963 1148 3019 et
1170 2963 1302 3040 rogatus
1326 2957 1466 3021 seribere
1490 2957 1614 3043 scripsi.

675 3069 728 3141 <ij
744 3067 840 3128 Auno
860 3086 879 3128 a
903 3064 1071 3128 nativitate
1089 3063 1220 3128 Domini
1243 3062 1429 3147 Mealxvj,
1446 3063 1619 3128 indictione
1643 3065 1698 3146 ix,
1715 3063 1766 3127 die
1784 3063 1867 3147 xiiij.
1884 3063 2024 3127 intrante
2046 3062 2163 3145 madio,
2181 3071 2288 3127 aetum
2305 3066 2336 3128 in
2354 3087 2404 3128 eo·

588 3173 687 3237 alesia
710 3171 826 3256 majori
850 3172 989 3236 civitatis
1012 3171 1168 3255 Viterbij,
1192 3170 1394 3257 presentibus
1419 3170 1547 3234 domino
1573 3171 1746 3252 Savarisio,
1771 3170 1909 3256 plebano
1934 3169 1973 3232 de
1998 3169 2090 3252 Caxi,
2115 3169 2279 3234 Comandc
2303 3193 2403 3257 quou-

588 3281 663 3344 dam
679 3280 800 3344 domini
816 3279 937 3365 Filippi
961 3278 1100 3361 Schelle,
1117 3278 1316 3360 bononiensi,
1334 3285 1366 3342 et
1382 3277 1403 3342 J
1406 3278 1532 3342 ohanne
1551 3278 1667 3362 Liuzij,
1681 3277 1884 3360 bononiensi,
1902 3277 2049 3340 dominus
2066 3277 2225 3341 Rodulsus
2243 3279 2404 3362 quondam

587 3387 709 3451 domini
731 3386 964 3450 Benreecrdati
988 3385 1027 3449 de
1050 3385 1161 3468 Proto,
1179 3393 1211 3450 et
1230 3386 1346 3450 Petrus
1363 3385 1516 3471 Yspanus
1533 3386 1724 3450 constitutus
1740 3392 1929 3470 procurator
1952 3385 1993 3448 ab
2018 3385 2087 3470 ipso
2104 3385 2233 3449 dominc
2249 3385 2402 3468 Radulfo,

582 3501 748 3580 tamquam
765 3500 955 3580 procurator
970 3492 1136 3576 Jacobutij
1160 3493 1293 3556 rectoris
1314 3493 1449 3557 ecclesie
1474 3500 1584 3556 sancte
1608 3493 1711 3556 Marie
1734 3492 1854 3556 Montis
1880 3492 1992 3556 Covali
2005 3492 2055 3574 (l),
2073 3492 2219 3556 lecerunt
2238 3500 2270 3556 et
2287 3495 2403 3557 eonsti-

582 3608 713 3665 tuerunt
733 3623 845 3665 eorum
868 3607 901 3664 et
924 3600 1001 3664 dicti
1017 3599 1182 3683 Jacobutij
1198 3599 1343 3664 Bardum
1366 3600 1406 3664 de
1429 3600 1532 3665 Pedio
1548 3600 1673 3682 Bonici‚
1690 3607 1932 3686 procuratorem
1957 3600 1988 3662 iu
2013 3621 2110 3664 eausa
2134 3598 2210 3664 dicti
2226 3600 2401 3686 Jacobutij,

583 3730 681 3795 quam
704 3709 803 3772 habet
827 3729 901 3771 cum
929 3707 1079 3793 Capitulo
1103 3706 1293 3770 bononiensi
1324 3713 1357 3770 et
1389 3707 1543 3792 magistro
1566 3706 1735 3771 Bernardo
1766 3715 1799 3770 et
1830 3728 1941 3770 eorum
1964 3714 2181 3792 procuratore,
2207 3729 2403 3794 quamquam

582 3816 686 3880 dictus
709 3816 826 3879 Petrus
850 3815 1004 3901 Yspanus
1029 3814 1133 3877 laetus
1157 3812 1254 3877 fuerit
1277 3813 1425 3878 domiuus
1456 3814 1521 3877 litis
1553 3835 1611 3900 per
1642 3814 1732 3877 litem
1756 3820 1969 3878 contestatam
1993 3862 2401 3881 .............

671 3923 743 4008 Ego
771 3922 1001 3986 Rambertinus
1034 3921 1196 4006 quondam
1226 3921 1383 4003 Danielis,
1416 3921 1576 4007 imperiali
1607 3921 1798 3986 auctoritate
1825 3922 1981 4002 notarius,
2005 3921 2157 4008 predictis
2181 3944 2323 4008 presens,
2351 3945 2402 3988 ro·

576 4037 672 4116 gatus
696 4030 822 4114 scripsi.

671 4141 722 4212 (Π
744 4136 807 4201 Die
834 4159 867 4200 x.
893 4136 1086 4201 novembris.
1113 4135 1380 4221 Compareutibus
1405 4157 1513 4200 eoram
1536 4136 1691 4221 magistro
1721 4135 1894 4199 Guilliemo
1925 4135 2096 4221 Proposito
2120 4137 2222 4200 sancti
2246 4135 2402 4201 Antonini

582 4245 758 4331 placentini
781 4243 933 4330 Capituli,
958 4243 1152 4308 venerabilis
1176 4244 1277 4328 patris
1302 4243 1423 4307 domini
1447 4242 1480 4306 S.
1505 4243 1648 4329 episcopi
1669 4241 1880 4326 P[r]enestini
1904 4243 2049 4306 auditore
2074 4243 2107 4307 in
2131 4264 2239 4326 causa,
2264 4245 2402 4331 plebano

581 4351 693 4416 Azone
718 4352 758 4415 de
782 4351 943 4433 Centorio,
960 4357 1168 4436 procuratore
1186 4350 1328 4436 Capituli
1348 4350 1555 4414 bononiensis
1571 4359 1603 4413 et
1626 4349 1747 4414 domiui
1769 4349 1930 4412 Bernardi
1953 4349 1993 4412 de
2020 4349 2156 4415 Verceto
2180 4351 2326 4414 canonici
2346 4353 2401 4416 bo·

583 4460 756 4542 noniensis,
782 4480 824 4522 ex
850 4479 916 4522 una
940 4465 1042 4544 parte,
1067 4465 1099 4521 et
1121 4457 1230 4521 Bardo
1254 4463 1462 4544 procuratore
1486 4456 1650 4541 Jacobutij
1675 4457 1733 4542 filij
1759 4456 1884 4520 comitis
1911 4456 2119 4541 Maghinardi
2142 4457 2181 4520 de
2204 4457 2337 4541 Panico,
2361 4481 2403 4523 ex

582 4567 703 4648 altera,
728 4565 804 4651 quia
828 4565 956 4629 auditor
980 4586 1044 4628 non
1067 4571 1138 4629 erat
1160 4565 1242 4628 bene
1267 4564 1440 4627 instructus
1465 4564 1498 4627 in
1522 4585 1620 4629 causa
1643 4564 1732 4650 ipsa,
1756 4564 1886 4649 prefixit
1918 4564 2090 4628 terminum
2113 4564 2159 4629 eis
2190 4571 2226 4628 ut
2255 4567 2401 4650 proxima

582 4673 633 4737 die
664 4673 808 4755 veneris,
834 4672 921 4736 lacta
943 4671 1126 4754 audientia,
1151 4676 1360 4757 compareant
1388 4691 1496 4734 coram
1527 4691 1566 4735 eo
1599 4671 1640 4734 ad
1671 4670 1909 4758 procedendum
1942 4671 1974 4734 in
2006 4691 2103 4735 eausa
2134 4672 2206 4757 ipsa
2236 4679 2331 4758 prout
2361 4674 2400 4737 de

581 4781 656 4865 jure
679 4780 787 4844 fuerit.

670 4891 722 4962 (Ῑῖ
738 4887 799 4951 Die
823 4887 882 4970 xij.
907 4886 1101 4951 novembris.
1124 4887 1261 4950 Amatus
1286 4886 1479 4968 deiterata,
1504 4886 1625 4970 dominj
1648 4886 1739 4971 Papo
1764 4907 1884 4968 cursor,
1909 4886 2018 4948 retulit
2042 4907 2075 4948 se
2100 4884 2220 4949 dixisse
2244 4907 2287 4950 ex
2308 4895 2400 4973 parte

582 4993 717 5080 predicti
749 4993 905 5058 auditoris
937 4993 1100 5074 Bardono,
1126 4993 1328 5078 procuratori
1352 4993 1429 5058 dieti
1451 4993 1634 5077 dacobutij,
1660 4992 1744 5078 quod
1768 4992 1872 5056 eidem
1895 4991 2040 5056 Bardoni
2068 4991 2201 5056 dederat
2228 4994 2401 5057 secundam

583 5101 770 5165 dilationem
794 5099 833 5164 ad
858 5100 1043 5186 ponendum
1068 5100 1100 5164 in
1124 5121 1223 5164 causa
1246 5101 1391 5186 predicta
1414 5121 1516 5186 usque
1541 5099 1581 5163 ad
1604 5099 1786 5186 proximam
1810 5099 1895 5162 dlem
1919 5099 1993 5162 luus
2017 5121 2075 5185 per
2098 5106 2200 5163 totam
2223 5100 2318 5165 diem.

670 5211 722 5284 (Π
741 5208 804 5272 Die
827 5207 893 5272 xvi.
912 5207 1106 5272 novembris.
1125 5207 1393 5294 Comparantibus
1416 5229 1525 5272 coram
1548 5208 1703 5292 magistro
1728 5207 1914 5270 Cuillielmo
1931 5206 2077 5270 auditore
2094 5207 2248 5292 predicto,
2265 5208 2399 5294 predicti

581 5315 651 5380 Ano
675 5323 707 5380 et
720 5315 868 5397 -Bardus,
886 5321 1122 5401 procuratores,
1140 5315 1357 5380 exhibuerunt
1372 5315 1547 5401 positiones
1564 5314 1732 5397 secundas,
1750 5320 1781 5378 et
1804 5313 1898 5376 datus
1915 5319 1964 5376 est
1980 5314 2135 5377 terminus
2156 5315 2233 5402 ipsis
2250 5337 2400 5401 procura·

581 5423 705 5488 toribus
730 5422 771 5486 ad
795 5421 1041 5486 deliberandum
1065 5430 1097 5485 et
1120 5422 1379 5509 respondendum
1403 5421 1444 5485 ad
1468 5421 1598 5485 easdem
1622 5422 1769 5508 proximo
1792 5421 1843 5484 die
1867 5420 2029 5504 mercurij.

670 5533 722 5604 (Π
738 5529 800 5593 Die
824 5551 854 5593 v.
872 5534 1011 5592 exeunte
1036 5530 1212 5594 novembri.
1232 5528 1488 5615 Comparuerunt
1510 5528 1646 5614 predicti
1669 5535 1895 5614 procuratores
1919 5549 2027 5592 corani
2048 5528 2194 5593 auditore
2215 5529 2351 5615 prefato,
2368 5537 2400 5594 et

581 5637 819 5724 responderunt
841 5635 1054 5722 positionibus
1079 5637 1218 5701 secunde
1242 5636 1336 5719 datis,
1361 5657 1423 5722 que
1447 5643 1522 5699 sunt
1545 5635 1656 5700 istaut
1682 5683 2257 5700 ..................

671 5744 731 5827 (L.
748 5744 770 5826 †
789 5743 836 5824 S.)
860 5742 903 5806 Et
927 5765 988 5829 ego
1013 5744 1179 5808 Johanues
1203 5743 1241 5806 de
1265 5743 1441 5826 Pallianis,
1467 5744 1657 5808 auctoritate
1682 5743 1858 5829 apostoliea
1882 5741 2026 5806 notarius
2049 5743 2207 5828 publicus,
2231 5745 2399 5829 predictis,

583 5875 644 5938 que
669 5853 702 5916 iu
727 5857 798 5916 octo
823 5851 934 5914 frustis
959 5858 1046 5914 carte
1071 5851 1190 5936 scripta
1214 5857 1288 5914 sunt
1311 5872 1369 5937 per
1392 5873 1443 5914 me
1472 5857 1504 5914 et
1528 5851 1628 5936 signis
1652 5851 1731 5914 meis
1752 5850 1890 5935 signata,
1907 5848 2050 5932 interfui,
2068 5857 2100 5913 et
2122 5871 2162 5914 ea
2185 5851 2225 5915 de
2249 5851 2400 5916 mandato

582 5962 738 6026 auditoris
762 5959 881 6046 prefati
904 5959 937 6022 iu
960 5959 1123 6045 publicam
1148 5959 1257 6044 redegi
1281 5958 1428 6023 formam.

662 6422 701 6488 (1)
721 6421 773 6472 aa.

661 6516 699 6580 (2)
720 6513 877 6581 Sequuntur
897 6511 994 6563 deinde
1014 6511 1172 6580 positiones,
1191 6514 1222 6562 ut
1245 6514 1356 6576 vocant,
1377 6514 1403 6562 et
1427 6510 1461 6562 ad
1480 6509 1585 6560 calcem
1605 6509 1760 6561 earumdem
1780 6509 1879 6560 notarii
1898 6508 2061 6577 subscriptio
2081 6509 2189 6576 legitur.
