5490 7750
771 607 1003 658 sruornurm
1031 608 1082 658 no
1109 609 1366 662 reorussoeus
1394 612 1500 662 rums
1529 612 1706 663 cnuourer
2072 595 2144 666 179

327 756 394 822 sive
426 757 459 822 in
489 758 644 824 codicillis
668 761 719 825 sit.
744 760 794 825 De
818 761 951 847 reliquis
976 783 1051 826 vero
1075 763 1177 828 tribus
1202 763 1344 829 millibus
1368 765 1459 830 libris
1482 766 1566 830 solvi
1588 767 1691 831 veluit
1721 774 1754 831 et
1785 769 1952 833 mandavit
1975 771 2147 834 conventui

324 863 476 929 Fratrum
500 866 662 931 Minerum
686 867 825 932 civitatis
848 867 995 934 Bononie
1019 869 1255 956 quinquaginta
1277 872 1378 936 libras
1400 873 1646 938 bononenorum
1676 895 1735 959 pre
1765 875 1959 940 indumentis
1982 876 2145 942 Fratrum.

326 972 409 1037 Item
432 972 525 1037 fratri
548 973 693 1040 Julliano
717 975 757 1040 de
781 975 1018 1060 Tencharariis,
1035 977 1062 1041 si
1086 985 1162 1042 tunc
1185 979 1313 1062 vixerit,
1331 980 1471 1066 quinque
1489 981 1587 1045 libras
1604 981 1856 1047 bononenorum.
1875 982 1958 1048 Item
1974 985 2146 1049 conventui

323 1079 476 1144 Fratrum
499 1081 603 1145 sancti
625 1079 794 1146 Michaelis
818 1081 857 1146 de
876 1081 984 1148 Busce
1006 1084 1242 1170 quinquaginta
1258 1085 1359 1149 libras
1375 1086 1619 1152 bononenorum
1634 1087 1864 1172 expendendas
1880 1111 1939 1176 pro
1956 1090 2146 1176 complendo

324 1194 420 1252 truna
444 1188 578 1252 ecclesie
602 1189 704 1253 saneti
729 1189 911 1272 Michaelis,
937 1211 1034 1276 quam
1058 1191 1164 1278 incepi
1187 1191 1295 1256 lacere
1318 1192 1398 1258 fieri.
1423 1193 1506 1258 Item
1530 1195 1702 1258 conventui
1725 1195 1877 1261 Fratrum
1900 1196 2145 1262 Predicaternm

324 1297 464 1360 civitatis
486 1294 634 1360 Bononie
658 1296 893 1382 quinquaginta
917 1297 1017 1362 libras
1040 1298 1284 1365 bononenorum
1313 1321 1371 1387 pro
1404 1301 1598 1365 indumentis
1622 1301 1784 1366 Fratrum.
1809 1302 1893 1368 Item
1916 1304 1986 1368 dari
2009 1313 2041 1369 et
2064 1306 2146 1370 solvi

323 1403 426 1467 voluit
449 1408 610 1467 tercentus
633 1402 733 1467 libras
757 1402 1001 1469 bononenorum
1024 1406 1081 1469 uni
1105 1406 1208 1490 militi,
1226 1407 1281 1493 qni
1304 1429 1362 1494 pre
1387 1409 1495 1472 anima
1512 1424 1660 1473 sua'oum
1676 1409 1768 1474 benis
1785 1411 1883 1474 armis
1899 1419 1932 1476 et
1947 1433 2029 1497 equo
2046 1412 2145 1477 vadat

325 1520 357 1574 et
379 1517 443 1574 stet
465 1511 551 1574 ultra
574 1531 664 1574 mare
687 1532 746 1596 per
769 1532 900 1594 annum,
921 1532 985 1576 nen
1009 1519 1194 1599 computate
1218 1522 1534 1600 tempore-accessus
1559 1523 1590 1580 et
1613 1515 1768 1598 redditus,
1786 1523 1898 1581 eontra
1918 1539 2089 1583 saracenos
2113 1527 2145 1583 et

323 1619 377 1704 qui
400 1624 601 1704 representet
624 1639 658 1681 se
682 1617 808 1703 Legate
832 1617 977 1683 Ecclesie
1000 1641 1133 1685 remane
1157 1621 1210 1685 vel
1233 1621 1434 1705 Patriarche,
1459 1629 1491 1687 et
1519 1623 1560 1686 ad
1588 1644 1699 1687 oerum
1722 1624 1923 1688 voluntatem
1947 1632 2010 1689 stet
2033 1633 2146 1691 centra

323 1746 505 1790 saracenos.
529 1724 613 1788 Item
637 1724 708 1788 dari
730 1731 763 1788 et
786 1725 868 1788 solvi
891 1726 994 1790 veluit
1017 1727 1129 1791 decem
1156 1727 1255 1792 libras
1286 1728 1529 1793 bononenorum
1561 1729 1657 1792 alteri
1686 1750 1822 1815 persone
1855 1753 1917 1816 que
1950 1754 2009 1819 pre
2038 1734 2146 1796 anima

322 1835 393 1918 ejus
416 1833 525 1896 visitet
547 1831 660 1896 limina
683 1832 771 1896 beati
794 1832 910 1897 Jacobi
934 1833 973 1897 de
998 1833 1226 1920 compostella.
1251 1835 1335 1899 Item
1359 1834 1429 1899 dari
1453 1842 1485 1899 et
1508 1835 1591 1900 solvi
1612 1836 1714 1900 veluit
1731 1837 1913 1923 quindecim
1929 1839 2029 1903 libras
2045 1839 2145 1904 bono-

323 1961 480 2004 nenerum
504 1939 598 2003 alteri
621 1959 757 2024 persone
783 1961 844 2025 que
868 1961 926 2025 pre
950 1941 1059 2004 anima
1082 1942 1152 2026 ejus
1176 1941 1276 2006 vadat
1300 1941 1449 2026 Romam,
1467 1948 1499 2006 et
1518 1942 1564 2007 ibi
1579 1950 1642 2007 stet
1658 1950 1726 2008 teta
1747 1944 1997 2030 quadragesima
2019 1947 2144 2030 maiori,

322 2054 354 2111 et
377 2047 475 2110 vadat
499 2047 539 2110 ad
564 2047 723 2110 staciones
746 2047 896 2111 continue
920 2053 953 2111 et
976 2047 1194 2133 indulgentias
1219 2056 1333 2135 querat
1357 2057 1389 2113 et
1412 2051 1548 2136 recipiat
1570 2072 1628 2136 pre
1652 2051 1761 2115 anima
1785 2073 1860 2135 sua,
1885 2058 1918 2116 et
1939 2054 2144 2138 postmodum

320 2155 419 2218 vadat
442 2154 484 2217 ad
507 2153 678 2217 ecelesiam
700 2153 787 2218 beati
811 2153 981 2218 Michaelis
1004 2153 1222 2240 Archangeli,
1247 2163 1279 2219 et
1311 2155 1352 2220 ad
1383 2156 1554 2220 ecelesiam
1583 2158 1672 2221 beati
1694 2158 1844 2223 Nichelai
1876 2159 1915 2222 de
1947 2159 2035 2224 Bari.
2060 2160 2144 2224 Item

320 2261 451 2346 reliquit
474 2260 648 2325 conventui
670 2260 884 2325 Dominarum
908 2261 1011 2326 sancti
1033 2261 1200 2327 Francisci
1224 2263 1263 2326 de
1286 2262 1436 2327 Bononia
1460 2284 1518 2349 pro
1535 2264 1729 2328 indumentis
1747 2263 1901 2330 Sororum
1917 2266 2028 2332 decem
2044 2267 2143 2332 libras

320 2369 574 2433 bononenorum.
598 2367 683 2432 Item
706 2369 878 2431 conventui
902 2375 1012 2433 sancte
1036 2369 1174 2454 Agnetis
1205 2371 1347 2456 quinque
1378 2370 1478 2435 libras
1510 2371 1752 2436 bononenorum
1784 2393 1842 2457 pro
1865 2372 2061 2438 indumentis
2086 2376 2143 2438 Se-

321 2497 440 2540 rorum.
461 2475 545 2538 Item
569 2475 742 2540 oenventui
766 2474 921 2540 Sororum
944 2481 1055 2540 sancte
1078 2475 1182 2540 Marie
1206 2476 1400 2562 Magdalene
1417 2478 1457 2542 de
1474 2478 1637 2543 conversis
1655 2478 1766 2542 decem
1785 2479 1884 2544 libras
1900 2481 2142 2546 bononenorum

320 2604 378 2668 pre
411 2581 606 2646 indumentis
631 2581 796 2646 Sororum.
820 2581 904 2645 Item
936 2583 1109 2646 conventui
1131 2581 1344 2647 Dominarum
1380 2584 1420 2647 de
1453 2584 1675 2649 Misericordia
1699 2584 1810 2650 decem
1833 2586 1933 2651 libras
1957 2588 2142 2653 bononeno-

321 2711 392 2754 rum
412 2711 471 2776 pre
492 2688 687 2753 indumentis
706 2688 869 2754 Sororum.
889 2689 973 2753 Item
993 2690 1164 2754 conventui
1181 2689 1393 2755 Dominarum
1416 2692 1455 2756 de
1478 2691 1609 2756 Oistelle
1627 2692 1768 2779 quinque
1784 2694 1883 2758 libras
1899 2695 2142 2760 bononenorum

320 2819 378 2883 pre
401 2796 597 2860 indumentis
622 2794 786 2860 Sororum.
809 2796 894 2860 Item
924 2797 1097 2860 conventui
1120 2798 1222 2862 saneti
1246 2798 1337 2862 Petri
1360 2799 1503 2863 Martiris
1527 2799 1668 2884 quinque
1692 2800 1792 2864 libras
1816 2799 2059 2866 bononenorum
2083 2824 2141 2888 pre

320 2902 514 2967 indumentis
533 2903 697 2968 Sororum.
714 2902 798 2966 Item
822 2903 952 2988 reliquit
969 2903 1085 2970 domne
1109 2905 1215 2969 Paule
1239 2927 1385 2988 monaco,
1401 2906 1603 2992 procuratori
1619 2927 1688 2990 suo,
1706 2907 1761 2992 qui
1784 2913 1848 2971 stat
1872 2907 1957 2993 apud
1983 2908 2143 2972 Tumbam

319 3032 392 3074 cum
415 3010 616 3096 genitoribus
641 3012 716 3092 suis,
733 3032 792 3096 pre
816 3011 927 3075 labore
953 3018 986 3075 et
1008 3012 1155 3077 mercede
1178 3033 1237 3076 sua
1260 3013 1394 3098 triginta
1418 3014 1518 3077 libras
1537 3014 1791 3078 bononenorum.
1810 3014 1893 3078 Item
1908 3015 2058 3080 Antiecie
2075 3037 2141 3080 ser-

318 3119 419 3183 vienti
442 3117 645 3182 dominorum
669 3118 852 3202 genitorum
876 3139 1008 3182 suerum
1030 3118 1163 3183 feudum
1185 3141 1280 3184 suurn
1303 3127 1335 3183 et
1358 3121 1490 3206 insuper
1510 3121 1746 3206 quinquaginta
1762 3121 1871 3186 soldos
1887 3122 2140 3187 bononenorum.

319 3225 403 3289 Item
425 3223 551 3306 Axisie,
570 3225 723 3288 servienti
739 3225 891 3310 ipserum,
910 3225 1041 3290 feudum
1065 3248 1160 3290 suum
1183 3233 1216 3290 et
1237 3227 1370 3314 insuper
1392 3227 1463 3291 XL.
1482 3227 1589 3293 soldos
1612 3229 1865 3292 bononenorum.
1883 3228 1966 3294 Item
1983 3231 2138 3316 magistre

318 3332 464 3414 Micelae,
483 3331 631 3417 scriptori
648 3353 717 3414 sue,
735 3333 790 3417 qui
813 3339 878 3396 stat
894 3354 966 3396 eum
982 3340 1074 3419 patre
1091 3355 1149 3398 suo
1167 3334 1208 3398 ad
1225 3334 1395 3416 Tumbam,
1413 3341 1541 3398 centnm
1558 3335 1666 3399 soldos
1681 3335 1935 3400 bononenorum.
1953 3337 2036 3402 Item
2052 3338 2141 3422 Uge-

318 3439 393 3522 line,
411 3440 564 3503 servienti
581 3438 740 3502 dictorum
761 3439 943 3524 genitorum
967 3461 1108 3522 suerum,
1126 3439 1259 3504 feudum
1282 3463 1376 3505 suum
1404 3449 1436 3506 et
1460 3442 1591 3528 insuper
1614 3442 1729 3527 viginti
1753 3443 1860 3506 soldos
1884 3444 2138 3508 bononenorum.

316 3547 400 3611 Item
410 3547 586 3631 Aymirice,
601 3546 763 3632 quendam
779 3547 933 3611 servienti
948 3548 1049 3633 patris
1066 3549 1125 3631 sui,
1139 3555 1171 3612 et
1187 3549 1260 3612 filiis
1279 3550 1359 3633 ejus,
1374 3557 1438 3613 tres
1454 3550 1554 3613 libras
1571 3549 1825 3614 bononenorum.
1839 3550 1920 3613 Item
1937 3551 2088 3614 Luchisie
2107 3559 2139 3615 et

316 3655 476 3742 Aychinie
493 3663 525 3718 et
541 3655 730 3740 Margarita,
747 3655 875 3719 filiabus
892 3662 924 3720 et
940 3656 1113 3721 heredibus
1129 3657 1292 3742 quondam
1308 3658 1425 3722 Jacobi
1441 3658 1561 3721 Zannis
1578 3657 1739 3740 Danielis,
1757 3664 1789 3721 et
1805 3659 1977 3744 uuicuique
1995 3659 2138 3744 ipsarum

317 3782 375 3846 pro
396 3783 435 3825 ea
456 3760 637 3824 maritanda
654 3761 769 3846 viginti
785 3761 885 3825 libras
901 3762 1154 3827 bononenorum.
1172 3763 1256 3826 Item
1273 3763 1446 3828 couventui
1462 3763 1675 3828 Dominarum
1692 3763 1731 3827 de
1747 3763 1864 3827 Puiela
1881 3763 2021 3850 quinque
2038 3764 2137 3829 libras

316 3868 560 3932 bononenorum
583 3889 641 3953 pro
665 3867 861 3932 indumentis
886 3869 1050 3933 Sororum.
1075 3868 1159 3932 Item
1183 3871 1356 3934 conventui
1379 3870 1594 3935 Dominarum
1617 3877 1728 3934 sancte
1744 3869 1846 3934 Maria
1863 3870 1955 3935 Neve
1969 3872 2066 3955 juxta
2081 3893 2138 3935 na

315 3976 439 4059 vigium
462 3975 574 4040 decem
596 3974 696 4039 libras
726 3976 981 4040 bononenorum.
1005 3976 1089 4041 Item
1114 3978 1286 4041 conventui
1310 3977 1523 4042 Dominarum
1547 3979 1651 4042 saneti
1673 3977 1850 4062 Augustini
1874 3978 2014 4063 quinque
2038 3979 2137 4042 libras

314 4081 583 4165 [bononenorum]
616 4104 674 4168 pro
702 4083 897 4147 indumentis
922 4082 1086 4148 Sororum.
1112 4083 1195 4148 Item
1218 4084 1390 4149 Sororibus
1412 4086 1509 4170 juxta
1533 4092 1677 4149 sanctam
1700 4085 1836 4149 Luciam
1859 4092 1952 4149 extra
1978 4085 2137 4150 Seralium

315 4191 455 4275 qulnque
479 4190 580 4253 libras
604 4190 847 4254 bononenorum
871 4212 929 4278 pro
953 4190 1159 4256 indumentis.
1184 4192 1269 4256 Item
1292 4192 1466 4258 conventui
1497 4191 1710 4257 Dominarum
1742 4193 1781 4256 de
1809 4192 1965 4256 Renzano
1997 4193 2137 4279 quinque

315 4296 413 4360 libras
438 4298 681 4362 bononenorum
706 4319 764 4384 pro
789 4298 984 4362 indumentis
1009 4298 1172 4364 Sororum.
1199 4300 1282 4364 Item
1314 4300 1488 4364 conventui
1519 4298 1732 4364 Dominarum
1757 4299 1796 4364 de
1828 4307 1940 4364 saneta
1964 4299 2139 4364 Catherina

315 4405 455 4489 quinque
480 4404 579 4468 libras
603 4404 847 4469 bononenorum
870 4427 928 4492 pro
953 4406 1148 4470 indumentis
1172 4405 1336 4471 Sororum.
1361 4407 1446 4471 Item
1470 4406 1640 4471 Sororibus
1665 4407 1704 4471 de
1728 4406 1827 4490 Vera,
1849 4407 1875 4470 si
1900 4413 1976 4471 tuno
2000 4407 2044 4471 ibi
2068 4408 2137 4471 fue

315 4512 378 4574 rint
401 4519 433 4575 et
457 4519 651 4576 conventum
674 4512 865 4596 habuerint,
890 4514 1031 4600 quinque
1065 4514 1164 4578 libras
1197 4515 1440 4579 bononenorum
1463 4536 1522 4601 pre
1546 4514 1741 4578 indumentis
1766 4515 1930 4580 Sororum.
1955 4513 2039 4578 Item
2062 4536 2137 4579 een

313 4620 425 4682 ventui
449 4619 603 4684 Sororum
626 4621 729 4684 saneti
752 4620 912 4684 Iohannis
936 4621 1084 4707 Baptista
1109 4623 1250 4708 quinque
1275 4622 1375 4686 libras
1399 4622 1644 4685 bononenorum
1666 4642 1724 4708 pre
1749 4621 1954 4684 indumentis.
1971 4620 2053 4685 Item
2080 4622 2137 4685 Se-

314 4727 450 4809 reribus,
468 4749 530 4812 quc
554 4733 641 4790 stant
665 4728 750 4813 apud
775 4735 921 4792 sanctum
946 4728 1179 4811 Guillielmum,
1197 4731 1338 4816 quinque
1363 4729 1462 4793 libras
1487 4729 1730 4793 bononenorum
1752 4749 1811 4814 pro
1833 4727 2037 4792 indumentis.
2054 4728 2138 4792 Item

315 4834 487 4897 conventui
510 4833 724 4898 Dominarum
753 4841 863 4899 sancte
895 4835 997 4899 Maris
1031 4836 1070 4900 de
1100 4836 1228 4900 Betlem
1260 4837 1401 4923 quinque
1434 4837 1534 4900 libras
1566 4837 1809 4900 bononenorum
1842 4856 1900 4920 pro
1930 4834 2136 4899 indumentis.

315 4939 396 5002 Item
422 4941 595 5005 conventui
618 4942 770 5005 Fratrum
794 4942 897 5006 sancti
922 4941 1073 5028 Gregorii
1092 4943 1204 5007 decem
1220 4943 1319 5008 libras
1336 4944 1590 5008 bononenorum.
1608 4942 1691 5006 Item
1708 4941 1880 5006 conventui
1896 4941 2048 5005 Fratrum
2065 4963 2137 5006 san-

315 5048 357 5112 cti
380 5048 496 5112 Jacebi
520 5048 560 5112 de
586 5048 707 5113 Savina
730 5049 845 5133 viginti
869 5049 969 5113 libras
993 5050 1236 5114 bononenorum
1252 5072 1310 5136 pro
1335 5051 1539 5115 indumentis.
1565 5049 1650 5114 Item
1668 5049 1842 5114 conventui
1858 5048 2010 5113 Fratrum
2026 5057 2137 5112 sancte

314 5155 492 5239 Margarite
516 5155 555 5219 de
583 5155 748 5220 Barbiane
779 5163 844 5220 tres
874 5157 974 5220 libras
1005 5156 1248 5222 bononenorum
1280 5178 1338 5243 pre
1372 5157 1577 5221 indumentis.
1600 5156 1683 5220 Item
1715 5156 1847 5220 cuilibet
1878 5156 1972 5219 alteri
2002 5155 2136 5220 ecclesie

315 5261 521 5326 conventuali
544 5263 584 5325 de
608 5263 738 5326 civitate
763 5269 795 5326 et
819 5263 980 5327 suburbiis
1004 5263 1151 5328 Bononie
1175 5264 1291 5350 viginti
1321 5264 1428 5328 soldos
1460 5264 1713 5328 bononenorum.
1737 5262 1781 5326 Et
1811 5263 1939 5347 rogavit
1966 5283 2024 5348 per
2047 5262 2136 5326 fidei

314 5370 486 5433 cemissum
510 5391 621 5434 omnes
644 5370 827 5434 sacerdotes
852 5371 995 5455 ipsarum
1019 5371 1228 5436 ecelesiarum
1250 5377 1285 5436 ut
1309 5377 1441 5436 cantent
1464 5371 1578 5434 missas
1603 5391 1661 5456 pro
1686 5370 1794 5433 anima
1818 5390 1887 5434 sua.
1905 5369 1988 5434 Item
2005 5369 2137 5434 cuilibet

315 5477 438 5561 capelle
462 5477 602 5541 civitatis
625 5483 658 5542 et
682 5477 909 5541 suburbiorum
933 5478 1074 5564 quinque
1100 5478 1207 5542 seldes
1231 5478 1489 5561 bononenorum,
1513 5484 1546 5542 et
1569 5477 1697 5564 rogavit
1720 5477 1903 5541 sacerdotes
1926 5498 1984 5562 per
2007 5477 2135 5541 fideico-

315 5584 457 5666 missum,
475 5590 510 5646 ut
534 5591 665 5648 cantent
688 5585 803 5648 missas
830 5605 889 5669 pro
914 5585 1021 5648 anima
1045 5607 1104 5649 sua
1128 5593 1160 5650 et
1183 5591 1353 5671 parentum
1375 5606 1516 5650 suerum.
1534 5584 1617 5648 Item
1634 5585 1766 5648 cuilibet
1780 5584 1934 5670 hospitali
1950 5584 1989 5648 de
2006 5584 2136 5648 civitate

314 5697 345 5753 et
370 5691 531 5754 suburbiis
555 5691 712 5774 Bononie,
735 5691 791 5755 ubi
813 5713 974 5778 pauperes
996 5692 1212 5778 hospitantur,
1229 5693 1344 5778 viginti
1368 5692 1476 5758 soldos
1499 5693 1753 5756 bononenorum.
1778 5690 1861 5755 Item
1886 5691 2017 5755 cuilibet
2039 5691 2135 5756 Pete

314 5798 390 5860 stati
417 5799 556 5862 civitatis
579 5799 726 5863 Bononie
758 5799 812 5884 qui
841 5799 876 5862 lit
907 5799 947 5862 de
978 5800 1161 5864 elemosinis
1184 5800 1300 5884 viginti
1324 5800 1431 5864 soldos
1454 5799 1710 5871 bononenorum.
1733 5798 1818 5862 Item
1842 5799 1971 5884 reliquit
2002 5805 2035 5862 et
2065 5799 2136 5862 dari

314 5904 416 5968 voluit
439 5905 505 5968 filio
529 5905 657 5969 demine
683 5906 865 5970 Diamantis
889 5907 994 5992 neptis
1019 5928 1086 5989 sue,
1111 5929 1207 5993 quem
1232 5907 1302 5993 ipsa
1325 5907 1440 5972 babuit
1462 5906 1501 5971 de
1525 5907 1688 5971 Petrizolo
1713 5905 1876 5992 quondam
1899 5906 1968 5969 viro
1993 5927 2061 5988 sue,
2081 5907 2135 5992 qui

313 6020 458 6075 mortuus
481 6012 542 6075 fuit
573 6013 606 6076 in
638 6013 769 6077 servitio
793 6034 925 6076 romane
949 6012 1105 6096 Ecclesia,
1131 6015 1366 6099 qninquaginta
1389 6015 1490 6079 libras
1514 6014 1768 6078 bononenorum.
1793 6012 1876 6076 Item
1899 6013 2026 6076 domine
2052 6011 2136 6077 The-

313 6119 442 6182 maxine
467 6119 562 6182 uxori
584 6119 719 6183 Petricti
742 6127 775 6183 et
798 6119 990 6184 Flerdelisie
1015 6121 1133 6184 sororis
1158 6142 1232 6204 sue,
1257 6122 1363 6207 neptis
1386 6122 1532 6206 ejusdem
1563 6121 1744 6204 testatoris,
1771 6120 2006 6206 quinquaginta
2038 6120 2136 6184 libras

313 6225 566 6290 bononenorum.
590 6226 674 6290 Item
698 6227 829 6312 reliquit
852 6233 884 6291 et
908 6227 979 6290 dari
1000 6227 1103 6291 voluit
1127 6227 1255 6292 domine
1278 6228 1440 6292 Plaxivile
1464 6234 1497 6292 et
1520 6228 1647 6292 demine
1671 6226 1788 6313 Egidie
1813 6228 1883 6312 ejus
1907 6227 1983 6309 filie,
2000 6248 2135 6291 censan-

312 6332 430 6418 guinee
454 6333 565 6419 ipsius,
591 6333 707 6418 viginti
730 6333 829 6398 libras
853 6333 1107 6399 bononenorum.
1132 6333 1216 6399 Item
1239 6335 1367 6399 domine
1391 6335 1538 6420 Borgbe,
1564 6335 1802 6420 consanguinee
1826 6335 1912 6420 ejus,
1937 6343 1970 6398 et
1991 6333 2134 6418 Ugoline

313 6441 383 6525 ejus
407 6440 473 6503 filie
498 6440 734 6526 quinquaginta
756 6440 857 6504 libras
885 6441 1139 6506 bononenorum.
1164 6440 1248 6506 Item
1278 6441 1405 6506 domine
1437 6441 1658 6526 Quintanisie,
1683 6444 1754 6528 ejus
1786 6442 1996 6523 consobrine,
2019 6440 2135 6526 viginti
