5492 7750
608 570 658 642 80
1395 587 1636 638 uonnnsnrn

695 738 2423 827 MmrfflmfflMmMfflhfflmmmmdefflfffflmMPQmfflhoemmhMmmmmm·

605 872 688 914 rum.
713 850 797 914 Item
820 848 959 935 reliquid
983 849 1052 914 iure
1082 849 1184 934 legati
1207 848 1285 913 mihi
1307 847 1440 912 Andree
1471 847 1625 912 Petrizcli
1648 847 1811 910 Alhertini
1834 845 1874 910 de
1896 845 2033 929 Radalo,
2058 847 2183 912 notario
2207 847 2422 935 infrascripto,

604 957 838 1044 quinquaginta
862 957 962 1022 libras
986 956 1239 1022 bononenorum.
1263 955 1345 1020 Item
1369 955 1507 1041 reliquid
1531 955 1599 1018 iure
1623 953 1723 1038 legati
1747 955 1918 1018 conventui
1941 953 2093 1018 Fratrum
2116 954 2360 1020 Predicatomm
2383 956 2422 1021 de

604 1065 754 1130 Bononia
778 1065 971 1151 quingentas
995 1065 1095 1129 libras
1119 1064 1379 1146 bononenorum‚
1404 1069 1436 1128 et
1459 1063 1529 1127 vult
1552 1069 1585 1126 et
1608 1061 1740 1126 mandat
1764 1062 1848 1146 quod
1873 1061 1912 1125 dc
1936 1061 2089 1148 predictis
2119 1061 2303 1148 quingentis
2332 1064 2421 1129 libris

604 1173 847 1238 bononenorum
870 1173 927 1235 fiat
950 1193 1016 1236 una
1040 1179 1136 1235 truna
1158 1171 1297 1256 desuper
1324 1177 1356 1234 et
1379 1191 1477 1256 supra
1501 1170 1605 1234 voltas
1629 1169 1731 1233 altare
1754 1192 1780 1233 s.
1798 1169 1913 1234 Jacobi
1936 1177 1969 1234 et
1992 1191 2017 1233 s.
2038 1170 2206 1234 Laurentii
2230 1171 2262 1234 iu
2287 1172 2422 1236 ecclesia

604 1303 629 1344 s.
654 1280 834 1363 Dominici,
859 1288 891 1344 et
916 1279 960 1343 ibi
982 1280 1061 1344 fiant
1086 1278 1150 1343 duo
1174 1278 1290 1342 altaria
1313 1298 1413 1341 unum
1436 1276 1478 1340 ad
1501 1277 1655 1342 honorem
1683 1277 1770 1340 beati
1801 1275 1947 1363 Matthcy
1972 1277 2138 1363 Apostoli,
2163 1290 2194 1341 et
2219 1279 2357 1342 alterum
2380 1280 2421 1343 ad

604 1386 759 1452 honorem
783 1387 878 1451 beate
902 1385 1088 1468 Kathcline,
1110 1393 1146 1448 ut
1169 1385 1214 1448 ibi
1236 1390 1392 1471 perpetuo
1417 1384 1619 1448 celebrentur
1643 1383 1738 1448 misse
1762 1404 1820 1468 pro
1844 1384 1952 1448 anima
1976 1405 2045 1467 saa,
2065 1393 2098 1448 et
2120 1387 2205 1470 patri
2228 1387 2278 1450 sui
2301 1387 2422 1450 domini

605 1493 808 1576 Oddoiiredi,
833 1500 865 1558 et
887 1493 985 1557 matri
1008 1513 1082 1574 sue,
1107 1501 1140 1556 et
1163 1492 1245 1574 iilic,
1269 1499 1302 1556 et
1326 1491 1468 1556 omnium
1491 1512 1622 1554 suorum
1646 1491 1783 1554 aliorum
1807 1497 2016 1555 mortuorum.

693 1601 776 1666 Item
801 1600 940 1686 reliquid
972 1601 1040 1664 iure
1071 1600 1172 1685 legati
1203 1599 1374 1664 conventui
1402 1598 1537 1662 fratrum
1562 1598 1724 1663 Minorum
1747 1597 1786 1662 de
1810 1597 1958 1662 Bononia
1982 1599 2174 1684 quingentas
2198 1599 2298 1664 libras
2322 1601 2421 1668 bono·

604 1730 771 1791 uenarum,
796 1716 828 1773 ct
852 1707 984 1772 mandat
1008 1707 1093 1794 qaod
1117 1706 1157 1772 de
1181 1707 1274 1770 dictis
1298 1705 1482 1792 quingentis
1506 1705 1595 1770 libris
1620 1706 1862 1770 bononenorum
1886 1705 2025 1770 debcant
2047 1707 2117 1770 fieri
2140 1708 2172 1770 in
2195 1709 2331 1772 ecclesia
2358 1709 2421 1774 fra·

604 1827 691 1884 trum
707 1818 869 1882 Mincrum
885 1817 977 1880 iuxta
993 1816 1096 1880 altare
1116 1837 1141 1880 s.
1160 1815 1255 1880 Clare
1278 1815 1341 1878 tria
1365 1815 1497 1878 altaria:
1515 1815 1654 1900 primum
1677 1815 1779 1878 altare
1803 1813 1844 1876 ad
1868 1814 2020 1878 honorem
2045 1815 2132 1879 beati
2154 1815 2245 1880 Petri
2261 1817 2420 1903 Apostoli,
2502 1825 2508 1840 '

604 1920 2420 2008 mmmmmmfflmfflfflmfflmmfflmwmmmfflmm

602 2032 823 2118 Evangelistc,
841 2038 873 2095 ct
888 2031 933 2096 ibi
949 2039 1105 2116 perpetuo
1130 2030 1332 2095 celebrentur
1356 2029 1451 2093 misse
1475 2051 1533 2114 pro
1558 2028 1666 2092 anima
1690 2050 1758 2112 sua,
1784 2037 1815 2092 ct
1839 2029 1924 2114 patri
1947 2029 1996 2093 sui
2020 2029 2140 2095 domiui
2165 2030 2364 2117 Oddoffredi,
2389 2041 2421 2098 et

604 2140 716 2206 matris
740 2160 808 2221 sue,
833 2145 865 2203 et
889 2138 964 2221 iilic,
989 2143 1021 2202 et
1044 2137 1186 2202 omnium
1210 2136 1347 2200 aliorum
1370 2157 1501 2200 suorum
1525 2143 1734 2199 mortuorum.

693 2248 777 2312 Item
800 2245 937 2331 reliquid
967 2267 1026 2330 pro
1058 2245 1255 2330 paramentis
1280 2243 1468 2307 altariorum
1495 2243 1638 2328 predicto
1670 2243 1841 2308 conventui
1865 2243 2001 2308 fratrum
2023 2244 2268 2311 Predicatorum
2292 2255 2419 2312 centum

603 2357 703 2420 libras
727 2356 985 2436 bononenorum‚
1009 2359 1043 2417 ct
1066 2352 1238 2417 conventui
1268 2351 1405 2416 fratrum
1428 2350 1590 2414 Mincrum
1613 2373 1671 2436 pro
1699 2351 1896 2437 paramentis
1931 2351 2089 2417 dictorum
2120 2353 2309 2418 altariorum
2340 2356 2420 2420 alias

604 2471 732 2528 centum
754 2463 854 2526 libras
877 2461 1131 2525 bononenorum.
1155 2459 1198 2523 Et
1222 2459 1249 2522 si
1272 2459 1348 2524 dicti
1379 2459 1496 2522 fratres
1519 2458 1762 2540 Predicatores,
1787 2459 1838 2522 vel
1866 2459 1983 2524 fratres
2014 2460 2156 2525 Minores
2188 2460 2274 2527 dicta
2305 2463 2421 2528 altaria

603 2579 636 2635 et
659 2591 758 2656 opera
781 2569 967 2655 supradicta
989 2568 1097 2631 facere
1122 2573 1317 2648 recusarent,
1334 2573 1410 2630 tunc
1435 2572 1466 2629 et
1490 2587 1527 2629 eo
1552 2587 1629 2629 casu
1651 2565 1758 2630 facere
1782 2567 2005 2632 recusantibus
2029 2569 2225 2654 supradicta,
2242 2569 2365 2655 adymit
2388 2579 2420 2635 et

603 2685 710 2744 cassat
734 2679 766 2740 in
790 2683 892 2741 totum
913 2675 1058 2762 predicta
1082 2675 1201 2759 legata,
1223 2681 1254 2738 et
1278 2673 1414 2760 precipit
1437 2681 1469 2736 et
1493 2672 1624 2737 mandat
1651 2673 1736 2758 quod
1761 2673 1847 2738 dicta
1872 2695 1970 2760 opera
1993 2681 2025 2740 et
2048 2675 2165 2740 altaria
2189 2676 2328 2743 debeant
2351 2679 2421 2744 fieri

603 2785 688 2850 infra
712 2805 833 2849 annum
856 2805 875 2846 a
899 2783 950 2847 die
974 2782 1085 2846 mortis
1109 2782 1209 2868 ipsius
1232 2781 1352 2845 domini
1375 2780 1515 2844 Albcrti.

691 2886 2418 2977 fflmmffiwmfflfflffimmfflmmmmmwfflQMmfflwm,

603 3000 782 3064 Iohannem
806 3006 838 3063 ct
861 2998 997 3062 Luziam
1020 2997 1059 3061 dc
1083 2997 1199 3081 legatis
1231 2996 1351 3060 eisdem
1374 2995 1493 3058 relictis
1517 2994 1628 3080 aliqua
1651 2995 1775 3060 rationo
1799 2996 1851 3061 vel
1875 3019 1992 3080 causa,
2017 2998 2056 3063 de
2077 3001 2150 3082 jure
2175 3000 2226 3064 vel
2250 2999 2289 3064 do
2313 3001 2419 3085 facto,

603 3102 2420 3193 emmmwfflmwmmfflmmmmmdmmmwmffiwwmmmwmmfflm

602 3209 2421 3301 mmwfflmwwmfflmmmfflmmmmmmmfflmfflmmmfflmmfflh

603 3322 662 3387 ctis
685 3322 802 3408 legatis
825 3320 896 3385 vult
919 3320 952 3383 in
975 3325 1078 3383 totum
1101 3318 1314 3382 hereditatem
1342 3318 1502 3403 pertinere
1527 3324 1559 3381 et
1583 3317 1623 3381 ad
1647 3339 1718 3382 eam
1749 3319 1961 3384 hereditatem
1992 3320 2154 3386 devenire.
2178 3321 2221 3386 Et
2252 3323 2279 3386 si
2310 3344 2420 3388 omnes

601 3430 737 3495 heredes
761 3428 897 3516 predicti
920 3426 1041 3491 domini
1066 3425 1192 3490 Alberti
1215 3425 1448 3510 inquietarent,
1473 3425 1524 3489 vel
1549 3427 1757 3490 molestarent
1788 3427 1949 3512 predictos
1980 3428 2012 3492 in
2042 3430 2195 3515 predictis
2227 3431 2344 3514 legatis
2368 3431 2420 3495 vel

602 3538 739 3602 alterum
763 3557 891 3618 eorum,
916 3541 993 3598 tnnc
1024 3540 1056 3597 et
1086 3555 1125 3597 eo
1149 3553 1225 3597 casu
1248 3532 1317 3597 vult
1339 3533 1552 3597 hereditatem
1575 3555 1666 3596 suam
1689 3534 1858 3619 pervenire
1882 3535 1924 3598 ad
1952 3536 2111 3623 hospitale
2139 3538 2241 3602 sancti
2265 3537 2420 3603 Iohannis

602 3642 886 3724 Zerosolomitani,
910 3647 943 3705 et
973 3639 1014 3704 ad
1045 3639 1176 3705 domum
1206 3639 1465 3725 Templariorum
1497 3639 1781 3722 Zerosolomitani3
1806 3649 1837 3704 et
1868 3663 1906 3706 eo
1938 3663 2015 3707 casu
2046 3642 2167 3708 dictum
2199 3644 2357 3730 hospitale
2389 3654 2421 3709 et

602 3751 732 3816 domum
756 3749 1014 3836 Templaricrum
1045 3747 1107 3811 sibi
1137 3747 1272 3811 heredes
1303 3745 1458 3829 instituit,
1482 3755 1514 3811 et
1546 3747 1680 3812 heredes
1708 3748 1769 3812 sibi
1794 3749 1955 3814 institutos
1980 3750 2011 3812 in
2036 3749 2121 3814 dicto
2145 3773 2202 3814 suc
2227 3758 2419 3819 testamento

601 3860 709 3946 privat
733 3880 752 3922 a
776 3858 861 3921 dieta
885 3877 944 3920 sua
968 3855 1146 3919 hereditate
1171 3861 1203 3918 et
1226 3853 1316 3917 illam
1338 3854 1550 3918 hereditatem
1582 3854 1736 3920 transfert
1766 3856 1807 3920 sd
1834 3857 2013 3942 predictum
2041 3858 2199 3944 hospitale
2230 3867 2262 3923 et
2290 3861 2420 3925 domam

602 3965 860 4053 Templariorum
880 3965 953 4048 jure
979 3962 1198 4027 institutionis.

689 4073 771 4136 Item
795 4069 933 4156 reliquid
956 4069 1074 4155 Egidio
1096 4069 1137 4134 de
1160 4068 1290 4154 Ugiano
1314 4069 1521 4154 septuaginta
1545 4069 1644 4134 libras
1668 4070 1922 4135 bononenorum.

690 4175 2417 4268 fflmmmffimmffiwmhmwmmMmfflmmmwmmffifflmmm

601 4309 673 4352 cum
696 4286 751 4351 fiet
775 4285 929 4350 transitus
953 4283 1114 4368 generalis
1137 4282 1223 4347 ultra
1247 4303 1350 4366 mare,
1375 4283 1407 4346 in
1431 4283 1608 4348 subsidium
1636 4285 1736 4349 Terre
1769 4285 1886 4350 Sancte
1918 4308 1961 4350 ex
1990 4287 2199 4373 Indulgentia
2229 4289 2346 4377 Papali
2378 4291 2419 4356 ad

601 4393 752 4458 standum
775 4413 834 4478 per
857 4411 957 4454 unum
980 4411 1100 4453 annum
1124 4411 1182 4473 pro
1206 4389 1314 4453 anima
1336 4389 1437 4474 ipsius
1460 4389 1580 4454 domini
1605 4390 1742 4455 filberti.

690 4495 2417 4584 Mmfflfflmmmmfflmmmewmfflfflmmmmmmmfflb

602 4607 738 4673 doffredi
761 4607 862 4694 patris
886 4605 946 4687 sui,
972 4604 1058 4690 quod
1081 4603 1257 4668 secundum
1280 4603 1417 4668 formam
1441 4603 1517 4669 dicti
1540 4607 1725 4670 testamenti
1750 4607 1927 4673 solvantur.

691 4714 774 4780 Item
796 4713 934 4801 precipit
957 4721 988 4777 at
1013 4711 1145 4776 mandat
1168 4710 1254 4797 quod
1276 4711 1310 4775 in
1334 4711 1386 4774 die
1410 4711 1573 4797 sepulture
1597 4735 1653 4778 sue
1676 4715 1838 4780 molantur
1861 4717 2097 4802 quinquaginta
2125 4717 2220 4782 corbe
2244 4718 2416 4802 frumenti,

604 4817 2418 4911 memwmmmwwmmfflhwmmhmmmmmmMMfflmmnm

602 4931 795 5012 sufficerent,
820 4928 905 5015 quod
930 4927 1024 4992 detur
1047 4925 1179 4991 cuilibet
1204 4925 1338 5011 pauperi
1362 4947 1444 4990 unus
1468 4926 1629 4992 denarius.

691 5038 775 5102 Item
799 5035 936 5122 reliquid
960 5033 1114 5099 fratribus
1136 5033 1408 5116 Predicatcribus,
1425 5041 1457 5098 at
1480 5034 1634 5100 fratribus
1657 5037 1835 5102 Minoribus
1859 5037 1899 5101 dc
1922 5038 2070 5103 Bononia
2103 5040 2246 5125 quolibet
2270 5063 2355 5106 anno
2378 5041 2418 5106 de

602 5146 728 5211 meliori
751 5153 783 5209 et
807 5143 983 5230 pulchriori
1006 5141 1177 5225 frumento,
1195 5140 1281 5227 quod
1303 5141 1473 5227 colligetur
1496 5143 1527 5206 in
1551 5145 1805 5229 possessionibus
1830 5145 1930 5230 ipsius
1945 5145 2067 5210 domini
2081 5147 2210 5212 Alberti
2225 5170 2284 5234 pro
2301 5149 2417 5213 oblatis

603 5261 635 5317 et
659 5274 791 5339 corpore
817 5251 936 5316 Christi
960 5249 1118 5332 faciendo,
1136 5255 1292 5334 quantum
1314 5256 1364 5312 est
1387 5251 1601 5314 necessarium
1626 5252 1777 5337 predictis
1801 5251 1956 5316 fratribus
1972 5253 2235 5320 Predicatcribus
2259 5263 2291 5320 ct
2314 5256 2419 5320 Minu·

602 5361 702 5444 ribus,
727 5367 759 5424 et
783 5358 931 5424 omnibns
955 5359 1026 5422 aliis
1051 5356 1261 5421 conventibus
1285 5357 1437 5421 Fratrum
1459 5356 1498 5420 dc
1522 5357 1680 5442 Bononia,
1698 5366 1729 5423 et
1753 5359 1906 5423 comitatu
1929 5367 1962 5423 et
1983 5360 2119 5424 aliorum
2137 5363 2279 5426 omnium
2295 5364 2417 5449 presbi-

603 5477 745 5533 terorum
769 5467 808 5532 de
834 5466 963 5531 civitate
988 5471 1020 5530 et
1043 5465 1196 5529 comitatu
1220 5464 1376 5529 Bononio.
1400 5463 1443 5529 ut
1466 5465 1527 5551 ipsi
1551 5465 1666 5530 fratres
1691 5466 1914 5531 Predicatores
1938 5473 1970 5530 ct
1993 5467 2134 5532 Minores
2154 5451 2325 5534 tencantur
2340 5471 2417 5535 dare

602 5571 2417 5663 fflmffiwmfflmwmmQfflmfflmwmmmfflwwwwfflwm

601 5691 668 5748 tate
691 5689 724 5746 et
747 5681 901 5746 comitatu
923 5679 1081 5745 Bononia.

691 5790 774 5854 Item
798 5788 936 5874 reliquid
961 5789 1132 5852 conventui
1156 5787 1306 5850 Fratrum
1330 5787 1575 5852 Predicatorum
1598 5787 1638 5852 dc
1661 5788 1809 5853 Bononia
1833 5791 1977 5875 quolibet
2000 5813 2085 5854 anno
2106 5790 2287 5876 quindecim
2304 5792 2417 5856 corbas

601 5894 2417 5987 emhfflmMmmmmmfflmmmmmmmfflfflmfflwmmmmm

600 6027 677 6094 pore
703 6003 1067 6070 Ohrhtisacmficando.

690 6113 774 6177 Item
805 6111 944 6198 reliquid
974 6110 1128 6175 fratribus
1152 6109 1331 6175 Minoribus
1355 6109 1394 6172 dc
1418 6109 1566 6174 Bononia
1589 6111 1733 6196 quolibet
1757 6133 1841 6176 anno
1865 6112 1976 6177 decem
1999 6113 2202 6178 corbertini
2225 6114 2264 6178 de
2288 6115 2417 6199 albana,

600 6221 685 6307 qnod
710 6220 872 6306 colligitur
896 6220 936 6283 de
960 6219 1073 6282 eadem
1096 6217 1192 6282 vinea
1216 6217 1255 6281 da
1279 6216 1414 6281 meliori.

688 6329 772 6393 Item
802 6327 941 6413 reliquid
977 6325 1147 6391 conventui
1174 6323 1311 6388 fratrum
1333 6324 1619 6390 Heremitanorum
1643 6325 1763 6390 ordinis
1787 6327 1890 6392 sancti
1913 6326 2024 6391 Iacobi
2047 6334 2146 6391 strate
2171 6329 2273 6392 sancti
2296 6328 2419 6393 Donati

599 6431 2417 6521 MBmmmmeewmsmuMmmffldamfflmmmmtwmpmmmmOMMMmm

598 6543 735 6610 ficando.
