5484 7746
1035 623 1226 674 APPENDIX
1252 623 1402 674 ALTERA

304 773 345 836 tri
369 774 511 860 redegit3
536 775 620 840 unde
653 762 749 840 etiam
773 778 934 842 Patricius
962 799 1113 842 romanus
1137 785 1186 840 est

304 881 447 946 effectus.

369 989 467 1054 Paulo
489 991 642 1074 inferius:

365 1096 529 1163 Adrianus
554 1121 655 1166 annos
675 1101 771 1165 XIII.
789 1124 915 1167 menses
931 1103 973 1167 X.
991 1103 1059 1166 dies
1074 1100 1185 1166 XVII.

305 1201 414 1289 Hujus
437 1207 585 1291 precibus
606 1216 739 1273 vocatus
757 1209 891 1274 Carolus
907 1209 1056 1295 Magnus,
1074 1229 1186 1294 supra-

304 1313 460 1377 nominati
476 1313 584 1401 Pipini
600 1317 686 1399 regis
703 1317 798 1399 filins,
812 1317 937 1381 obsedit
952 1315 1186 1402 Langobardos

305 1420 336 1483 in
360 1420 475 1506 Papia,
500 1423 555 1486 ubi
578 1423 663 1510 cepit
686 1424 892 1488 Desiderium
915 1445 1025 1510 regem
1048 1432 1081 1488 et
1104 1445 1185 1488 uxo-

304 1550 372 1592 rem
391 1531 471 1614 ejus,
490 1553 569 1616 qnos
587 1532 717 1617 capiens
737 1533 879 1618 portavit
895 1533 927 1596 in
943 1532 1125 1596 Franciam.
1143 1531 1186 1594 Et

304 1637 442 1701 reddidit
466 1639 574 1720 omnia
598 1661 660 1725 que
685 1649 777 1726 pater
800 1642 870 1726 ejus
894 1641 1029 1726 Pipinus
1053 1639 1187 1704 dederat

303 1743 399 1807 beato
423 1745 532 1828 Petro,
558 1747 710 1832 adjuncto
735 1769 861 1834 quoque
884 1747 915 1812 ei
938 1747 1058 1811 ducatu
1081 1747 1185 1832 spole-

303 1856 379 1917 tano
403 1861 435 1916 et
459 1854 694 1920 beneventano.
720 1856 771 1921 Ob
794 1857 854 1921 hoc
878 1863 910 1920 et
933 1857 1001 1942 ipse
1025 1855 1186 1920 Patricius

303 1959 524 2026 Romanorum
548 1970 597 2026 est
620 1963 733 2028 dictus.

367 2067 582 2134 Praemittitur
612 2073 681 2135 item
703 2074 795 2136 sertas
817 2075 1039 2156 Imperatorum
1062 2095 1081 2136 a
1106 2075 1186 2136 reati-

303 2177 392 2239 citnte
418 2174 532 2242 Christi
553 2199 648 2263 usqree
663 2179 706 2242 nd
724 2178 945 2262 Constantiana,
961 2180 1103 2244 Heraclii
1115 2180 1186 2262 fra·

304 2289 381 2345 trem
405 2290 431 2347 et
451 2285 564 2367 filium,
586 2285 704 2350 adiecto
726 2289 853 2371 insuper
875 2308 1030 2351 annornm
1047 2289 1186 2372 periculo,

305 2411 366 2474 piro
382 2391 505 2475 quilibet
522 2395 687 2476 trimerntor
702 2377 850 2478 regnarit,
864 2416 941 2479 quae
956 2397 1058 2458 omnio
1074 2397 1185 2460 exscri-

300 2506 356 2582 pta
380 2506 452 2562 sunt
475 2521 512 2563 en
534 2500 674 2564 clrrcnicn
698 2501 802 2566 Bedne
823 2501 999 2586 presbyteri

367 2605 439 2670 Post
461 2607 533 2672 llaec
549 2629 623 2693 puy.
640 2609 687 2673 I.⁰
708 2608 895 2674 Collectionis
921 2608 1081 2673 Conouum
1102 2610 1193 2674 echi--

305 2711 393 2776 betur
415 2714 485 2778 idea
514 2718 606 2778 totius
634 2719 732 2800 operta
754 2719 788 2780 in
810 2717 882 2781 luceo
905 2717 1012 2799 uerbo,
1036 2739 1114 2802 prena
1137 2739 1186 2782 en·

303 2819 463 2884 scribenda
486 2822 646 2886 ducimus:

366 2926 483 3013 incipit
504 2930 691 3014 capitulatio
708 2931 873 3014 librorum,
891 2953 971 3016 quos
987 2932 1101 2996 beatus
1118 2934 1186 2996 An·

304 3034 434 3116 selmus,
451 3036 590 3100 lucensis
608 3039 787 3125 episcopas,
801 3039 840 3102 de
857 3039 1064 3124 coequalibus
1081 3041 1186 3104 causis

304 3142 448 3225 singulos
474 3144 505 3207 in
529 3145 590 3208 hoc
613 3145 775 3210 uolumine
799 3146 898 3211 libros
922 3148 1117 3233 composuit:

372 3248 398 3312 I.
423 3250 473 3313 De
497 3258 656 3336 potestate
681 3260 713 3316 et
732 3255 874 3339 primatu
890 3255 1064 3340 apostolice
1082 3256 1184 3320 Sedis.

353 3357 397 3421 II.
425 3358 473 3422 De
497 3359 645 3424 libertate
670 3362 907 3447 appellationis.

339 3464 401 3528 III.
426 3465 476 3529 De
501 3467 611 3531 ordine
636 3468 819 3552 accusandi,
837 3470 1030 3534 testificandi
1047 3479 1079 3534 et
1100 3472 1185 3556 judi·

502 3574 606 3638 candi.

342 3679 400 3743 IV.
425 3679 475 3744 De
499 3682 742 3768 privilegiorum
766 3687 968 3750 auctoritate.

360 3787 401 3852 V.
425 3788 475 3851 De
500 3790 754 3856 ordinationibus
771 3793 979 3857 ecclesiarum
996 3795 1083 3858 etde
1100 3795 1186 3859 omni

497 3898 571 3981 jure
595 3919 633 3962 ac
656 3907 742 3963 statu
767 3900 906 3964 illarum.

340 4002 398 4068 VI.
423 4004 473 4069 De
497 4005 653 4070 electione
677 4015 710 4071 et
734 4008 948 4092 ordinatione,
973 4031 1011 4074 ac
1035 4010 1074 4074 de
1100 4011 1186 4075 omni

498 4120 658 4199 potestate
683 4115 750 4178 sive
775 4122 862 4179 statu
886 4112 1120 4202 episcoporum.

324 4219 400 4284 VII.
425 4221 475 4284 Dc
499 4222 566 4286 vita
590 4229 622 4285 et
646 4223 846 4287 ordinatione
871 4225 1069 4290 clericorum.

305 4325 400 4391 VIII.
424 4327 474 4391 Dc
498 4329 608 4415 lapsis.

338 4434 397 4498 IX.
423 4435 472 4499 De
496 4439 716 4502 sacramentis.

355 4542 398 4606 X.
422 4543 472 4606 De
497 4545 666 4630 conjugiis.

337 4649 398 4714 XI.
422 4651 473 4716 De
497 4633 695 4737 penitentia.¹

319 4757 398 4822 XII.
423 4759 473 4823 De
497 4762 806 4827 excomunicationc.

304 4867 401 4931 XIII.
425 4869 475 4934 De
499 4869 641 4934 vindicta
665 4878 696 4934 et
720 4872 942 4956 persecutione
963 4874 1061 4956 justa.

366 4974 510 5060 Explicit
533 4977 698 5043 adnotatio
722 4979 963 5064 precedentium
986 4980 1152 5045 librorum.

367 5082 453 5148 Hinc
476 5087 649 5150 immediate
671 5089 828 5172 sequitur:

290 5274 291 5278 Ἰ
367 5192 485 5278 Incipit
500 5194 664 5257 autentica
680 5200 712 5258 et
728 5195 955 5281 compendiosa
972 5196 1119 5260 collectio
1135 5219 1186 5261 re·

304 5300 454 5384 gularum
478 5307 510 5363 et
533 5301 765 5365 sententiarum
790 5309 974 5366 sanctorum
997 5303 1133 5368 Petrum
1154 5311 1187 5369 ct

305 5407 552 5470 auctorabilinm
576 5407 802 5492 Consiliorum,
824 5409 910 5473 lacta
940 5416 1084 5496 tempore
1107 5410 1185 5476 VII.

306 5514 376 5578 GG.
394 5515 587 5578 sanctissimi
611 5515 700 5602 Papo
725 5538 744 5580 a
764 5517 949 5581 beatissimo
965 5517 1121 5584 Anselmo
1137 5519 1186 5583 lu·

287 5612 392 5686 ¹censi
416 5625 566 5709 episcopo
590 5625 660 5707 ejus
685 5624 832 5710 diligenti
854 5625 1015 5689 imitatore
1036 5634 1069 5690 et
1092 5626 1187 5690 disci·

304 5730 391 5815 pulo,
417 5732 508 5814 cujus
529 5731 675 5815 jussione
709 5739 741 5795 et
768 5740 920 5818 precepto
945 5781 1185 5799 ........

305 5887 511 5902 .......
536 5839 597 5903 hoc
622 5860 712 5924 opus.

368 5945 457 6010 Libri
467 5949 568 6031 primi
582 5949 716 6031 capitula
732 5956 940 6012 numeruntur
952 5947 1081 6013 XCIII.
1101 5948 1186 6014 Neu-

305 6055 393 6118 nutta
416 6075 453 6117 ee
475 6055 585 6119 eisdem
610 6062 716 6119 notatu
739 6055 1007 6139 diprruoirlentnr.
1036 6097 1041 6106 ·

368 6161 449 6225 Sunt
471 6170 572 6226 autem
597 6163 791 6226 buiresmodi:

366 6268 519 6334 LXXVI.
543 6268 593 6332 De
618 6270 799 6334 constantia
822 6291 905 6356 pape
921 6269 1057 6355 Agapiti
1074 6276 1187 6334 contra

305 6376 525 6439 lastinianum
541 6375 737 6461 Augustum,
755 6398 849 6462 quem
869 6376 999 6440 tandem
1024 6377 1065 6441 ad
1089 6376 1187 6464 pedes

304 6505 378 6546 suos
402 6483 607 6547 humiliatum
631 6483 721 6548 vidit.

421 6621 488 6658 ron.
508 6621 541 6658 11.

2053 607 2125 676 281

1312 777 1485 842 LXXVII.
1514 779 1563 844 De
1596 779 1779 844 obedientia
1809 789 1841 844 et
1872 780 2010 862 honore,
2036 801 2130 866 quem

1251 884 1400 948 Tiberius
1424 886 1599 970 imperator
1622 887 1748 951 exibuit
1770 909 1854 974 pape
1878 887 2099 952 Constantino.

1312 992 1468 1056 LXXIX.
1493 993 1630 1068 Quando
1649 993 1825 1080 Gregorius
1844 1017 1930 1081 papa
1953 1017 2088 1080 regnum
2112 1017 2132 1059 a

1250 1099 1360 1164 Leone
1384 1100 1577 1186 imperatore
1602 1103 1765 1188 separavit
1784 1109 1916 1188 propter
1932 1105 2002 1186 ejus
2019 1104 2131 1190 impie-

1250 1213 1361 1272 tatem.
2091 1213 2092 1216 ’

1314 1315 1436 1380 Statilio
1457 1317 1525 1399 fere
1546 1324 1635 1400 secret,
1659 1320 1719 1382 siue
1742 1320 1875 1383 eiusdem
1896 1322 2030 1404 perieris,
2055 1341 2132 1404 pirae

1250 1431 1424 1507 sequuntur
1445 1427 1578 1508 capitulo
1602 1447 1696 1510 usqne
1718 1427 1761 1490 ud
1783 1448 1868 1490 num.
1887 1426 2086 1492 LXXXIX.

1316 1529 1416 1614 Capiet
1427 1533 1592 1596 secumdum
1606 1537 1735 1598 contInet
1747 1535 1881 1618 capitulo
1893 1534 2026 1598 ruLXX
2035 1534 2130 1598 VIII.

1251 1638 1281 1700 in
1308 1638 1417 1722 paribus
1437 1639 1508 1722 fuse
1530 1641 1567 1703 de
1589 1643 1656 1705 inre
1678 1643 1889 1725 appellationis
1908 1643 1951 1705 ud
1967 1664 2129 1706 romanum

1247 1746 1417 1830 pmztificcm
1445 1748 1617 1812 disseritur.
1641 1749 1853 1814 Exscribiurus
1883 1751 1931 1814 bic
1961 1753 2130 1836 capitulum

1251 1852 1417 1936 LXXII,
1438 1857 1465 1918 si
1488 1857 1564 1940 quiet
1585 1857 1628 1920 orl
1648 1858 1807 1922 historiam
1838 1838 2032 1923 recensentem
2062 1881 2130 1924 cou-

1247 1961 1333 2042 ferre
1354 1964 1485 2045 poterit,
1510 1965 1591 2048 quod
1620 1972 1721 2028 turnen
1751 1987 1820 2030 cum
1855 1968 1986 2030 vaticani
2024 1968 2132 2031 corticis

1251 2071 1418 2153 cserrrpturi
1444 2069 1662 2152 conferendum
1693 2072 1727 2135 ob
1751 2073 1862 2137 merida
1894 2095 1972 2158 quae
2004 2077 2038 2138 in
2068 2077 2132 2158 ipso
2172 2141 2174 2148 .

1250 2184 1434 2239 accierrunt:

1314 2281 1554 2368 Constantmns,
1579 2286 1708 2350 natione
1734 2285 1844 2371 Syrus,
1866 2287 2026 2351 ordinarit
2046 2288 2131 2351 Feli·

1250 2409 1320 2452 cem
1344 2391 1619 2478 archiepiscopum
1644 2401 1862 2477 ravennatem,
1881 2395 1936 2479 qni
1954 2396 2129 2459 secundnm

1251 2545 1391 2561 .....
1417 2520 1548 2570 suorum
1571 2500 1681 2564 solitas
1706 2501 1808 2564 noluit
1832 2503 1865 2564 in
1889 2503 2005 2567 scrinio
2025 2503 2132 2567 facero

1251 2605 1425 2686 cautiones,
1443 2607 1526 2670 sicut
1541 2629 1599 2692 per
1619 2609 1795 2693 potentiam
1809 2609 1954 2692 judicum
1970 2609 2130 2696 exposuit,

1250 2719 1286 2775 ut
1309 2713 1455 2798 pontifex
1479 2716 1602 2779 moluit.
1631 2715 1729 2780 Venit
1750 2725 1858 2780 autem
1882 2725 1914 2781 et
1938 2718 2132 2783 Benedictus

1251 2820 1512 2907 archiepiscopus
1536 2823 1784 2886 mediolanensis
1813 2825 1966 2888 orationis
1994 2834 2068 2890 roto
2101 2833 2132 2889 et

1251 2948 1309 2991 sno
1341 2950 1374 2990 se
1408 2929 1550 3013 pontifici
1581 2938 1778 3014 presentare.
1812 2932 1992 2996 Altercavit
2023 2941 2131 2998 autem

1251 3041 1283 3098 et
1305 3057 1364 3120 pro
1384 3036 1532 3100 Ecclesia
1556 3039 1703 3102 ticinensi
1727 3040 1808 3102 sicut
1833 3041 1997 3104 oorrviotns
2022 3051 2070 3104 est
2094 3063 2132 3105 eo

1251 3142 1335 3227 quod
1359 3165 1378 3206 a
1403 3145 1515 3228 priscis
1536 3145 1732 3230 temporibus
1750 3147 1826 3210 Seni
1851 3149 2025 3232 apostolice
2047 3148 2132 3232 ejus-

1250 3249 1323 3313 dem
1346 3251 1509 3314 ticinensis
1533 3251 1678 3315 Ecclesia
1703 3254 1862 3317 antistites
1887 3254 1928 3317 ad
1945 3276 2132 3319 consecran-

1250 3357 1326 3420 dum
1350 3358 1532 3444 pertinebat
1556 3367 1588 3422 et
1611 3361 1759 3444 pertinet,
1785 3369 1844 3424 etc.

1314 3465 1403 3529 Libri
1417 3466 1483 3530 III.
1497 3468 1632 3551 captitula
1649 3477 1855 3532 irretireroutur
1869 3469 2030 3534 CXXIII.
2050 3471 2130 3549 Orio·

1250 3596 1322 3638 rum
1346 3572 1545 3639 LXXXIV.
1566 3578 1721 3659 pertinent
1743 3577 1785 3640 ud
1807 3578 1872 3641 loen
1898 3581 2071 3642 corrrmnnio
2095 3581 2132 3644 de

1250 3683 1357 3746 ordine
1380 3684 1546 3746 accrescendi
1568 3692 1595 3747 et
1618 3685 1815 3768 testificandi,·
1838 3687 1957 3770 reliquo
1981 3708 2059 3770 cero,
2084 3709 2131 3750 ce·

1250 3791 1310 3853 luti
1331 3813 1350 3854 a
1368 3793 1483 3874 primis
1505 3791 1651 3874 sustracto,
1669 3795 1701 3855 in
1725 3813 1848 3876 corpore
1865 3816 1925 3878 per
1947 3795 2019 3858 boec
2043 3795 2131 3859 cerba

1250 3899 1445 3962 indicuntur:

1313 4005 1475 4092 Incipiunt
1499 4007 1726 4093 capitulaque
1754 4029 1796 4072 ex
1824 4009 1928 4093 grecis
1960 4016 1992 4073 et
2023 4010 2131 4072 latinis

1251 4114 1427 4178 canonibus
1459 4122 1491 4178 et
1523 4115 1661 4199 Synodis
1692 4117 1848 4198 romanis,
1874 4123 1970 4201 atque
1995 4117 2131 4182 decretis

1250 4222 1414 4308 presulum
1439 4243 1476 4285 ac
1496 4223 1676 4308 principum
1693 4245 1899 4287 romanorum
1914 4225 2050 4309 sparsim
2067 4224 2131 4288 col·

1250 4329 1334 4392 lecta
1362 4337 1445 4392 sunt.
1469 4329 1512 4393 Et
1535 4331 1747 4415 Angelranno
1775 4331 2016 4396 Mediomatrice
2044 4332 2132 4396 urbis

1250 4437 1419 4523 episcopo,
1443 4437 1546 4500 Rome
1571 4459 1590 4500 a
1614 4439 1708 4502 beato
1732 4460 1817 4524 papa
1845 4439 1990 4503 Adriano
2014 4440 2133 4503 tradita

1250 4551 1325 4608 sunt
1358 4544 1456 4608 XIII.
1491 4545 1648 4609 kalendas
1687 4547 1836 4628 octobris,
1864 4546 2037 4612 indictione
2072 4547 2131 4611 IX.

1251 4651 1379 4737 quaudo
1403 4675 1462 4738 pro
1486 4653 1535 4716 sui
1560 4654 1686 4738 negocii
1711 4675 1809 4716 cansa
1832 4654 2001 4738 agebatur.

1314 4760 1493 4845 Capitulum
1526 4768 1648 4842 autern,
1673 4762 1755 4846 quod
1788 4762 1959 4826 liumatinte
1993 4765 2132 4846 sequitur

1249 4889 1336 4932 nuru.
1363 4867 1542 4931 LXXXV.
1554 4919 1562 4950 ,
1586 4877 1627 4933 est
1649 4869 1843 4932 lirriusmocb':

1313 4975 1406 5050 Quod
1430 4976 1493 5040 Dei
1517 4975 1751 5040 ordinationem
1773 4982 1913 5057 accusat,
1931 4978 1986 5060 qni
2009 4976 2131 5061 episco-

1249 5105 1307 5170 pos
1333 5092 1474 5148 accusat.

1312 5190 1416 5256 Meclta
1440 5213 1507 5256 cero
1529 5195 1563 5255 iu
1586 5193 1633 5256 bis
1655 5192 1796 5275 capitulis
1818 5191 1999 5273 afferuntur
2022 5213 2058 5256 er
2074 5192 2132 5276 Sy·

1249 5301 1327 5363 noeto
1350 5299 1595 5382 chalcedonensi,
1612 5301 1796 5384 praesertim
1815 5297 1870 5362 sub
1891 5299 1970 5382 fine,
1995 5320 2047 5362 nec
2070 5321 2132 5363 non

1251 5429 1287 5472 en
1311 5407 1433 5493 Syrioelo
1457 5428 1585 5470 romono
1608 5407 1663 5470 snb
1686 5405 1795 5487 Felice,
1812 5413 1875 5470 tnm
1899 5427 1967 5470 cero
1991 5409 2081 5471 etiarn
2098 5429 2134 5471 en

1250 5515 1417 5580 actionibus
1437 5514 1492 5578 VI.
1506 5515 1621 5598 Surrodi
1636 5512 1887 5577 CCLXXXIX.
1901 5513 2132 5599 Episcoporum,

1251 5646 1288 5689 ea
1311 5623 1449 5708 molesmo
1474 5621 1618 5705 Concilio,
1641 5623 1780 5706 aliisque.

1313 5733 1522 5795 Amnnuensis
1537 5732 1607 5794 citio
1622 5751 1751 5795 canones
1763 5737 1790 5794 et
1801 5729 1920 5794 decreta
1931 5729 2004 5794 lioec
2018 5733 2132 5812 oiunio,

1251 5861 1329 5924 quae
1350 5841 1649 5903 comrrremoruuimus
1661 5889 1669 5920 ,
1693 5838 1819 5919 rorifluo
1849 5845 1937 5920 sunt,
1962 5859 2058 5922 raeque
2080 5859 2135 5902 sno

1250 5948 1311 6011 loeo
1333 5949 1444 6030 positu.
1473 5946 1563 6010 Inter
1591 5945 1822 6029 subscriptiones
1851 5947 2005 6008 tactionum
2035 5953 2135 6008 sectae

1253 6053 1370 6140 Synodi
1391 6055 1463 6118 lineo
1487 6056 1619 6118 occinuit
1627 6077 1637 6116 .·

1313 6161 1502 6226 Theodorus
1534 6161 1663 6224 humilis
1687 6160 1846 6246 presbiter
1877 6166 1987 6222 sancte
2019 6179 2133 6222 raren-

1251 6269 1335 6332 natis
1356 6269 1501 6333 Ecclesia
1522 6269 1629 6332 locum
1645 6289 1761 6353 gerens
1778 6267 1940 6331 Theodori
1956 6266 2133 6330 beatissimi

1251 6375 1495 6461 archiepiscopi.

1314 6483 1375 6548 Seel
1397 6484 1434 6547 eie
1456 6482 1504 6546 bis
1528 6485 1559 6546 in
1587 6481 1699 6546 Coracil.
1721 6503 1824 6567 pener.
1850 6480 1991 6544 chbnei.

2021 6608 2053 6657 36
