5490 7750
621 536 695 606 152
1406 555 1648 606 nonunnrvvn

723 710 792 784 XI.
824 707 1028 808 Capitulum
1062 710 1174 806 quod,
1200 710 1349 782 cadente
1379 709 1560 783 dubietate
1589 735 1696 808 super
1724 711 2017 808 interpretatione
2046 711 2173 784 harum
2201 711 2441 787 Reformatio-

616 859 713 932 num,
744 834 874 908 decisio
903 833 1080 932 privative
1111 835 1156 907 ad
1185 842 1345 908 sanctam
1375 833 1502 908 Sedem
1530 837 1719 932 pertineat.

723 959 811 1034 XII.
842 959 945 1049 Quod
975 959 1148 1056 praedicti
1176 959 1321 1056 Syndici
1349 957 1624 1034 Communitatis
1651 961 1833 1036 Bononiae
1868 961 1933 1035 has
1961 963 2231 1036 reformationes
2259 987 2329 1036 una
2358 987 2440 1036 cum

614 1084 720 1183 plena
748 1084 993 1180 acceptatione
1023 1084 1260 1181 capitulorum
1288 1109 1379 1182 quae
1409 1084 1604 1159 reformata
1632 1079 1702 1160 non
1731 1096 1831 1181 sunt,
1862 1088 2053 1160 observarc
2081 1095 2118 1162 et
2145 1088 2322 1161 ratificarc
2355 1113 2438 1185 pro·

616 1210 772 1283 mittant.
983 1187 987 1192 ’

721 1335 831 1408 Hisce
859 1334 1089 1432 praehabitis,
1111 1333 1327 1408 Constitutio
1359 1335 1540 1408 descendit
1568 1336 1613 1410 ad
1637 1335 1865 1408 insertionem
1894 1337 2027 1410 tenoris
2046 1338 2252 1432 syndicatus
2272 1364 2331 1412 seu
2353 1364 2436 1437 pro·

615 1459 782 1532 curatorii
818 1459 976 1556 ejusdem
1014 1459 1330 1555 611116116,11611111
1367 1460 1402 1532 in
1437 1458 1571 1557 palatio
1606 1485 1700 1533 novo
1746 1461 1810 1532 sub
1849 1484 1940 1533 anno
1977 1459 2215 1557 MCCCXL.,
2245 1463 2436 1537 indictione

614 1592 753 1680 octava,
783 1585 839 1658 (116
867 1585 1086 1658 1111666616
1114 1585 1248 1683 aprilis,
1268 1586 1306 1658 in
1335 1610 1404 1682 quo
1433 1610 1455 1658 a
1483 1585 1641 1681 generali
1669 1585 1836 1681 Consili0,
1859 1587 1993 1683 pariter
2016 1586 2074 1659 hic
2098 1587 2243 1683 inserte,
2265 1613 2436 1662 unacum

614 1709 895 1784 consiliariorum
922 1710 1122 1784 nominibus
1150 1710 1190 1782 fit
1218 1710 1402 1809 deputatio
1432 1711 1717 1785 ambaxiatorum
1747 1710 1793 1784 ad
1821 1719 1982 1784 sanctam
2011 1713 2159 1807 Sedem,
2189 1713 2234 1785 ad
2266 1713 2434 1788 effectum

614 1859 741 1933 nempe
768 1835 951 1908 obtinendi
978 1835 1237 1909 declarationes
1265 1844 1301 1908 et
1328 1836 1600 1910 reformationes
1629 1837 1672 1908 dc
1711 1836 1839 1933 quibus
1875 1861 2004 1934 supra,
2034 1845 2070 1910 et
2098 1837 2144 1910 ad
2172 1837 2238 1910 hoc
2267 1847 2307 1910 ut
2335 1849 2437 1913 actus

615 1985 698 2034 vere
722 1961 896 2058 juridicus
924 1969 1030 2057 esset,
1050 1961 1227 2056 Potestas,
1249 1959 1422 2034 Consules
1450 1987 1492 2034 ac
1520 1963 1672 2035 Antiani
1701 1963 1883 2035 decretum
1912 1963 2210 2059 approbationum
2229 1964 2435 2062 emiserunt,

615 2091 650 2156 et
681 2085 979 2158 Ambaxiatorum
1008 2085 1206 2158 commissio
1235 2085 1280 2158 ad
1310 2086 1378 2158 tria
1406 2095 1539 2184 puncta
1566 2088 1712 2160 redacta
1741 2087 1826 2159 fuit:

720 2210 841 2282 Primo
881 2235 1007 2307 nempe
1043 2211 1089 2283 ad
1117 2211 1290 2308 petendas
1319 2211 1477 2308 priorum
1505 2211 1741 2308 capitulorum
1771 2211 2061 2307 reformationes,
2092 2212 2213 2310 Papae
2241 2213 2451 2291 absolutio.

613 2360 705 2431 nem,
722 2337 767 2408 ab
787 2336 949 2409 omnibus
971 2337 1140 2431 censuris,
1158 2344 1193 2408 et
1212 2335 1479 2433 privilegiorum
1499 2361 1540 2410 ac
1559 2338 1891 2434 praerogativarum
1911 2337 2223 2432 reintegrationem
2238 2339 2434 2434 obtineant,

613 2469 649 2533 et
685 2461 830 2533 tandem
867 2462 981 2557 quod,
1013 2468 1136 2533 secuta
1170 2461 1406 2534 ratificatione
1441 2461 1626 2535 literarum
1660 2461 1955 2560 apostolicarum,
1985 2463 2176 2560 deputetur
2204 2464 2336 2559 absque
2365 2463 2436 2536 alia

614 2586 898 2660 denominatione
935 2587 1055 2684 populi
1094 2587 1321 2660 bononiensis
1359 2587 1548 2661 Tbadaeus
1578 2589 1620 2660 dc
1649 2588 1794 2686 Pepulis
1821 2589 1857 2660 in
1886 2588 2211 2662 administratorem
2235 2589 2370 2685 jurium
2398 2598 2435 2662 et

607 2712 780 2784 bonorum
809 2711 1002 2807 Ecclesiae,
1028 2713 1220 2784 dummodo
1250 2721 1512 2786 sacramentum
1540 2712 1732 2810 fidelitatis,
1754 2714 1948 2808 recognitio
1977 2714 2122 2786 dominii
2150 2714 2238 2786 meri
2266 2724 2301 2786 ct
2330 2713 2433 2787 mixti

608 2837 758 2934 imperii,
789 2862 915 2910 census
945 2838 1149 2910 constitutio
1178 2847 1225 2936 et¹
1242 2837 1411 2933 obligatio
1439 2838 1603 2912 militaris
1637 2839 1802 2936 subsidii,
1832 2863 1897 2912 nec
1926 2863 1997 2911 non
2025 2839 2201 2911 minorum
2230 2839 2433 2912 officialium

608 2963 792 3059 deputatio
816 2963 924 3058 juxta
951 2963 1103 3036 formam
1131 2964 1326 3060 primarum
1354 2963 1538 3036 literarum
1565 2989 1747 3060 nunquam
1776 2965 1820 3037 ad
1850 2963 2077 3064 Tbadaeum,
2106 2965 2168 3036 scd
2196 2965 2242 3036 ad
2271 2965 2433 3036 eamdem

607 3087 890 3160 Universitatem
919 3087 1141 3184 pertineant,
1163 3089 1251 3160 etin
1281 3088 1336 3160 his
1365 3090 1526 3162 omnibus
1555 3091 1716 3162 consistit
1744 3114 1881 3162 summa
1910 3089 2073 3187 praefata
2101 3089 2317 3186 apostolieae
2336 3088 2431 3162 Con·

608 3212 813 3308 stitutionis,
844 3237 935 3310 quae
965 3214 1090 3288 datata
1118 3214 1186 3286 1611
1213 3215 1400 3288 Avenione
1429 3215 1574 3288 XVIII.
1604 3214 1676 3288 kal.
1701 3215 1794 3311 julii,
1824 3239 1918 3289 anno
1947 3224 2050 3288 sexto
2065 3212 2115 3288 (¹).

717 3463 951 3561 Beftrumino,
980 3468 1132 3563 episcopo
1161 3490 1319 3561 6661666,
1347 3467 1555 3563 apostolicae
1585 3464 1688 3538 Sedis
1716 3467 1856 3538 666616.

712 3590 918 3688 Deputatur
945 3590 1038 3664 idem
1068 3591 1112 3664 ad
1141 3591 1382 3688 recipiendum
1410 3590 1591 3664 fidelitatis
1615 3593 1859 3688 juramentum
1897 3590 1942 3664 ad
1978 3591 2128 3664 formam
2166 3591 2432 3687 praedictarum

605 3714 898 3788 reformaticnum
928 3741 949 3788 6
977 3716 1262 3789 Conestabilibus
1292 3717 1621 3814 stipendiariorum,
1643 3727 1678 3790 et
1698 3717 1791 3813 quod
1811 3716 1951 3789 insimul
1973 3715 2060 3789 alias
2079 3739 2250 3813 personas
2270 3716 2430 3812 deputet,

604 3849 643 3912 ut
672 3839 874 3936 hujusmodi
899 3842 1105 3936 juramenta
1132 3842 1317 3938 recipiant.
1348 3841 1482 3914 Datum
1510 3842 1691 3915 Avenioni
1717 3841 1842 3914 XVII.
1873 3840 1944 3914 kal.
1970 3841 2074 3937 junii,
2104 3865 2197 3914 anno
2226 3839 2396 3914 6611612).

713 3965 848 4039 Eodem
877 3967 986 4061 igitur
1014 3968 1254 4065 anno,p1·ima
1282 3968 1436 4063 augusti,
1456 3967 1698 4040 Bcltraminus
1726 3967 1870 4039 devenit
1898 3967 1934 4038 in
1962 3967 2144 4039 civitatem
2171 3966 2367 4061 Bononiae,
2387 3991 2431 4038 66

604 4092 726 4164 statim
754 4093 789 4164 in
818 4092 1024 4165 bannitores
1053 4117 1115 4165 seu
1142 4118 1336 4190 praecones
1366 4094 1550 4167 constituit
1578 4102 1614 4166 61
1643 4094 1829 4191 deputavit
1857 4093 1892 4164 16
1922 4091 2071 4165 solidum
2098 4090 2314 4164 Damianum
2334 4092 2430 4165 Ben-

603 4217 738 4312 vcnuti,
760 4217 949 4290 Nicolaum
976 4218 1076 4290 Dosii
1105 4227 1140 4290 et
1168 4217 1363 4290 Vivianum
1391 4217 1585 4314 Thomasii,
1607 4219 1678 4315 qui,
1699 4219 1872 4316 praestito
1892 4219 2097 4314 juramento
2125 4217 2279 4290 faciendi
2307 4242 2430 4290 omnes

603 4341 901 4440 proclamationes
930 4342 997 4414 sibi
1025 4343 1110 4438 ipsis
1139 4367 1160 4415 a
1187 4341 1328 4415 Nuncio
1357 4344 1580 4438 commissas,
1612 4351 1647 4415 et
1682 4344 1725 4416 de
1760 4343 1886 4416 iisdem
1921 4342 2099 4415 referendi
2122 4343 2231 4438 juxta
2259 4343 2431 4415 mandata

604 4468 764 4564 ejusdem
792 4467 977 4564 apostolici
1005 4467 1149 4564 Nunoii,
1170 4468 1436 4566 proclamarunt
1464 4468 1605 4540 nomine
1633 4469 1755 4565 Papae
1784 4493 1905 4542 omnes
1934 4468 1977 4540 de
2006 4466 2162 4540 Consilio
2182 4467 2238 4540 (116
2265 4468 2430 4563 sequenti

603 4595 668 4666 sub
698 4618 813 4691 poena
843 4594 968 4688 viginti
996 4594 1188 4667 solidorum
1213 4593 1355 4668 insimul
1383 4595 1594 4689 congregari
1622 4596 1751 4667 debere
1780 4594 1824 4668 ad
1854 4594 2069 4667 audiendum
2093 4594 2178 4689 quid
2198 4594 2248 4666 616
2266 4593 2430 4666 Nuncius

601 4718 804 4792 faciendum
826 4719 1062 4816 proposuerit.
1084 4719 1388 4793 Proclamationes
1407 4720 1524 4792 factae
1543 4721 1690 4792 fuerunt
1716 4720 1751 4792 in
1779 4719 1960 4816 quartario
1980 4726 2105 4815 portae
2125 4719 2239 4790 666611
2259 4719 2370 4814 Ρ6111,
2392 4720 2427 4791 16

602 4845 784 4941 quarterio
813 4853 938 4940 portae
969 4843 1125 4940 Steriae,
1156 4845 1193 4917 in
1221 4846 1401 4940 quarterio
1431 4845 1544 4917 sancti
1572 4844 1716 4917 Proculi
1755 4853 1790 4916 61
1826 4845 2007 4941 quarterio
2038 4853 2164 4942 portae
2192 4843 2427 4917 Ravennatis.

600 4970 655 5042 116
685 4969 889 5065 hujusmodi
919 4970 1014 5042 facto
1043 4970 1197 5043 habetur
1223 4971 1498 5043 instrumentum
1527 4995 1608 5043 eum
1636 4970 1755 5064 rogitu
1783 4970 1891 5042 trium
1919 4969 2150 5042 notariorum.

711 5095 777 5167 1116
807 5096 856 5169 II.
887 5097 1017 5169 mensis
1046 5096 1200 5191 augusti,
1223 5093 1417 5168 Consilium
1445 5096 1610 5190 generale
1640 5096 1684 5168 de
1712 5095 1855 5168 licentia
1883 5095 2005 5192 Papae
2033 5103 2069 5168 et
2093 5095 2136 5167 dc
2155 5094 2324 5167 mandato
2343 5093 2428 5166 Bel-

600 5221 745 5293 tramini
774 5221 894 5294 nuncii
922 5229 1140 5294 convocatur
1159 5221 1195 5292 in
1214 5220 1413 5292 eodemmet
1436 5221 1525 5315 lucc,
1546 5222 1583 5293 in
1602 5246 1671 5318 quo
1691 5204 1804 5294 ardua
1823 5221 1978 5294 civitatis
1997 5220 2141 5315 negotia
2161 5228 2429 5316 pertractantur

601 5369 722 5418 coram
751 5344 970 5418 Consiliariis
989 5344 1284 5440 ,Communitatis
1306 5344 1548 5417 universitatis
1577 5355 1611 5417 ct
1640 5344 1772 5442 populi,
1798 5369 1948 5441 quorum
1976 5345 2119 5417 nomina
2148 5369 2211 5440 per
2238 5353 2428 5417 extensum

601 5470 744 5565 (166161,
767 5477 802 5542 61
831 5495 950 5543 661661
979 5470 1156 5543 nobilibus
1185 5470 1270 5542 viris
1298 5469 1411 5565 Nigro
1441 5471 1484 5543 de
1513 5470 1685 5543 Bruxatis
1714 5471 1756 5542 (16
1787 5469 1923 5564 Brixia,
1945 5469 2055 5541 milite
2085 5494 2149 5566 pro
2173 5471 2370 5564 Potestate,
2393 5479 2429 5542 et

601 5596 776 5668 Jacobino
806 5595 848 5667 (16
877 5595 1003 5690 Regio,
1025 5595 1325 5688 Provicegcrentc
1354 5593 1552 5692 Capitanei,
1574 5603 1609 5667 et
1638 5594 1808 5666 Tbadaeo
1829 5595 1871 5666 de
1892 5593 2047 5691 Pepulis.
2074 5594 2117 5666 In
2145 5593 2305 5689 generali
2333 5593 2428 5666 Con·

600 5720 677 5793 silio
706 5720 868 5792 Nuncius
898 5721 941 5793 de
970 5721 1084 5793 tribus
1114 5745 1174 5793 eos
1203 5745 1324 5793 omnes
1352 5721 1599 5816 interrogavit,
1621 5719 1735 5817 primo
1764 5743 1809 5791 an
1837 5719 2033 5792 Consilium
2061 5727 2154 5792 esset
2183 5718 2338 5816 plenum,
2363 5744 2426 5814 ge-

599 5845 720 5920 nerale
757 5853 793 5918 61
830 5845 1004 5942 solemne,
1036 5846 1191 5918 secundo
1229 5870 1273 5918 an
1304 5854 1422 5918 666661
1449 5853 1503 5918 161
1540 5869 1688 5918 6616616
1721 5853 1807 5940 quot
1845 5845 2083 5917 necessarium
2121 5853 2217 5940 crat;
2247 5853 2284 5917 61
2320 5844 2426 5917 161116

599 5997 645 6044 66
675 5972 741 6068 ipsi
771 5979 1085 6068 repraesentarent
1114 5970 1395 6043 Universitatem
1425 5970 1591 6067 civitatis,
1614 5971 1803 6043 comitatus
1824 5977 1860 6042 61
1883 5968 2086 6063 (1161116166;
2109 5970 2248 6064 quibus,
2270 5969 2427 6042 affirma-

600 6097 673 6170 tive
702 6105 845 6194 recepto
875 6121 1063 6193 responso,
1094 6097 1215 6168 statim
1244 6097 1431 6170 mandavit
1459 6120 1522 6194 per
1550 6095 1729 6169 notarium
1757 6094 1879 6168 literas
1909 6094 2122 6192 apostolicas
2155 6094 2246 6189 legi,
2277 6117 2425 6190 quarum

687 6379 725 6444 (1)
746 6377 815 6430 Vide
835 6377 885 6429 sub
906 6395 980 6430 num.
999 6376 1114 6443 LXVI,
1135 6394 1157 6430 c.
1180 6381 1238 6430 124.
1625 6379 1664 6444 (2)
1683 6376 1753 6429 Vide
1773 6377 1824 6429 sub
1844 6374 2066 6441 6666111111,
2086 6391 2109 6427 6.
2131 6379 2190 6427 131.
