5484 7746
856 1130 1114 1296 ΜΘΝ
1119 1133 1613 1298 UMENTA

1094 1466 1374 1531 SPEOTANTIA

475 1705 599 1811 AD
654 1701 1344 1814 PROFESSORES
1399 1701 1999 1812 MEDICINAE.

1222 2659 1250 2723 I.

1074 2873 1170 2956 1199,
1201 2874 1243 2936 31
1264 2872 1399 2937 octobris,

441 3086 493 3150 Ex
518 3087 650 3151 archivo
674 3087 777 3151 saneti
800 3084 936 3150 Jeannis
962 3087 994 3149 in
1018 3085 1140 3168 Monte,
1164 3106 1248 3149 nunc
1272 3085 1304 3149 in
1328 3085 1409 3150 Tab.
1433 3084 1522 3149 Max.
1545 3087 1638 3168 bon,
1663 3093 1738 3150 sect.
1762 3112 1776 3144 e
1800 3086 1984 3151 Dornmu‘ole
2009 3113 2038 3170 »,

1058 3214 1145 3256 num.
1169 3173 1239 3287 ἐξ,
1263 3192 1333 3257 doe.
1359 3194 1411 3256 55.

417 3410 439 3491 †
465 3409 505 3473 In
531 3409 659 3473 nemine
684 3415 793 3472 saneta
818 3415 850 3472 et
873 3407 1036 3472 individue
1053 3406 1230 3471 Trinitatis.
1247 3407 1344 3471 Anne
1359 3406 1491 3471 Domini
1507 3407 1607 3471 nostri
1624 3407 1644 3471 J
1647 3429 1703 3471 esu
1719 3406 1838 3472 Christi
1849 3407 2027 3471 ¹millesime
2044 3415 2148 3472 cente·

329 3516 409 3580 sime
433 3515 642 3600 nonagesimo
667 3535 762 3598 neno,
789 3535 958 3580 romanum
982 3514 1159 3599 Imperium
1181 3513 1250 3578 sine
1274 3515 1467 3601 imperatore
1485 3513 1701 3597 existentetll,
1717 3514 1820 3600 pridie
1841 3513 1998 3578 kalendas
2017 3536 2147 3579 novem·

328 3624 404 3707 bris,
424 3624 597 3688 indictione
615 3623 775 3706 secunda,
793 3623 879 3686 diem
895 3622 992 3707 hujus
1010 3622 1148 3686 labentis
1164 3623 1229 3686 vite
1245 3645 1304 3709 pro
1329 3623 1558 3688 imbecillitatis
1574 3643 1644 3686 mee
1660 3622 1782 3686 uiribus
1803 3629 1983 3686 extremum
1992 3623 2046 3707 (2l;
2071 3645 2148 3709 qua-

327 3739 458 3818 propter
482 3752 543 3816 ego
568 3731 698 3815 quidem
721 3731 876 3815 magister
900 3729 1044 3795 Jacobus
1065 3730 1104 3793 de
1125 3729 1318 3794 Brettenoro
1341 3731 1511 3816 prevenire
1535 3729 1692 3815 cupiendo
1716 3751 1805 3794 meas
1828 3730 1949 3794 seilicet
1973 3751 2024 3794 res
2040 3751 2150 3796 omnes

328 3859 365 3902 ae
389 3838 607 3925 possessiones
631 3859 689 3923 pro
714 3838 823 3902 anima
846 3859 936 3920 mea,
962 3843 994 3900 et
1028 3837 1111 3900 inter
1141 3837 1275 3902 heredes
1308 3859 1346 3902 ao
1371 3837 1565 3922 legatarios,
1590 3836 1657 3900 sive
1681 3837 1960 3902 fideieemissarios
1982 3859 2071 3902 meos
2094 3859 2152 3924 per

327 3945 598 4030 nuncupationem
623 3944 792 4030 disponere
817 3944 966 4026 volendo,
991 3945 1097 4030 primo
1128 3944 1258 4030 quidem
1281 3945 1355 4009 nolo
1380 3945 1450 4008 dari
1474 3952 1506 4008 et
1530 3943 1679 4008 distribui
1702 3965 1743 4007 ex
1765 3943 1859 4007 bonis
1890 3945 1969 4008 meis
1993 3966 2012 4007 a
2036 3945 2149 4010 comis·

328 4053 421 4116 sariis
445 4052 523 4115 meis
547 4051 591 4115 lx.
616 4051 715 4115 libras
739 4052 984 4116 bononenorum
1007 4073 1066 4137 pro
1091 4051 1198 4114 anima
1222 4073 1311 4134 mea,
1337 4059 1372 4116 ut
1395 4052 1529 4115 inferius
1557 4051 1782 4134 declaravere,
1808 4072 1869 4137 que
1893 4051 1938 4115 lx.
1962 4051 2069 4134 l[ibre]
2093 4053 2149 4117 bo·

328 4180 527 4224 uenenorum
550 4159 623 4222 vele
648 4158 734 4244 quod
757 4159 821 4222 sint
845 4165 975 4244 accepte
1002 4158 1041 4222 de
1064 4159 1159 4222 vinea
1182 4180 1256 4222 mea
1279 4159 1318 4222 de
1342 4159 1462 4223 Poaale
1485 4165 1518 4223 et
1541 4159 1580 4222 de
1604 4159 1758 4243 jumentis
1775 4159 1864 4240 meis,
1882 4165 1914 4222 et
1930 4159 2060 4245 insuper
2076 4160 2149 4224 volo

328 4267 399 4331 dari
421 4289 479 4352 pro
504 4267 611 4330 anima
635 4287 706 4330 mea
729 4266 788 4350 xij.
813 4265 939 4348 [libras]
965 4266 1218 4349 bononenorum,
1235 4266 1411 4352 quaemihi
1431 4265 1550 4331 debent
1573 4265 1731 4330 Monaehe
1756 4267 1859 4330 saneti
1884 4265 2092 4349 Columbani3
2110 4289 2152 4330 ex

329 4375 444 4460 quibus
468 4375 525 4458 xij.
551 4373 641 4438 libris
666 4373 812 4458 relinquo
837 4372 980 4459 predicte
1005 4373 1139 4437 ecelesia
1157 4374 1201 4437 xl.
1219 4373 1337 4456 soldos,
1356 4374 1485 4438 domine
1500 4373 1661 4460 Episcopo
1677 4395 1727 4458 x.,
1746 4373 1917 4438 Canonicis
1939 4374 2043 4437 saneti
2061 4373 2150 4438 Petri

329 4504 360 4545 x.
386 4482 504 4565 soldos,
528 4481 706 4567 presbitero
730 4480 857 4566 Algisio
881 4503 913 4544 x.
939 4480 1056 4564 soldos,
1080 4481 1254 4566 unicuique
1278 4503 1320 4545 ex
1344 4480 1518 4545 Consentis
1541 4481 1687 4546 Bononio
1711 4505 1743 4546 x.
1762 4480 1869 4546 soldos
1893 4480 2149 4565 bononenorum,

329 4589 501 4673 unicuique
526 4610 567 4652 ex
591 4587 797 4652 Monasteriis
819 4588 966 4652 Bononia
989 4610 1019 4652 r.
1039 4587 1157 4671 soldos,
1182 4589 1361 4674 presbitero
1386 4587 1520 4652 Rustico
1544 4589 1584 4651 de
1607 4595 1719 4652 sancta
1742 4588 1864 4652 Thecla
1887 4609 1918 4652 v.
1936 4588 2053 4672 soldos,
2078 4610 2149 4675 pre·

329 4697 448 4761 sbitero
472 4697 606 4760 ecclesie
631 4697 733 4760 saneti
756 4695 825 4759 Viti
847 4717 877 4759 v.
895 4695 1013 4778 soldos,
1038 4695 1240 4782 Petrozoppo
1263 4716 1297 4759 x.
1316 4696 1433 4779 soldos,
1456 4695 1577 4760 Joanni
1599 4716 1657 4759 suo
1681 4695 1766 4760 socio
1791 4718 1821 4761 u.
1844 4696 1962 4779 soldos,
1987 4695 2148 4761 Oelestine

331 4827 362 4868 v.
387 4803 505 4888 soldos,
529 4802 702 4889 unicuique
725 4825 767 4866 ex
790 4803 864 4866 filiis
888 4804 968 4867 meis
993 4803 1213 4890 spiritualibus
1237 4804 1283 4888 iij.
1301 4803 1418 4886 soldos,
1434 4803 1602 4868 Ardizioni
1623 4825 1656 4868 x.
1674 4803 1791 4887 soldos,
1815 4805 1987 4890 unicuique
2012 4826 2054 4867 ex
2077 4824 2149 4867 con·

330 4911 431 4974 versis
455 4910 558 4974 saneti
581 4909 722 4974 Victoris
746 4917 779 4974 et
803 4911 906 4973 saneti
929 4909 1066 4974 Joannis
1090 4911 1122 4973 in
1146 4909 1277 4993 Monte,
1300 4917 1367 4975 tam
1399 4910 1550 4974 masculis
1582 4910 1848 4995 quamfeminis,
1873 4911 1994 4974 tamin
2020 4910 2149 4974 civitate

331 5039 427 5104 quam
450 5026 561 5100 extra,
586 5017 632 5101 iij.
657 5018 763 5082 soldos
787 5039 844 5104 pro
868 5018 1109 5082 linteaminibus
1143 5018 1296 5082 emendis.
1320 5018 1481 5104 Relinque
1507 5017 1690 5082 Crueifferis
1713 5039 1769 5081 xx.
1794 5019 1911 5100 soldos,
1936 5018 2068 5082 misellis
2092 5040 2148 5082 xx.

331 5125 448 5208 soldos,
472 5125 562 5211 ponti
587 5124 696 5188 Sillani
719 5125 764 5209 iij.
790 5124 906 5206 soldos,
932 5124 1047 5210 [penlti
1072 5124 1230 5190 Claderne
1253 5126 1299 5210 iij.
1324 5126 1443 5208 soldos,
1468 5125 1558 5212 ponti
1581 5124 1693 5189 Ydicis
1717 5146 1747 5189 v.
1772 5125 1897 5208 soldos,
1921 5125 2012 5211 ponti
2031 5125 2149 5209 Majori

330 5256 386 5296 xx.
411 5232 529 5315 soldos,
555 5232 646 5318 ponti
669 5252 752 5296 novo
776 5230 860 5295 Rani
884 5255 939 5296 xx.
966 5232 1083 5314 soldos,
1101 5233 1273 5318 unicuique
1298 5233 1436 5297 aliorum
1459 5233 1614 5319 pontium,
1633 5233 1785 5318 quisunt
1808 5253 1866 5319 per
1888 5239 2023 5296 stratam
2047 5253 2147 5317 usque

331 5339 372 5403 ad
396 5339 554 5421 Murram,
571 5339 617 5422 iij.
635 5337 742 5402 soldos
766 5338 923 5424 relinquo.
948 5339 1084 5402 Alberte
1109 5340 1217 5426 nepoti
1241 5362 1312 5404 mee
1336 5341 1363 5404 si
1386 5340 1517 5404 redierit
1537 5363 1569 5402 x.
1587 5341 1686 5403 libras
1702 5340 1944 5403 bononenorum
1958 5340 2032 5423 jure
2049 5338 2150 5424 legati

331 5448 404 5532 lego
427 5469 523 5533 super
540 5469 566 5510 o.
585 5446 684 5510 libras
700 5467 905 5529 veronenses,
923 5468 1003 5532 quas
1023 5447 1051 5510 ei
1070 5447 1142 5510 dedi
1160 5448 1288 5532 quando
1305 5449 1372 5533 ipse
1389 5447 1447 5510 ivit
1462 5447 1495 5509 in
1512 5445 1756 5528 Alexandriam,
1774 5452 1806 5509 et
1821 5447 1947 5510 lucrum
1963 5446 2149 5510 earumdem

331 5555 359 5619 ei
376 5555 533 5640 relinquo.
551 5553 593 5617 Et
617 5554 644 5616 si
667 5555 735 5638 ipse
752 5575 842 5617 meus
859 5575 959 5640 nepos
976 5554 1107 5618 redierit
1124 5561 1155 5617 et
1172 5553 1308 5636 [mortis]
1323 5560 1466 5640 tempore
1483 5554 1552 5616 sine
1569 5552 1678 5617 liberis
1695 5553 1877 5636 decesserit,
1894 5561 1970 5617 tuno
1987 5553 2060 5616 uelo
2077 5575 2148 5639 per·-

331 5662 441 5726 venire
459 5662 498 5724 de
515 5683 552 5726 eo
571 5661 654 5746 quod
672 5662 702 5724 ei
718 5660 836 5746 legari,
853 5683 885 5724 x.
899 5661 1000 5724 libras
1016 5683 1211 5725 veronenses
1228 5661 1362 5725 ecclesie
1379 5661 1481 5724 saneti
1493 5660 1634 5725 Victoris
1650 5667 1683 5723 et
1698 5660 1832 5724 ecclesie
1849 5662 1951 5724 saneti
1964 5661 1985 5726 J
1988 5661 2100 5724 oannis
2117 5662 2149 5724 in

333 5767 453 5833 Mente.
471 5767 613 5850 Juliane,
631 5769 719 5854 nepti
740 5789 820 5850 mee,
837 5791 867 5832 v.
886 5767 985 5831 libras
1012 5769 1255 5832 bononenorum
1278 5769 1362 5852 lego.
1386 5768 1474 5832 Jtem
1497 5765 1667 5854 [ternpore]
1690 5789 1767 5831 vero
1790 5788 1860 5831 mee
1885 5768 2048 5853 sepulture
2074 5817 2081 5831 .
2107 5816 2114 5830 .
2140 5816 2147 5831 .

333 5923 475 5938 .....
502 5874 640 5938 debeant
664 5874 741 5938 dare
766 5875 994 5939 comestionem
1019 5875 1117 5939 totius
1141 5875 1290 5940 conventi
1313 5875 1416 5938 saneti
1438 5873 1579 5939 Victoris
1602 5881 1634 5938 et
1653 5875 1757 5938 saneti
1772 5874 1908 5938 loannis
1930 5875 1963 5938 in
1979 5875 2100 5956 Mente,
2118 5882 2150 5938 et

332 5982 453 6046 faciant
469 5981 580 6045 venire
597 5988 699 6046 totum
716 5982 901 6046 clericatum
919 5983 1149 6046 bononiensem
1165 5983 1206 6047 ad
1222 6005 1327 6046 ineam
1343 5983 1553 6069 sepulturam.
1566 5980 2023 6046 CamaldulensislsslEeclesie
2040 6005 2072 6046 x.
2086 5983 2148 6046 sol·

331 6089 399 6170 des,
424 6096 534 6152 sancte
560 6088 664 6152 Maris
690 6088 729 6152 de
753 6089 995 6154 Roceamadore
1018 6113 1047 6154 v.
1070 6091 1188 6173 soldos,
1205 6101 1315 6154 sancte
1340 6090 1501 6154 Christine
1524 6112 1554 6155 v.
1573 6090 1690 6173 soldos,
1707 6090 1874 6154 Heremite
1891 6091 1993 6153 saneti
2009 6089 2150 6153 Victoris

330 6219 363 6260 x.
389 6196 505 6280 soldos,
525 6203 636 6260 saneta
652 6196 782 6279 mnne]
798 6196 967 6260 Bethleem
990 6221 1022 6261 x.
1040 6199 1158 6282 soldos,
1174 6198 1351 6284 presbitero
1374 6198 1510 6262 Alherte
1535 6198 1574 6262 de
1599 6197 1787 6262 Castenasio
1811 6221 1843 6262 x.
1865 6198 1982 6279 soldos,
2000 6197 2090 6282 ponti
2111 6196 2149 6260 de

332 6303 520 6368 Oastenasio
543 6325 573 6368 r.
600 6303 718 6386 soldos,
742 6302 972 6368 Beneventure
997 6306 1168 6391 corrigiam
1191 6327 1296 6368 meam
1321 6311 1525 6390 argentatam
1548 6305 1705 6390 relinquo,
1730 6305 1871 6390 Ugolino
1894 6304 2069 6390 Bospatori
2092 6326 2149 6368 xx.

411 6533 447 6598 (1,
468 6535 482 6584 2
503 6535 531 6585 et
550 6535 577 6599 3)
598 6533 649 6586 Sir.
