5544 7750
622 623 696 696 342
1370 649 1484 699 vrrun
1512 649 1693 700 runnrran

618 800 791 873 miserunt
826 801 1069 876 Bononienses
1105 828 1184 876 oum
1215 803 1438 877 ornatissimo
1467 813 1502 876 et
1530 803 1777 877 florentissimo
1806 805 1976 878 comitatu
1991 805 2041 878 (¹).
2063 805 2222 878 Fuerunt
2252 831 2355 904 porro
2384 805 2431 880 le·

617 925 693 1020 gati
720 925 955 998 bononienses
983 927 1019 999 iu
1049 934 1199 1023 utraque
1227 926 1417 1022 legatione,
1447 952 1492 1000 ex
1521 927 1675 1020 Negrio:

831 1051 1053 1124 Beccadinus
1081 1050 1294 1146 Beccadelli,
1529 1051 1741 1126 Guillelmus
1770 1053 1999 1126 Foscararius
2028 1055 2063 1126 in
2090 1049 2136 1127 Ι.ει
2160 1053 2349 1151 legatione,

830 1175 1070 1249 Bliobarixius
1100 1177 1339 1272 Azzoguidus,
1727 1203 1808 1251 nam
1836 1179 1868 1252 ei
1897 1179 1932 1250 in
1960 1171 2029 1252 IL·
2056 1180 2269 1252 substitutus
2296 1190 2351 1254 est

830 1300 983 1373 Bornius
1013 1301 1269 1395 Samaritanus,
1724 1304 1896 1398 Aegidius
1924 1303 2189 1400 FoscherariuS,

830 1423 976 1519 Egauus
1005 1425 1268 1519 Lambertinus,
1524 1427 1704 1500 llusottus
1733 1427 1967 1523 Sabbadinus,

830 1547 1047 1623 Guiduccius
1076 1550 1305 1646 Boatticrius,
1528 1551 1656 1625 Petrus
1685 1551 1876 1626 Gallutius

775 1674 938 1747 Meminit
967 1675 1074 1748 etiam
1108 1675 1211 1748 huius
1252 1674 1438 1770 legationis
1474 1687 1509 1748 et
1547 1677 1688 1750 eosdem
1726 1677 1862 1772 legatos
1899 1679 2056 1751 nominat
2094 1679 2252 1752 Miscello
2282 1681 2429 1782 donea,

615 1804 699 1870 tom.
720 1799 865 1873 XVIII.
897 1799 979 1873 uer.
1003 1800 1109 1896 liat,
1138 1801 1202 1874 col.
1226 1805 1314 1874 341.
1345 1801 1424 1874 Hoc
1452 1827 1473 1875 a
1501 1801 1636 1896 Negrio
1665 1802 1863 1900 discrepat,
1893 1804 1986 1900 quod
2015 1803 2071 1876 hic
2100 1806 2188 1878 duas
2218 1808 2331 1904 pouit,
2358 1809 2429 1906 pri-

615 1947 711 1996 mam
740 1924 862 2020 Senas,
893 1925 1041 1998 alteram
1071 1925 1307 2020 Florentiam,
1339 1927 1498 1998 lliscella
1530 1952 1612 2000 vcro
1640 1951 1748 1999 unam
1778 1929 1965 2001 dumtaxat
1993 1928 2222 2005 Florentiam.

725 2049 853 2122 XXX.
884 2049 1128 2123 liccem
1133 2051 1247 2146 ΙΙ
1246 1986 1473 2128 ,lebruarii
1495 2051 1585 2124 Cum
1605 2051 1673 2124 hac
1692 2053 1747 2125 dre
1772 2051 1969 2126 Bononiam
1987 2055 2108 2127 esset
2100 2081 2322 2150 ingressurus
2341 2058 2429 2132 Ber

615 2174 763 2246 trandus
791 2199 812 2247 a
841 2175 1005 2270 Pogetto,
957 2177 1215 2249 tcardiualis
1239 2177 1401 2248 ostiensis
1405 2187 1519 2273 ,tpon
1507 2177 1633 2249 tificius
1661 2177 1775 2273 Legat
1779 2202 1830 2273 us,
1854 2178 1994 2252 obviarn
2014 2179 2127 2252 eidem
2150 2182 2279 2279 prodiit
2300 2207 2428 2278 magna

612 2298 792 2372 hominum
824 2299 1011 2373 multitudo
1041 2327 1120 2374 cum
1150 2303 1338 2375 carraccio.
1360 2300 1587 2374 Trahebatur
1615 2301 1680 2374 hoc
1700 2329 1721 2376 a
1741 2313 1894 2400 quatuor
1912 2305 2024 2377 bobus
2044 2304 2212 2380 scarletto
2241 2309 2427 2405 coopertis,

613 2424 673 2520 qui
702 2449 724 2496 a
752 2425 889 2497 duobus
917 2425 1078 2499 bubulcis
1107 2428 1230 2500 eadem
1259 2427 1392 2499 indutis
1424 2437 1520 2498 veste
1549 2428 1780 2500 ducebantur.
1811 2428 1892 2500 Bini
1917 2453 1961 2501 ex
1991 2429 2138 2525 singulis
2157 2431 2319 2505 tribubus
2338 2435 2429 2530 opti-

612 2557 726 2622 mates
755 2550 933 2622 carroccio
963 2550 1203 2625 vehebantur:

1066 2676 1307 2750 Bliobarixius
1336 2678 1563 2772 Azzoguidus
1578 2674 1617 2739 (²)

1068 2803 1278 2876 Frauciscus
1308 2802 1401 2898 degli
1430 2804 1563 2876 Azzari

1067 2927 1236 3000 Nic-olaus
1264 2927 1472 3000 Bacilierius

1069 3053 1249 3126 Viauisius
1278 3054 1487 3127 Bacilierius

1065 3178 1223 3250 Joannes
1251 3179 1430 3252 Gallutius

1067 3303 1200 3376 Paulus
1229 3305 1271 3376 de
1301 3303 1514 3378 Oddofrcdis
1691 3267 1736 3314 ex
1764 3242 1927 3337 PrOCUla'

1064 3429 1276 3501 Franciscus
1305 3429 1556 3502 Lambertinus

1690 2767 1734 2814 ex
1764 2743 1881 2837 Piera,

1690 3518 1734 3565 ex
1763 3493 1995 3587 Rarcgnaua.

1063 3555 1191 3627 Petrus
1216 3554 1258 3626 de
1280 3553 1625 3628 Basciacomatribus
1654 3636 1661 3657 ,

770 3679 959 3776 Reliquam
980 3681 1089 3752 totius
1109 3680 1289 3774 ingressus
1316 3705 1482 3777 pompam
1511 3679 1680 3754 latissime
1710 3689 1970 3778 persequuntur
1998 3679 2162 3753 Historia
2188 3681 2346 3754 Miscella
2369 3681 2427 3754 bo-

607 3826 712 3898 noa,
741 3813 766 3876 t.
798 3804 942 3878 XVIII.
971 3805 1052 3878 Rer.
1084 3805 1190 3900 liat,
1219 3804 1284 3878 ool.
1317 3807 1405 3900 343,
1435 3815 1470 3878 ot
1499 3805 1670 3903 Negrius,
1703 3807 1837 3879 Anatol.
1867 3829 1947 3879 ozas.
1978 3805 2145 3878 adhunc
2174 3831 2317 3879 aunum.

714 3929 861 4002 XXXI.
884 3929 1202 4025 MCOOXXVH,
1224 3930 1349 4002 XVII.
1367 3931 1460 4004 maii.
1482 3930 1721 4004 Bliobarixius
1741 3931 1785 4002 ad
1806 3955 1930 4026 agrum
1952 3930 2139 4003 emendum
2160 3939 2426 4028 procuratorem

607 4077 710 4126 suum
739 4055 825 4127 facit
852 4055 1048 4128 Minacium
1077 4055 1119 4126 de
1149 4053 1411 4128 Guerardisd).

712 4179 880 4252 XXXII.
901 4178 1260 4252 Mccoxxluffl
1263 4180 1441 4252 nJacobo
1466 4178 1622 4252 Belvisio
1651 4181 1755 4275 (pag.
1780 4180 1893 4275 298),
1922 4179 2163 4254 Bliobarixius
2191 4206 2271 4253 cum
2299 4180 2376 4253 aliis
2404 4205 2426 4254 a

604 4303 806 4378 Bertrando
826 4304 963 4400 Legata
985 4304 1118 4377 electus
1138 4304 1213 4376 ad
1205 4305 1475 4376 internoscenda
1496 4303 1773 4401 proscriptorum
1794 4305 1886 4377 bona
1906 4313 1940 4376 et
1961 4329 2025 4376 sua
2046 4305 2171 4401 cuique
2193 4305 2423 4379 restituenda.

711 4430 899 4503 XXXIII.
929 4428 1246 4502 MCCOXXVIII.
1276 4428 1471 4501 lmoleoses
1500 4438 1670 4524 rogarant
1689 4428 1921 4501 Beltraodum
1942 4429 2169 4524 cardinalem,
2191 4439 2230 4502 ut
2250 4430 2295 4502 ad
2316 4454 2353 4502 se
2373 4429 2425 4501 di-

603 4561 772 4651 verteret,
803 4563 878 4628 tum
908 4561 947 4626 ut
975 4554 1153 4651 acciperet
1181 4553 1419 4626 iuramentum
1447 4552 1640 4648 fidelitatis,
1662 4563 1737 4625 tum
1766 4565 1806 4626 ut
1832 4554 2020 4626 intestinas
2049 4553 2242 4627 discordias
2271 4554 2423 4628 sedaret.

603 4678 656 4752 Eo
686 4678 923 4776 proficiscens,
955 4679 1050 4752 viros
1078 4679 1166 4752 XX.
1198 4703 1316 4751 rerum
1344 4678 1580 4773 gerendarum
1610 4678 1859 4775 peritissimos,
1890 4703 2039 4774 quorum
2069 4678 2222 4752 consiliis
2251 4687 2424 4774 uteretur,

603 4803 733 4876 ducere
763 4828 882 4876 secum
912 4803 1034 4876 voluit.
1065 4803 1254 4875 Profectus
1282 4811 1401 4875 autem
1431 4811 1583 4874 estnon
1612 4803 1667 4875 die
1697 4802 1765 4876 IX.
1787 4803 1916 4899 martii,
1938 4811 1977 4875 ut
2007 4804 2056 4876 ait
2085 4803 2240 4898 Negrius
2266 4803 2425 4876 adhunc

602 4953 746 5024 annum,
769 4929 831 5001 sed
859 4929 928 5002 IX.
951 4928 1045 5024 maii,
1076 4938 1115 5000 ut
1142 4928 1251 5001 habet
1280 4927 1438 5000 Miscello
1469 4926 1565 5023 boia,
1594 4927 1659 5000 col.
1683 4931 1771 5002 349.
1804 4928 1938 5001 Eorum
1965 4929 2121 5001 virorum
2152 4929 2316 5026 princeps
2345 4939 2423 5002 erat

601 5052 842 5126 Bliobarixius
871 5053 1122 5149 Azzoguidus:
1155 5053 1370 5149 reliquorum
1398 5052 1541 5124 nomina
1569 5053 1649 5125 vide
1678 5054 1771 5150 apud
1802 5054 1951 5126 eundem
1987 5053 2182 5150 Negrium,
2214 5064 2288 5126 tum
2329 5054 2426 5150 apud

602 5177 884 5275 Ghirardatium,
917 5187 943 5251 t.
973 5179 1046 5274 ΙΙ.,
1077 5203 1158 5276 pag.
1191 5183 1251 5251 85.

710 5303 894 5377 XXXIV.
925 5303 1209 5396 MCCOXXX,
1230 5303 1296 5375 VI.
1324 5303 1451 5376 martii.
1482 5303 1583 5376 Bona
1611 5304 1785 5400 quaedam
1815 5302 1972 5398 obligata
2000 5302 2110 5376 acubili
2138 5305 2247 5376 atilio·
2276 5304 2424 5378 Blioba-

600 5430 695 5500 riaio
724 5428 765 5500 de
796 5429 1010 5527 Azzopaidis
1038 5429 1149 5524 legam
1181 5429 1312 5500 doctori
1327 5426 1377 5499 (4).

707 5553 873 5627 XXXV.
904 5552 1186 5648 ntcocxxx,
1208 5553 1335 5626 XXX.
1356 5553 1489 5649 aprilis.
1517 5552 1818 5650 Compromissum
1838 5553 1874 5624 in
1894 5552 2151 5626 Bliobarixium
2172 5562 2207 5626 et
2227 5553 2424 5650 Macagna-

599 5703 685 5750 num
714 5679 757 5752 de
787 5679 1004 5774 Azzoguidis
1033 5677 1151 5773 legum
1181 5679 1343 5750 doctores
1372 5676 1603 5750 absentat).

681 6016 720 6079 (1)
740 6012 892 6064 Narrantur
911 6012 979 6063 haec
1005 6011 1096 6062 omnia
1120 6016 1147 6062 ot
1172 6012 1226 6062 late
1253 6011 1442 6062 describuntur
1468 6028 1484 6062 a
1619 6013 1657 6076 (8)
1678 6011 1719 6062 Ex
1739 6011 1944 6064 Memorialibus
1964 6011 2105 6062 Gallielaii
2122 6011 2295 6064 Beraardini
2315 6013 2426 6081 Graeci,

600 6103 701 6173 Negrio
716 6103 818 6154 Αιιιιαῐ.
832 6119 893 6152 nias.
907 6103 941 6153 ad
962 6103 1034 6152 huuo
1055 6118 1165 6164 anuum,
1179 6102 1222 6152 oui
1236 6101 1317 6168 plone
1332 6107 1485 6170 congruunt
1540 6101 1587 6152 sol.
1606 6105 1649 6152 59.

599 6209 632 6247 ea
650 6209 719 6262 quse
741 6193 905 6244 Muratorius
925 6191 1058 6244 allotted
1086 6191 1211 6242 eumdem
1236 6208 1350 6256 annum,
1371 6196 1390 6242 t.
1406 6191 1482 6243 VIII.
1618 6194 1656 6258 (4)
1683 6191 1724 6242 Ex
1750 6192 1829 6243 Mem.
1854 6191 2019 6243 Tettoloxiai
2045 6193 2179 6258 quomdam
2208 6192 2241 6244 D.
2265 6193 2364 6245 Jacobs·
2390 6195 2425 6246 de

599 6282 702 6334 Annae.
722 6281 833 6347 d'ltal,
852 6299 914 6350 pag.
938 6285 996 6348 148,
1019 6284 1077 6332 149.
1539 6279 1726 6346 Flameapbis,
1746 6282 1794 6332 fol.
1815 6286 1858 6334 49.

680 6373 719 6436 (2)
738 6370 787 6422 Ait
812 6370 953 6437 Ghirard.,
975 6375 993 6422 t.
1013 6370 1064 6437 ΙΙ.,
1083 6387 1146 6439 pag.
1167 6372 1191 6436 7,
1212 6370 1409 6422 Bliobarixium
1435 6372 1486 6422 hoe
1621 6371 1659 6438 (5)
1680 6371 1720 6421 Ex
1741 6371 1820 6422 Meni.
1839 6373 1954 6422 eiusdem
1980 6371 2157 6438 Tettalatim',
2177 6373 2224 6425 l'ol.
2244 6376 2287 6424 28.

598 6478 691 6513 mense
711 6461 866 6512 Anniadum
886 6461 979 6511 luisse.
