5490 7750
668 528 740 598 182
1448 547 1690 598 menomenas

662 703 916 790 suprascriptum
932 709 1160 768 testamentum
1184 725 1256 768 cum
1280 703 1443 768 autentico
1467 705 1586 790 scripto
1610 726 1706 769 mauu
1723 704 1877 786 Ysuardi,
1894 703 2015 769 domiui
2038 704 2211 790 Bonichiuj
2234 705 2385 792 Pizolpilj
2410 707 2482 792 filij,

662 811 789 893 notarii,
806 831 871 874 uua
895 832 966 875 caru
990 810 1195 897 infrascripto
1212 811 1337 876 notario
1353 811 1393 875 de
1410 811 1509 876 verbo
1525 811 1566 875 ad
1583 812 1719 877 verbum
1736 811 1894 877 ascultavi
1909 811 1996 877 bona
2011 811 2073 876 lide
2091 833 2199 876 coram
2216 813 2345 878 domiuo
2361 814 2483 879 Blaxio

661 918 776 983 Judice
800 925 832 983 et
856 919 1028 984 Assessore
1052 919 1171 983 domini
1196 918 1326 984 Andree
1351 919 1440 1003 Zeni,
1457 918 1590 984 secundi
1612 919 1787 985 Potestatis
1808 920 1954 986 Bououie
1971 927 2003 984 et
2019 919 2059 984 de
2076 942 2134 984 suo
2151 921 2303 986 mandato
2320 943 2391 986 cum
2409 945 2482 988 mec

661 1026 753 1111 siguo
777 1025 907 1112 proprio
931 1047 982 1090 me
1007 1026 1039 1090 iu
1063 1032 1178 1090 testem
1200 1026 1388 1113 subscripsi.

748 1133 820 1218 Ego
844 1132 951 1198 Bondi
973 1133 1057 1197 lilius
1081 1133 1202 1198 domiui
1225 1134 1388 1218 Patricoli,
1406 1134 1566 1220 imperiali
1590 1133 1783 1200 auctoritato
1808 1135 1963 1216 notarius,
1980 1135 2236 1221 suprascriptum
2251 1141 2482 1200 testamentum

660 1240 844 1328 exemplavi
867 1247 899 1304 et
922 1240 1037 1326 scripsi
1061 1241 1144 1305 baua
1168 1241 1231 1306 fide
1255 1249 1291 1305 ut
1314 1241 1346 1305 iu
1370 1242 1532 1306 autentico
1556 1243 1675 1328 scripto
1698 1263 1795 1306 manu
1812 1241 1956 1306 stardi
1980 1241 2153 1328 Bouichinj
2177 1242 2327 1329 Pizolpili
2342 1243 2402 1328 filij
2424 1265 2481 1308 uo-

659 1347 734 1411 tarii
757 1347 876 1430 inveni,
893 1355 926 1411 et
949 1369 1014 1412 uua
1038 1369 1111 1412 cum
1134 1349 1352 1436 suprascripto
1374 1349 1500 1414 notario
1523 1349 1589 1435 legi
1612 1371 1719 1414 coram
1744 1349 1872 1414 domiuo
1896 1349 2014 1415 Blasio
2039 1349 2155 1416 Judicc
2180 1358 2212 1414 et
2235 1349 2408 1415 Assessore
2425 1351 2481 1415 do·

659 1455 738 1519 mini
760 1456 891 1520 Andree
915 1455 1009 1538 Zeni,
1033 1455 1166 1520 secundi
1188 1455 1363 1521 Potestatis
1387 1456 1543 1540 Bononie,
1569 1457 1684 1544 quibus
1709 1457 1857 1521 omuibus
1882 1457 1928 1522 sic
1952 1458 2101 1544 peractis,
2126 1458 2230 1522 dictus
2254 1458 2363 1523 Judex
2386 1479 2481 1523 suam

660 1571 692 1629 et
716 1563 868 1628 Comuuis
893 1563 1038 1627 Bououie
1063 1563 1287 1627 auctoritatem
1311 1563 1502 1649 interposuit
1525 1571 1622 1650 atque
1645 1564 1821 1630 decretum.

748 1671 790 1734 Et
813 1692 874 1756 ego
898 1669 1082 1734 Michiliuus
1106 1669 1255 1735 Jacobiui
1280 1670 1417 1754 Cavaze,
1442 1671 1602 1758 imperiali
1625 1671 1817 1736 auctoritato
1841 1673 2005 1755 notarius,
2029 1679 2066 1736 ut
2089 1672 2123 1736 in
2147 1672 2232 1736 dicto
2256 1673 2405 1759 exemplo
2431 1675 2478 1738 in·

658 1779 743 1862 veni,
768 1778 813 1842 ita
836 1777 974 1842 fideliter
996 1777 1181 1864 subscripsi,
1206 1778 1389 1864 exemplavi
1413 1785 1446 1842 et
1469 1778 1593 1864 scripsi,
1618 1778 1804 1866 subscripsi,
1829 1780 1967 1865 signavi,
1992 1779 2191 1864 subsignavi.

747 1989 896 2078 [Foriss]
918 1992 1000 2056 Jura
1023 1993 1203 2079 spectantia
1226 1991 1267 2056 ad
1291 2013 1422 2056 causam
1447 2000 1566 2058 motam
1591 2015 1689 2058 causa
1712 1994 1900 2058 hereditatis
1923 1993 2076 2080 Episcopi
2100 1994 2339 2060 Aviuioueusis.

1497 2367 1641 2432 XXVII.

1228 2601 1324 2684 1257,
1347 2623 1367 2664 a
1393 2602 1434 2663 10
1454 2599 1610 2686 febrrmrii
1632 2601 1675 2665 ad
1697 2603 1741 2665 20
1764 2603 1909 2668 eiusdem.

897 2831 950 2896 Ex
973 2833 1086 2898 eodem
1110 2833 1241 2897 archivo
1265 2834 1369 2898 sancti
1392 2833 1558 2898 Francisci
1579 2835 1725 2918 Bonan,
1750 2856 1835 2900 uuuc
1858 2836 1891 2899 iu
1916 2835 1996 2900 Tab.
2021 2835 2109 2900 Max.
2135 2837 2232 2918 bon,

1156 2949 1233 3006 sect.
1265 2943 1540 3026 «Certissima»,
1565 2924 1640 3038 38⁸„
1665 2944 1720 3008 lib.
1745 2942 1790 3024 M,
1814 2965 1903 3008 num.
1929 2946 1980 3008 60.

744 3190 1025 3256 Reverendissime
1049 3192 1236 3278 paternitati
1260 3199 1365 3256 vestre
1389 3214 1462 3256 cum
1490 3193 1600 3258 debita
1635 3194 1817 3258 reverentia
1849 3193 2051 3277 significatur
2081 3215 2139 3279 pro
2174 3201 2265 3280 parte
2296 3201 2472 3258 conventus

654 3296 808 3363 Fratrum
831 3299 1075 3364 Predicatorum
1099 3306 1131 3362 et
1154 3306 1330 3364 conventus
1354 3300 1505 3365 Fratrum
1528 3299 1691 3364 Miucrum
1712 3301 1852 3365 civitatis
1874 3300 2020 3365 Bononia
2037 3307 2068 3364 et
2085 3301 2208 3364 Thomc
2225 3301 2362 3366 condam
2378 3301 2473 3366 Pauli

649 3404 688 3468 de
713 3404 942 3491 Tenchararijs
966 3407 1183 3488 bononiensis,
1201 3407 1286 3493 quod
1309 3407 1456 3472 dominus
1478 3408 1600 3490 Zchcu,
1626 3408 1705 3472 olim
1729 3409 1898 3494 episcopus
1917 3408 2122 3489 Avinoeusis,
2141 3409 2171 3472 iu
2197 3430 2255 3472 suo
2280 3415 2471 3474 testamento

650 3513 732 3576 iuter
756 3520 864 3578 cetera
880 3514 1038 3599 disposuit
1061 3523 1093 3578 et
1117 3515 1254 3600 reliquid
1277 3514 1421 3580 Ecclesia
1438 3515 1649 3598 avinionensi,
1670 3515 1752 3579 idest
1768 3514 1940 3601 Episcopis
1958 3516 2188 3580 aviuoensibus
2201 3516 2240 3581 (¹)
2253 3518 2324 3601 ejus
2347 3539 2471 3582 sueces-

649 3623 785 3705 soribus,
811 3623 929 3708 podere
953 3623 1039 3708 quod
1062 3622 1205 3686 habebat
1235 3623 1268 3686 in
1297 3623 1458 3688 territorio
1484 3623 1633 3704 Saliceti,
1657 3622 1875 3687 Bononiensis
1899 3623 2046 3705 diocesis,
2071 3631 2103 3687 et
2131 3625 2220 3688 aliud
2243 3625 2361 3712 podere
2385 3625 2471 3710 quod

648 3730 790 3794 habebat
811 3731 907 3814 juxta
932 3729 1088 3816 Sapiuam
1111 3730 1144 3794 iu
1168 3729 1253 3794 dicta
1276 3729 1396 3794 diocesi
1416 3729 1511 3814 juxta
1535 3751 1610 3794 suos
1635 3729 1790 3812 contines,
1815 3729 1875 3795 hoc
1900 3730 1994 3794 modo
2019 3737 2051 3794 et
2075 3731 2267 3814 conditione,
2285 3731 2370 3817 quod
2393 3731 2469 3818 Epi-

649 3859 764 3924 scopus
781 3838 974 3924 quicumque
997 3859 1055 3923 pro
1079 3844 1224 3923 tempore
1241 3837 1338 3900 fucrit
1354 3857 1518 3902 successor
1541 3838 1574 3900 iu
1599 3837 1685 3901 dicta
1708 3836 1867 3920 Ecclesia,
1885 3836 1985 3922 eligat
2009 3844 2074 3901 tres
2100 3837 2139 3902 de
2164 3839 2349 3904 chanouicis
2369 3840 2468 3925 ipsius

648 3944 793 4009 Ecclesia
817 3952 850 4009 et
873 3945 952 4010 duos
976 3945 1109 4009 elericos
1133 3945 1295 4009 seculares
1318 3943 1358 4008 de
1382 3945 1512 4009 civitate
1537 3952 1569 4009 et
1594 3944 1675 4010 duos
1699 3944 1834 4009 elericos
1858 3944 2020 4009 seculares
2045 3945 2084 4009 de
2109 3946 2222 4010 Castro
2239 3945 2417 4028 Novarum,
2439 3953 2469 4010 et

648 4073 748 4117 unum
779 4051 818 4116 de
850 4052 922 4116 aliis
952 4052 1065 4116 castris
1089 4051 1234 4116 Ecclesia
1258 4051 1451 4137 supradicte,
1476 4051 1529 4137 qui
1561 4052 1624 4115 siut
1648 4051 1772 4116 dociles
1807 4059 1838 4115 et
1870 4073 1933 4116 nou
1958 4051 2101 4116 habeant
2125 4051 2256 4137 aliquod
2278 4053 2469 4116 beneficium

649 4160 920 4242 ecclesiasticum,
945 4181 1024 4246 quos
1056 4159 1194 4223 destinet
1216 4158 1363 4223 Bououie
1394 4158 1435 4222 ad
1467 4158 1682 4242 studendum,
1708 4180 1846 4245 quorum
1878 4158 2014 4244 quilibet
2036 4159 2157 4222 habere
2181 4159 2298 4224 debeat
2326 4161 2468 4247 quolibet

649 4289 733 4331 auno
764 4289 822 4354 pro
854 4267 1004 4353 expensis
1028 4267 1125 4330 studii
1151 4266 1246 4350 xxiiij
1270 4265 1380 4348 libras,
1402 4287 1444 4330 ex
1475 4265 1653 4330 redditibus
1677 4265 1894 4352 percipiendis
1929 4287 1970 4329 ex
2002 4266 2095 4330 dictis
2118 4266 2309 4352 poderibus,
2333 4288 2467 4351 quorum

648 4374 783 4461 quilibet
806 4382 891 4438 stare
915 4374 1016 4460 possit
1039 4374 1180 4460 quinque
1204 4373 1297 4438 aunis
1321 4372 1364 4436 ad
1385 4373 1458 4458 plus
1481 4373 1512 4436 iu
1538 4373 1624 4437 dicto
1649 4373 1774 4454 Studio,
1792 4380 1824 4436 et
1848 4373 1937 4438 finito
1961 4379 2104 4458 tempore
2128 4373 2304 4459 primorum
2327 4372 2465 4437 destina-

648 4488 753 4546 torum
776 4482 846 4546 loca
870 4483 1023 4568 ipsorum,
1041 4482 1121 4545 alios
1145 4482 1332 4566 subrogare,
1350 4487 1382 4546 et
1405 4481 1450 4545 sic
1473 4481 1664 4546 successive.
1689 4480 1731 4544 Et
1757 4481 1785 4544 si
1808 4481 1981 4565 contigerit
2004 4502 2079 4545 eum
2105 4482 2325 4566 negligentem
2340 4502 2411 4545 esse
2434 4482 2465 4544 iu

647 4588 824 4653 scolaribus
848 4587 889 4651 ad
912 4587 1060 4652 Studium
1082 4587 1346 4669 transmittendis,
1364 4588 1466 4652 voluit
1482 4587 1566 4672 quod
1583 4586 1669 4651 dicta
1691 4586 1826 4673 poderia
1843 4587 1976 4651 veniant
1992 4587 2060 4651 sine
2077 4587 2287 4652 diminutione
2304 4587 2345 4650 ad
2365 4587 2464 4652 eccle·

648 4696 729 4760 siam
753 4696 855 4760 sancti
878 4695 1047 4760 Michaelis
1075 4695 1113 4758 de
1141 4694 1270 4759 Buscho
1295 4695 1334 4758 de
1358 4694 1523 4776 Bononia,
1554 4716 1615 4780 quc
1639 4693 1788 4758 Ecclesia
1813 4700 1977 4758 teneretur
2000 4694 2170 4779 providere
2194 4701 2265 4758 octo
2289 4694 2464 4759 scolaribus

646 4804 843 4890 pauperibus
867 4802 906 4867 de
931 4802 1092 4867 Aviuioue
1115 4803 1168 4866 vcl
1191 4802 1390 4889 Episcopatu
1414 4803 1515 4887 ipsius
1538 4809 1598 4866 etc.
1615 4802 1658 4865 Et
1681 4803 1708 4866 si
1732 4802 1781 4865 illi
1805 4802 1844 4865 de
1868 4802 2004 4865 ecelesia
2028 4802 2131 4864 sancti
2155 4802 2323 4866 Michaelis
2347 4802 2465 4866 fuerint

648 4911 861 4996 negligentes,
878 4910 1069 4996 perveniant
1093 4910 1178 4974 dicta
1201 4909 1335 4996 poderia
1359 4909 1399 4972 ad
1424 4909 1610 4995 Capitulum
1627 4909 1810 4973 aviuoensis
1826 4908 1982 4990 Ecclesia,
2001 4908 2088 4994 quod
2112 4908 2297 4994 Capitulum
2319 4917 2465 4974 teneatur

645 5019 816 5106 providere
841 5025 912 5083 octo
936 5018 1147 5100 scholaribus,
1171 5017 1254 5081 sicut
1277 5017 1498 5103 supradictum
1521 5022 1571 5082 est
1594 5015 1633 5080 de
1665 5016 1838 5103 Episcopo.
1864 5015 1899 5080 Si
1931 5023 2039 5080 autem
2063 5017 2192 5080 omuino
2216 5016 2369 5082 deficeret
2393 5018 2463 5082 Stu-

646 5127 735 5191 dium
758 5125 914 5208 Bcnouie,
940 5126 1042 5190 voluit
1066 5124 1151 5211 quod
1174 5124 1353 5212 Episcopus
1377 5125 1562 5189 aviuoensis
1586 5124 1706 5188 vendat
1730 5123 1816 5188 dicta
1847 5124 1991 5209 poderia,
2016 5131 2049 5187 et
2076 5123 2219 5209 precium
2244 5133 2411 5189 convertat
2433 5124 2462 5186 iu

646 5236 808 5320 emptione
833 5234 970 5298 aliarum
994 5233 1233 5319 possessionum
1257 5234 1289 5298 iu
1312 5233 1509 5319 Episcopatu
1535 5232 1711 5314 aviuoensi,
1729 5231 1769 5294 de
1794 5231 1911 5316 quihus
1935 5231 2105 5317 providere
2128 5231 2245 5295 debeat
2268 5241 2340 5296 octo
2364 5233 2462 5297 scola·

645 5343 745 5424 ribus,
770 5349 805 5405 ut
837 5341 958 5405 dictum
989 5348 1048 5423 est,
1072 5341 1275 5406 studentibus
1305 5341 1338 5404 iu
1371 5341 1434 5404 alio
1467 5339 1581 5404 Studio
1604 5338 1759 5424 generali.
1784 5339 1827 5402 Et
1860 5339 1887 5401 si
1919 5359 2028 5402 omnes
2056 5339 2176 5403 fuerint
2200 5339 2402 5425 negligentes
2434 5346 2462 5402 et

646 5450 788 5532 remissi,
812 5449 915 5513 voluit
945 5449 1031 5534 quod
1062 5449 1148 5512 dicta
1176 5448 1309 5534 poderia
1331 5447 1513 5511 vendantur
1537 5469 1595 5534 per
1619 5446 1720 5511 dictos
1751 5467 1825 5509 suos
1858 5447 2104 5529 commissarios,
2129 5454 2160 5510 et
2192 5447 2337 5532 precium
2359 5445 2461 5509 distri·

645 5556 765 5622 buatur
788 5578 845 5642 per
869 5577 1028 5642 pauperes
1053 5555 1186 5637 Christi,
1204 5555 1259 5618 ubi
1283 5556 1328 5618 eis
1352 5555 1457 5618 visum
1481 5553 1578 5617 fuerit
1602 5555 1719 5618 melius
1744 5552 2008 5638 expendendum3
2034 5576 2113 5638 quas
2138 5554 2373 5618 commissarios
2396 5573 2461 5616 esse

644 5665 748 5729 voluit
770 5664 917 5728 Priorem
934 5663 1085 5726 Fratrum
1100 5663 1345 5726 Predicatorum
1362 5669 1538 5726 conventus
1559 5661 1704 5725 Bononia
1729 5669 1761 5725 et
1786 5660 2010 5724 Guardiauum
2034 5660 2185 5724 Fratrum
2205 5661 2366 5725 Miucrum
2390 5681 2460 5724 con·

645 5779 761 5837 ventus
784 5771 868 5834 dicte
893 5770 1042 5852 civitatis,
1068 5770 1123 5855 qui
1146 5791 1204 5855 pro
1228 5777 1371 5855 tempore
1395 5769 1530 5850 fuerint,
1555 5775 1586 5832 et
1617 5768 1763 5832 Priorem
1790 5769 1892 5832 sancti
1914 5768 2084 5831 Michaelis
2113 5768 2152 5831 dc
2182 5767 2329 5850 Busch03
2354 5768 2460 5833 voleus

645 5880 731 5967 quod
754 5880 781 5942 si
806 5879 922 5964 aliquis
940 5900 1050 5941 eorum
1066 5877 1217 5963 predictis
1235 5877 1400 5940 intendere
1424 5884 1456 5940 et
1476 5898 1644 5962 superesse
1661 5897 1725 5941 nou
1741 5883 1859 5962 posset,
1874 5875 1931 5959 alij
1949 5875 2011 5938 duo
2029 5875 2235 5938 nihilominus
2252 5881 2459 5961 exequantur.

645 5987 740 6063 Quod
770 5993 998 6050 testamentum
1023 5985 1143 6048 factum
1167 5984 1228 6047 fuit
1254 6006 1338 6048 auno
1362 5985 1540 6048 nativitatis
1564 5984 1696 6069 Dominj
1726 5983 1898 6047 millesimo
1922 5982 2157 6046 dueentessimo
2181 5982 2460 6067 quinquagessimo

645 6095 792 6182 septima,
817 6094 991 6158 indictione
1014 6089 1083 6174 xv²,
1107 6092 1159 6155 die
1190 6087 1225 6155 x⁰
1249 6092 1388 6156 intrante
1413 6091 1586 6173 februario,
1611 6099 1643 6155 et
1674 6092 1828 6177 scriptum
1853 6112 1949 6154 uranu
1974 6090 2117 6154 stardi
2140 6090 2381 6154 Boniohauuini
2410 6089 2458 6153 Pi·

643 6203 754 6289 zolpili
778 6202 906 6266 notarii.

726 6434 764 6498 (ι)
785 6434 837 6484 sa.
