5490 7750
1413 627 1653 680 nordmanna

1471 997 1594 1062 nxt'l.

1389 1211 1489 1295 1340,
1515 1214 1556 1275 14
1581 1215 1671 1276 isenii.

803 1423 855 1488 Ex
878 1432 966 1488 tomo
991 1423 1148 1489 LXXXI.
1176 1423 1294 1489 Codicis
1317 1425 1506 1510 eleplomctiei
1528 1425 1728 1510 bononiensis,
1753 1449 1840 1492 uum.
1864 1426 1911 1509 1.‚
1935 1449 1963 1491 c.
1988 1430 2053 1491 239
2076 1451 2103 1492 r.
2127 1437 2249 1515 etseq.

702 1640 898 1704 Benedictus
922 1639 1229 1725 episcopusservus
1253 1661 1420 1704 servorum
1444 1641 1518 1724 Dei,
1543 1641 1583 1704 ad
1608 1647 1799 1728 perpetuam
1825 1641 1870 1704 rei
1894 1643 2092 1706 memoriam.

703 1746 1388 1833 Dudumaccedentibusadapostolicam
1423 1748 1540 1813 Sedcm
1571 1750 1735 1835 magistris
1766 1749 1871 1812 Paulo
1902 1749 1942 1812 de
1972 1749 2132 1834 Liazarijs
2163 1751 2382 1834 decretorum,
2407 1758 2439 1814 et

613 1855 841 1940 Machagnano
864 1854 904 1918 de
928 1853 1124 1938 Azzoguidis
1150 1875 1187 1918 ao
1208 1854 1306 1918 Petro
1327 1855 1367 1920 de
1384 1855 1557 1942 Bonpetris
1581 1857 1690 1942 legum
1711 1856 1906 1938 doctoribus,
1923 1857 2210 1941 ambaxiatoribus,
2228 1879 2265 1923 ac
2288 1858 2437 1922 Rolando

614 1961 776 2048 quondam
800 1960 960 2025 Johanuis
984 1961 1024 2025 de
1048 1961 1212 2046 Faututijs
1236 1962 1358 2026 sindico
1382 1971 1415 2026 et
1435 1973 1643 2049 procuratore
1668 1985 1705 2027 ac
1727 1965 1840 2027 nuntio
1856 1965 1989 2049 speciali
2005 1964 2234 2049 universitatis,
2251 1965 2436 2030 Communis

613 2077 645 2134 et
669 2069 780 2155 populi
805 2069 1061 2151 bononiensium,
1078 2068 1203 2132 civibus
1227 2069 1489 2154 bononiensibus,
1507 2093 1544 2134 ac
1561 2093 1669 2135 coram
1695 2071 1787 2135 uobis
1803 2079 1835 2134 et
1851 2071 2021 2136 Fratribus
2044 2073 2162 2136 nostris
2185 2074 2218 2136 in
2240 2073 2436 2137 Consistorio

614 2177 743 2263 publico
768 2176 1039 2262 comparentibus,
1056 2197 1094 2240 ec
1117 2198 1175 2262 per
1198 2176 1318 2240 dictum
1343 2178 1501 2242 sindicum
1525 2178 1697 2242 sindicario
1721 2188 1753 2242 et
1777 2180 1998 2264 procuratorio
2022 2180 2150 2243 nomine
2174 2181 2436 2244 constituentium

614 2284 831 2370 predictorum
856 2283 1018 2347 nonnullis
1042 2305 1151 2348 coram
1168 2283 1260 2348 uobis
1278 2292 1309 2348 et
1326 2285 1419 2348 dictis
1434 2285 1604 2350 Fratribus
1622 2287 1653 2348 iu
1671 2286 1785 2350 eodem
1801 2286 2001 2350 Concistorio
2017 2287 2202 2372 recognitis,
2219 2288 2309 2369 actis,
2326 2287 2436 2372 gestis,

613 2392 789 2478 promissis,
814 2392 908 2473 datis,
934 2390 1125 2473 constitutis,
1150 2391 1254 2474 factis,
1280 2392 1399 2456 habitis
1422 2401 1455 2457 ct
1475 2394 1604 2477 juratis,
1628 2415 1700 2474 nos,
1725 2415 1822 2480 super
1845 2395 1892 2457 eis
1915 2401 1947 2456 ct
1971 2394 2034 2478 hijs
2057 2395 2170 2478 etiam,
2195 2415 2256 2480 que
2289 2416 2347 2481 per
2378 2417 2436 2458 uos

613 2499 653 2563 de
677 2498 835 2562 dictorum
865 2499 1016 2561 Fratrum
1040 2499 1174 2563 consilio
1198 2520 1351 2563 concessa
1374 2509 1406 2564 et
1429 2501 1585 2586 disposita
1608 2501 1756 2583 suerunt,
1781 2523 1839 2564 uec
1864 2523 1927 2564 non
1952 2523 2049 2588 super
2072 2509 2148 2566 tunc
2171 2510 2301 2588 sperata
2325 2522 2435 2566 recon-

612 2607 775 2671 ciliatione
800 2607 943 2692 ipsorum
967 2607 1088 2688 literas,
1106 2607 1195 2670 bulla
1220 2615 1330 2670 nostra
1354 2609 1505 2689 munitas,
1530 2609 1599 2673 fieri
1623 2609 1757 2672 fecimus
1781 2609 1840 2672 sub
1865 2609 1924 2672 hac
1949 2609 2070 2674 forma:
2093 2635 2108 2666 ‹
2126 2609 2311 2674 Benedictus
2326 2618 2378 2674 cic.
2394 2610 2437 2673 cd

610 2723 788 2800 perpetimur
815 2716 859 2778 rei
881 2717 1079 2778 cnernoriom:
1101 2716 1258 2798 cpmstolice
1276 2717 1468 2800 providentie
1491 2717 1649 2800 discipline
1672 2717 1715 2780 od
1736 2717 1789 2779 lioc
1812 2717 2057 2800 delinquentibus
2073 2718 2260 2802 pilorumque
2282 2726 2334 2781 etc.
2357 2741 2371 2773 ›
2400 2725 2436 2780 ut

612 2843 710 2908 supra
728 2823 759 2885 in
777 2822 870 2906 epist.
885 2821 1078 2904 uum.V.(¹),
1096 2823 1140 2885 nil
1158 2829 1291 2886 mutato.
1305 2823 1428 2886 Verum
1445 2825 1520 2908 quia
1538 2824 1741 2905 universitas,
1755 2824 1893 2910 populus
1909 2831 1940 2887 et
1958 2823 2134 2887 Commune
2151 2823 2268 2909 prefati
2285 2831 2435 2888 contenta

612 2930 644 2992 in
668 2929 789 2993 eisdem
813 2929 914 2992 literis
938 2929 1126 3015 adimplere,
1143 2936 1239 3015 prout
1263 2931 1457 2994 tenebantur
1482 2931 1566 2994 inira
1589 2932 1760 2994 terminum
1785 2930 1827 2994 ad
1850 2931 1910 2995 hoc
1927 2932 1957 2993 in
1975 2930 2068 2994 dictis
2084 2931 2185 2994 literis
2206 2933 2253 2994 eis
2277 2931 2435 3018 prefixum

612 3037 742 3100 minime
767 3044 972 3118 curaverunt,
989 3037 1022 3099 in
1045 3059 1155 3100 omues
1179 3059 1280 3122 penas
1304 3045 1335 3101 et
1360 3038 1536 3101 sententias
1565 3039 1681 3124 quibus
1705 3049 1837 3125 propter
1859 3059 1970 3102 eorum
1995 3059 2147 3102 excessus
2171 3046 2203 3101 et
2227 3039 2338 3125 culpas
2362 3045 2436 3102 ante

612 3144 771 3208 dictarum
795 3144 962 3208 literarum
986 3144 1219 3208 confectionem
1244 3145 1438 3209 tenebantur
1462 3147 1595 3227 astricti,
1622 3145 1772 3210 recidisse
1796 3158 1982 3210 noscuntur.

701 3253 768 3316 Nos
792 3253 890 3316 etiam
914 3252 999 3338 ipsos
1023 3252 1056 3314 iu
1079 3273 1180 3337 penas
1204 3261 1235 3316 et
1261 3254 1437 3317 sententias
1462 3254 1614 3316 recidisse
1638 3254 1799 3340 predictas
1821 3275 1881 3340 per
1903 3275 2072 3339 processus
2096 3261 2222 3317 nostros
2251 3275 2347 3339 super
2375 3253 2436 3317 hoc

611 3360 795 3446 specialiter
818 3360 947 3423 habitos
970 3381 1029 3445 per
1052 3359 1198 3423 diversas
1222 3360 1333 3424 mundi
1364 3360 1548 3446 provincias
1579 3361 1714 3425 lecimus
1745 3362 1914 3446 publicari.
1939 3361 2079 3424 Domum
2111 3383 2188 3424 vero
2220 3361 2434 3443 universitas,

611 3469 751 3554 populus
775 3475 807 3531 et
831 3467 1008 3532 Commune
1031 3468 1150 3553 prelati
1174 3467 1323 3532 eumdem
1347 3469 1538 3553 magistrum
1561 3469 1695 3533 Petrum
1719 3469 1759 3533 de
1783 3468 1967 3554 Bonpetris,
1989 3489 2047 3532 nec
2070 3490 2133 3532 uon
2157 3468 2348 3553 magistrum
2370 3467 2434 3531 Bo·

612 3584 825 3640 naventuram
849 3576 1010 3657 Jacobini,
1028 3577 1130 3640 civem
1151 3576 1392 3658 bononiensem,
1417 3586 1642 3662 procuratores
1666 3585 1698 3641 et
1722 3577 1861 3641 sindicos
1884 3576 2070 3640 eorumdem
2086 3577 2127 3641 ad
2144 3583 2286 3640 nostram
2304 3597 2434 3662 presen-

612 3684 690 3747 tiam
714 3683 935 3764 destinarunt,
967 3683 1059 3746 nobis
1083 3705 1142 3768 per
1171 3705 1226 3747 eos
1250 3705 1397 3747 necnon
1421 3705 1479 3768 per
1502 3684 1694 3747 sindicatum
1719 3694 1751 3747 et
1775 3684 2031 3769 procuratorium
2065 3683 2269 3765 eorumdem,
2293 3683 2379 3769 quod
2402 3684 2433 3746 in

611 3791 755 3855 archivio
780 3811 911 3854 romane
935 3789 1080 3853 Ecclesie
1105 3790 1241 3854 facimus
1265 3791 1460 3872 conservari,
1478 3792 1635 3876 cujusque
1658 3801 1804 3855 tenorem
1826 3791 1865 3854 de
1890 3791 1989 3854 verbo
2013 3790 2053 3854 ad
2078 3791 2215 3855 verbum
2230 3791 2433 3876 presentibus

612 3899 746 3963 fecimus
772 3899 936 3982 annotari,
961 3899 1126 3962 humiliter
1157 3900 1376 3984 supplicantes
1408 3907 1443 3962 ut
1473 3921 1545 3963 cum
1569 3901 1772 3963 universitati
1796 3899 1953 3985 predicte,
1978 3921 2036 3964 seu
2059 3901 2162 3986 ipsam
2191 3899 2378 3984 regentibus
2401 3900 2434 3962 iu

613 4005 734 4070 eisdem
757 4006 859 4069 literis
884 4005 1022 4091 quedam
1047 4006 1186 4069 existere
1219 4005 1335 4088 dubia,
1361 4007 1499 4092 quedam
1527 4028 1603 4071 vcro
1635 4007 1791 4071 contineri
1822 4006 2073 4070 inobservabilis
2103 4013 2135 4070 et
2167 4006 2306 4091 quedam
2336 4005 2434 4070 fuisse

612 4114 763 4178 ommissa
795 4113 894 4177 etiam
924 4113 1125 4196 viderentur,
1151 4113 1336 4197 hujusmodi
1367 4114 1465 4177 dubia
1496 4113 1661 4178 declarare
1694 4115 1822 4200 aliaque
1854 4114 2015 4178 moderari
2044 4121 2076 4177 et
2106 4113 2251 4200 predicta
2283 4114 2435 4177 ommissa

613 4222 775 4306 supplere,
800 4243 920 4306 eosque
944 4221 985 4283 ad
1010 4221 1280 4284 reconciliationis
1304 4222 1444 4306 gratiam
1467 4221 1607 4306 benigne
1632 4222 1774 4308 recipere
1796 4222 2015 4306 dignaremur.

703 4329 771 4392 Nos
795 4329 906 4412 itaque
931 4328 962 4390 in
987 4328 1135 4392 omnibus
1160 4335 1316 4412 quantum
1340 4351 1412 4391 cum
1433 4327 1504 4391 Deo
1521 4350 1690 4414 possumus
1707 4329 1960 4392 misericordiam
1976 4327 2217 4413 amplectentes,
2234 4349 2345 4391 eorum
2361 4349 2435 4413 sup·

612 4436 840 4522 plicationibus
863 4435 1029 4517 inclinati,
1054 4435 1199 4498 volentes
1230 4457 1327 4521 snper
1359 4436 1422 4518 hijs
1446 4437 1619 4499 salubriter
1642 4436 1828 4521 providere,
1853 4437 1893 4499 dc
1917 4435 2068 4499 Fratrum
2096 4443 2278 4498 nostrorum
2302 4435 2434 4499 consilio

613 4545 805 4607 auctoritate
830 4543 1007 4628 apostolica
1031 4542 1251 4624 declaramus,
1277 4543 1363 4628 quod
1395 4543 1541 4606 clausula
1572 4544 1603 4606 iu
1635 4543 1736 4607 literis
1760 4544 1893 4629 prefatis
1917 4544 2066 4629 apposita
2089 4543 2273 4624 continens,
2298 4542 2434 4628 quodsi

611 4651 689 4714 dicti
711 4651 923 4732 universitas,
949 4651 1087 4736 populus
1111 4671 1168 4713 seu
1193 4650 1370 4714 Commune
1395 4657 1545 4714 contentu
1569 4652 1602 4714 in
1626 4652 1719 4716 dictis
1743 4651 1845 4715 literis
1869 4673 1932 4714 non
1957 4651 2174 4730 servaverint,
2198 4650 2252 4713 vel
2274 4650 2434 4714 contrafe-

611 4759 730 4839 cerint,
755 4757 840 4842 quod
873 4759 1015 4822 omnium
1046 4778 1204 4843 penarum
1235 4758 1268 4820 in
1302 4757 1395 4821 dictis
1419 4758 1520 4821 literis
1546 4780 1773 4844 expressarum
1797 4757 1973 4834 relaxatio,
1999 4765 2030 4821 et
2055 4757 2087 4820 in
2112 4757 2291 4840 integrum,
2315 4764 2348 4819 et
2371 4757 2434 4820 alie

612 4865 832 4929 restitutiones
864 4871 897 4929 et
927 4865 1150 4928 eoncessiones
1175 4887 1212 4928 ac
1235 4866 1339 4948 gratie
1364 4887 1461 4950 super
1484 4867 1648 4951 premissis
1672 4865 1894 4952 principaliter
1921 4865 1973 4928 vel
1997 4864 2185 4946 incidenter,
2208 4886 2246 4928 ac
2270 4864 2434 4949 dispensa·

610 4973 714 5036 tiones
738 4994 796 5058 per
820 4993 895 5054 nos,
920 4993 978 5035 seu
1001 4971 1041 5035 de
1066 4971 1218 5036 mandato
1244 4979 1352 5036 nostro
1377 4973 1477 5054 facte,
1501 4973 1566 5035 sint
1589 4995 1699 5054 casse,
1724 4994 1844 5055 vacue,
1869 4973 1958 5036 irrite
1982 4979 2014 5037 et
2044 4972 2175 5054 inanes,
2200 4980 2232 5035 et
2254 4970 2436 5034 habeantur

611 5081 739 5166 penitus
762 5102 821 5166 pro
846 5101 909 5144 non
935 5080 1039 5162 factis,
1056 5086 1089 5143 ct
1112 5079 1199 5164 quod
1222 5081 1255 5142 in
1279 5080 1409 5144 easdem
1432 5102 1533 5166 penas
1558 5087 1590 5144 et
1614 5081 1791 5144 sententias
1815 5081 1931 5166 quibus
1953 5087 2049 5143 antea
2069 5079 2273 5159 tenebantur,
2289 5079 2434 5143 recidant

610 5186 680 5273 ipsc
705 5187 807 5269 facto,
832 5209 895 5250 non
921 5187 1116 5250 extendatur
1140 5186 1182 5250 ad
1206 5188 1314 5250 omnia
1338 5195 1369 5251 ct
1392 5188 1521 5272 singula
1545 5189 1577 5251 in
1602 5187 1703 5251 literis
1727 5187 1850 5251 eisdem
1873 5193 2041 5268 contenta,
2066 5186 2121 5250 scd
2146 5185 2306 5250 referatur
2330 5193 2362 5249 et
2384 5208 2433 5249 re-

611 5295 790 5379 stringatur
813 5302 846 5358 ct
869 5295 1017 5359 restricta
1041 5295 1082 5357 sit
1111 5300 1143 5357 et
1166 5316 1236 5358 csse
1261 5295 1462 5379 intelligatur
1486 5295 1656 5358 dumtaxat
1681 5295 1722 5358 ad
1746 5295 1889 5380 capitula
1912 5295 2129 5380 infrascripta,
2153 5293 2320 5358 videlieet:

699 5402 821 5484 Primo,
839 5402 881 5465 ad
902 5402 1079 5488 capitulum
1103 5402 1136 5465 iu
1160 5402 1281 5466 eisdem
1306 5402 1406 5465 literis
1431 5403 1709 5488 comprehensum,
1725 5403 1759 5465 in
1784 5424 1847 5487 quo
1872 5403 1955 5464 inter
1971 5402 2035 5464 alia
2051 5401 2234 5465 continetur
2254 5399 2340 5485 quod
2363 5421 2434 5486 pre·

612 5509 671 5573 fati
694 5509 899 5592 universitas,
918 5509 1056 5594 populus
1074 5516 1106 5572 et
1122 5509 1300 5573 Commune
1324 5510 1427 5591 nobis,
1445 5517 1554 5573 nostro
1580 5518 1611 5572 ct
1636 5532 1856 5574 suceessorum
1877 5516 2068 5590 nostrorum,
2087 5530 2124 5572 ac
2141 5507 2286 5593 eJusdem
2303 5529 2434 5570 romane

612 5616 757 5681 Ecclesia
786 5617 932 5698 nominc,
958 5617 1010 5679 vel
1035 5617 1100 5698 illi,
1124 5638 1181 5680 seu
1206 5617 1269 5681 illis
1294 5618 1439 5703 personis
1471 5639 1568 5702 quam
1589 5639 1646 5682 seu
1672 5639 1751 5703 quas
1776 5616 1817 5680 ad
1841 5617 1901 5680 hoc
1925 5617 2112 5680 duxerimus
2135 5616 2354 5701 deputandam
2377 5635 2434 5677 seu

611 5723 830 5810 deputandas,
855 5725 1107 5810 possessionem,
1132 5730 1164 5788 et
1196 5725 1302 5809 quasi,
1327 5725 1484 5806 civitatis,
1510 5727 1680 5788 comitatus
1704 5733 1737 5788 et
1760 5725 1923 5788 districtus
1947 5724 2193 5787 bononiensium
2224 5744 2262 5786 ac
2295 5723 2375 5785 meri
2402 5729 2435 5784 et

611 5832 704 5895 mixti
728 5832 856 5917 imperij
882 5839 914 5895 et
942 5831 1124 5895 omnimode
1144 5832 1387 5915 jurisdictionis,
1406 5854 1464 5896 nec
1488 5853 1553 5896 non
1576 5840 1756 5896 ceterorum
1777 5833 1899 5916 jurium
1923 5831 2072 5913 civitatis,
2089 5831 2259 5894 comitatus
2280 5837 2312 5894 et
2328 5829 2434 5893 distri-

610 5944 680 6002 ctus
713 5938 949 6024 predictorum,
975 5938 1091 6023 quibus
1123 5939 1225 6002 felicis
1257 5939 1489 6004 recordationis
1513 5940 1657 6004 Joannes
1681 5961 1767 6026 papa
1790 5940 1861 6023 xxij
1893 5938 2101 6024 predecessor
2128 5945 2237 6001 noster
2259 5958 2297 6000 ac
2321 5957 2379 6000 nos
2402 5941 2434 5999 et

611 6046 725 6110 eadem
749 6067 884 6110 romana
907 6045 1055 6110 Ecclesia
1079 6045 1198 6109 luimus
1223 6047 1362 6131 spoliati,
1387 6047 1482 6132 plene
1506 6054 1538 6110 et
1562 6049 1686 6132 integre
1711 6047 1889 6128 restituent,
1915 6046 2050 6109 reddent
2073 6050 2104 6107 et
2128 6044 2356 6128 assignabunt,
2382 6042 2436 6106 ubi

609 6152 692 6217 forte
717 6153 802 6217 inira
826 6153 984 6217 kalendas
1009 6152 1127 6216 mensis
1151 6153 1343 6239 septembris
1364 6155 1512 6240 proximo
1530 6154 1665 6234 suturas,
1684 6175 1764 6238 quas
1784 6154 1830 6217 eis
1847 6153 1964 6217 adhoc
1981 6172 2038 6238 pro
2055 6151 2270 6237 peremptorio
2287 6150 2434 6231 termino,

609 6267 721 6326 tenore
745 6262 955 6348 presentium,
977 6262 1192 6346 assignamus,
1209 6261 1397 6346 hujusmodi
1420 6263 1641 6348 possessionis,
1666 6269 1698 6325 ct
1722 6262 1824 6346 quasi,
1842 6261 2001 6324 restitutio
2026 6260 2118 6323 nobis
2141 6266 2173 6323 et
2197 6257 2434 6323 successoribus

689 6494 728 6559 (1)
749 6491 805 6544 Sub
826 6510 899 6544 num.
919 6491 993 6556 LX„
1013 6509 1036 6544 o.
1057 6495 1099 6544 98.
