5490 7750
584 607 633 679 98
1371 629 1612 682 menomenas

582 790 614 847 et
635 783 914 848 exhortationibus
938 783 1124 868 hujusmodi
1147 784 1257 870 utique
1283 784 1459 849 caritativis
1484 791 1517 848 et
1543 785 1727 850 salubribus
1751 805 1866 871 parere
1895 807 1933 850 ae
1956 786 2179 872 obtemperare
2197 807 2269 851 eum
2285 785 2402 851 effectu

584 890 765 973 omiseritis,
783 890 868 975 quod
892 890 987 973 absit,
1004 891 1057 955 vel
1081 891 1219 978 amplius
1243 891 1432 956 distuleritis
1457 892 1579 978 absque
1604 911 1702 956 causa
1718 892 1905 957 rationabili
1919 893 2012 957 nobis
2029 899 2116 976 nota,
2133 892 2335 958 dissimulare
2351 894 2404 958 vel

583 996 713 1062 differre
737 1018 802 1062 non
824 998 1020 1062 intendimus
1044 997 1176 1080 amodo,
1201 999 1389 1084 quominus,
1413 1006 1509 1086 prout
1530 999 1657 1084 justitia
1681 999 1818 1064 suaserit
1841 1006 1873 1064 et
1896 999 2049 1086 expedire
2074 1000 2337 1085 cognoverimus,
2363 1023 2403 1065 ne

582 1109 746 1169 tantorum
770 1111 802 1168 et
827 1112 894 1170 tam
916 1105 1151 1170 horrendorum
1175 1127 1344 1170 excessum
1367 1107 1542 1170 enormitas
1566 1106 1598 1170 in
1622 1105 1828 1172 succedentia
1851 1113 2032 1194 temporum
2056 1107 2165 1172 secula
2189 1107 2257 1171 sine
2279 1107 2403 1191 justitie

581 1210 704 1276 ultione
728 1218 883 1295 transeat,
906 1212 1128 1299 procedamus.

671 1318 793 1383 Datum
814 1319 980 1403 Avinioni,
1004 1321 1040 1404 xj
1063 1319 1222 1385 kalendas
1247 1321 1441 1404 novembris,
1466 1321 1671 1408 pontificatus
1695 1321 1797 1385 nestri
1819 1342 1903 1387 anno
1927 1321 2126 1388 secundet).

1458 1641 1529 1706 LX.

1338 1856 1433 1938 1338,
1460 1855 1501 1918 12
1523 1855 1657 1920 octobris

892 2070 943 2134 Ex
968 2069 1081 2134 eodem
1104 2077 1190 2134 tomo
1218 2069 1335 2134 Codicis
1359 2070 1484 2154 diplom.
1507 2069 1594 2152 bocs.,
1619 2091 1706 2133 num.
1730 2069 1904 2152 LXXIV,
1928 2091 1955 2133 e.
1981 2071 2021 2132 47
2048 2091 2096 2151 v.,

1272 2179 1313 2241 53
1338 2199 1364 2241 r.
1389 2183 1511 2261 etseq.
1536 2182 1568 2240 et
1595 2179 1656 2240 116
1681 2199 1711 2240 v.

671 2391 724 2455 Ad
747 2397 938 2477 perpetuam
962 2391 1009 2454 rei
1031 2391 1230 2455 memoriam.
1255 2390 1441 2476 Apostoliee
1465 2391 1668 2476 providentia
1692 2391 1860 2477 discipline
1885 2391 1926 2455 ad
1958 2391 2018 2455 hec
2047 2390 2307 2477 delinquentibus
2338 2391 2405 2476 ple·

582 2519 717 2584 rumque
741 2498 892 2562 salutaris
917 2498 1123 2563 correctionis
1147 2497 1265 2583 infligit
1288 2497 1478 2581 antidotum,
1495 2505 1539 2580 ut,
1558 2499 1611 2584 qui
1632 2519 1675 2562 ex
1698 2499 1813 2562 mentis
1838 2499 1973 2563 cecitate
1998 2498 2030 2561 in
2054 2498 2183 2583 culpam
2207 2502 2405 2578 corruerant,

582 2607 702 2692 apertis
726 2605 920 2670 mentalibus
945 2605 1057 2688 oculis,
1076 2605 1116 2668 ad
1138 2605 1253 2670 callem
1277 2604 1477 2669 rectitudinis
1502 2627 1645 2670 remeare
1670 2614 1867 2691 cognoscant
1890 2653 2402 2670 ................

583 2760 2175 2778 .................................................
2195 2712 2405 2777 Postmodum
2438 2773 2441 2778 ,

582 2843 659 2886 vero
684 2821 819 2907 predicti
843 2821 1029 2903 Commune,
1046 2820 1251 2884 Universitas
1275 2826 1306 2883 et
1329 2819 1475 2907 Populus
1499 2821 1715 2903 bononiensis,
1732 2827 1886 2906 tangente
1910 2821 2039 2886 domino
2064 2843 2119 2886 cor
2144 2821 2284 2907 ipsorum
2305 2827 2337 2884 et
2353 2841 2405 2882 ea-

582 2929 717 3014 liginem
740 2927 779 2992 da
803 2927 997 2992 mentalibus
1022 2948 1133 2991 eorum
1157 2927 1258 2992 oculis
1287 2928 1468 3010 auferente,
1494 2927 1532 2991 ad
1560 2929 1665 2992 sinum
1698 2928 1844 3012 ejusdem
1874 2927 2019 2992 Ecclesia
2051 2929 2162 2992 matris
2193 2949 2267 3010 sue,
2292 2949 2312 2990 a
2342 2947 2407 3013 qua

582 3035 673 3099 velut
696 3035 829 3098 alienati
852 3034 910 3097 lilii
932 3033 1064 3121 propria
1089 3033 1183 3119 eulpa
1208 3041 1418 3115 recesserant,
1442 3034 1546 3098 redire
1571 3035 1692 3097 saniori
1715 3034 1847 3099 consilio
1877 3035 2053 3121 cupientes,
2074 3034 2207 3098 dilectos
2231 3034 2314 3098 filios
2337 3054 2406 3096 ma·

583 3143 701 3227 gistros
725 3141 865 3206 Paulum
889 3141 928 3205 de
953 3141 1113 3225 Liazarijs
1137 3140 1339 3204 decretorum
1356 3149 1388 3205 et
1407 3140 1669 3227 Machagnauum
1686 3141 1725 3205 de
1743 3141 1939 3227 Aczoguidis
1956 3163 1993 3206 ac
2016 3141 2151 3206 Petrum
2167 3141 2206 3206 de
2222 3139 2405 3228 Bonpetris,

582 3249 693 3335 legum
716 3249 874 3332 doctores,
897 3249 1147 3330 ambassiatores,
1165 3269 1202 3312 ae
1225 3248 1411 3312 Rolandum
1435 3249 1597 3334 quondam
1621 3248 1780 3314 {Iohannis
1804 3249 1843 3313 dc
1863 3237 2032 3334 Pantucijs
2056 3249 2212 3314 sindicum
2236 3255 2268 3313 et
2291 3269 2405 3335 procu-

582 3363 724 3420 ratorem
746 3364 779 3421 et
803 3356 955 3420 nuncium
983 3354 1157 3442 specialem
1181 3377 1310 3438 eorum,
1335 3355 1422 3419 cives
1445 3356 1676 3439 bononienses,
1702 3356 1743 3420 ad
1766 3363 1909 3421 nestram
1934 3362 1966 3420 et
1990 3356 2137 3440 ejusdem
2160 3356 2252 3420 Sedis
2276 3376 2406 3442 presen-

583 3463 663 3527 tiam
686 3463 899 3545 destinarunt,
916 3462 972 3548 qui
996 3484 1105 3527 coram
1129 3463 1222 3544 nobis
1245 3469 1278 3526 et
1302 3462 1420 3526 eisdenr
1446 3462 1600 3527 iratribus
1624 3463 1742 3528 nostris
1766 3465 1797 3527 in
1819 3464 2008 3528 consistorio
2025 3463 2155 3550 publice
2172 3469 2405 3549 comparentes,

582 3577 731 3657 presente
756 3571 789 3634 in
813 3570 897 3635 dicto
922 3571 1111 3635 consistorio
1135 3576 1203 3633 tam
1226 3569 1425 3656 prelatorum
1449 3591 1545 3656 quam
1569 3571 1706 3635 alierum
1729 3570 1872 3635 fidelium
1894 3570 2100 3634 multitudine
2122 3569 2261 3657 copiosa,
2278 3591 2298 3632 a
2314 3569 2406 3633 nobis

583 3699 625 3742 ex
647 3685 740 3765 parte
764 3678 961 3760 Ocnrmunis,
978 3677 1207 3741 Universitatis
1231 3687 1263 3754 et
1286 3677 1404 3764 Populi
1427 3678 1646 3764 predictorum
1667 3677 1781 3744 devote
1797 3685 1829 3742 et
1845 3679 1976 3743 humilis
1992 3677 2235 3764 supplicationis
2252 3677 2406 3742 instantia

583 3786 802 3872 postularunt,
827 3792 863 3848 ut
887 3806 950 3850 non
975 3785 1178 3850 attendentes
1202 3783 1349 3869 ejusdem
1371 3785 1484 3871 pepuli
1508 3785 1726 3872 insipientiam
1757 3792 1788 3850 et
1819 3807 1985 3868 excessus,
2009 3785 2066 3850 sed
2090 3785 2142 3872 pie
2166 3784 2405 3849 considerantes

582 3893 728 3977 ejusdem
753 3893 846 3957 Sedis
870 3900 902 3956 et
926 3913 1058 3956 romane
1081 3891 1227 3956 Ecclesia
1250 3892 1485 3976 benignitatem
1508 3898 1541 3956 et
1564 3893 1767 3956 elementiam
1791 3899 1978 3957 consuetam
1998 3899 2030 3956 et
2046 3892 2132 3978 quod
2147 3890 2282 3979 predicti
2298 3891 2405 3955 Bonc-

582 4000 710 4064 uianses
734 3999 863 4064 fuerant
886 3999 1042 4064 hactenus
1066 3998 1211 4083 ejusdem
1235 3998 1380 4062 Ecclesia
1404 3998 1513 4063 devoti
1536 3999 1594 4083 filij
1619 4006 1651 4063 et
1674 4021 1744 4063 esse
1760 4006 1916 4086 perpetuo
1932 3999 2156 4086 proponebant
2172 4009 2204 4062 et
2220 3997 2305 4084 qued
2321 3996 2406 4062 idem

582 4109 721 4195 populus
745 4108 777 4170 in
802 4105 934 4170 servitio
958 4105 1103 4189 ejusdem
1126 4104 1271 4169 Ecclesia
1296 4111 1408 4169 eontra
1432 4104 1600 4170 indevotos
1622 4106 1723 4193 ipsius
1747 4106 1939 4191 sanguinem
1966 4127 2060 4170 suum
2090 4104 2226 4170 fundere
2257 4112 2290 4169 et
2319 4104 2406 4168 bona

582 4238 641 4280 sua
665 4235 828 4300 exponere
852 4214 984 4277 minime
1008 4211 1183 4294 dubitarat,
1201 4213 1356 4299 populum
1376 4213 1481 4299 ipsum
1499 4212 1706 4298 dignaremur
1721 4213 1880 4300 respicere
1898 4214 1991 4278 oculo
2007 4212 2148 4300 pietatis,
2165 4220 2198 4277 et
2214 4213 2244 4276 ei
2259 4211 2406 4276 redeunti

583 4321 795 4409 etpenitenti
819 4321 926 4384 sinum
949 4327 981 4384 et
1004 4319 1163 4404 gremium
1187 4320 1334 4404 ejusdem
1356 4319 1502 4384 Ecclesie
1526 4320 1774 4385 misericorditer
1797 4321 1934 4406 aperire,
1952 4320 2135 4406 dictumque
2152 4320 2307 4406 populum
2330 4318 2406 4382 diri·

582 4451 670 4516 gere,
695 4435 732 4493 ut
762 4429 833 4514 ipsa
861 4427 974 4491 civitas
999 4434 1109 4491 nostra
1132 4426 1193 4490 sub
1217 4427 1277 4490 alis
1301 4427 1431 4513 pietatis
1455 4435 1564 4492 nostre
1588 4434 1620 4492 et
1643 4426 1789 4512 ejusdem
1811 4427 1956 4492 Ecclesia
1981 4427 2014 4490 in
2036 4428 2127 4513 pacis
2150 4426 2350 4513 plenitudine
2374 4433 2407 4490 et

582 4535 823 4625 pulchritudine
847 4535 955 4599 valeat
978 4534 1168 4619 gubernari3
1193 4534 1277 4620 quod
1302 4535 1372 4599 fieri
1395 4535 1616 4599 indubitanter
1638 4534 1823 4618 credebant,
1840 4535 1867 4599 si
1890 4535 2036 4620 ejusdem
2060 4533 2153 4599 Sedis
2177 4534 2348 4598 elementia
2371 4555 2405 4597 se

582 4666 681 4731 super
703 4643 847 4707 articulis
871 4641 1085 4727 infrascriptis
1109 4641 1161 4728 pie
1186 4641 1375 4726 dignaretur
1399 4643 1542 4728 ipsorum
1566 4643 1770 4725 Communis,
1794 4641 2023 4706 Universitatis
2046 4648 2078 4704 et
2103 4641 2222 4728 Populi
2245 4641 2405 4727 supplica·

583 4751 723 4816 tionibus
747 4750 914 4813 inclinare.
938 4748 1093 4833 Idemque
1117 4748 1258 4812 sindicus
1283 4756 1314 4812 et
1338 4756 1538 4834 procurator,
1556 4748 1678 4812 habens
1698 4749 1739 4812 ad
1762 4749 1968 4836 infrascripta
1991 4749 2100 4813 omnia
2123 4755 2156 4813 et
2171 4748 2300 4833 singula
2317 4769 2405 4812 reco-

581 4858 784 4946 gnoscenda,
810 4856 989 4939 tractanda,
1014 4854 1164 4942 petenda,
1190 4857 1412 4942 supplicanda,
1437 4856 1597 4939 facienda,
1621 4857 1848 4943 promittenda,
1869 4856 2021 4942 juranda,
2045 4855 2241 4943 perficienda
2265 4862 2296 4919 et
2319 4877 2405 4920 corrr-

581 4966 701 5054 plenda
725 4964 865 5052 speciale
888 4962 1087 5044 mandatum,
1112 4963 1284 5028 uindicario
1307 4970 1339 5027 et
1362 4963 1585 5049 procuratorio
1609 4964 1737 5028 nomine
1762 4963 2024 5028 constituentium
2040 4963 2225 5028 eorumdem
2242 4962 2356 5026 devote
2374 4970 2405 5026 et

580 5074 746 5138 humiliter
769 5071 935 5136 confessus
959 5069 1022 5134 fuit
1038 5076 1070 5134 et
1086 5071 1184 5133 etiam
1201 5071 1398 5156 recognovit,
1417 5070 1504 5156 quod
1519 5070 1589 5156 ipsa
1606 5070 1719 5135 civitas
1735 5070 1941 5135 bononiensis
1958 5077 1990 5135 et
2007 5070 2178 5134 comitatus
2194 5075 2226 5133 et
2242 5069 2404 5133 districtus

582 5181 728 5266 ejusdem
751 5180 847 5265 pleno
868 5179 941 5262 jure
966 5178 999 5241 in
1023 5177 1255 5264 temporalibus
1279 5199 1342 5263 quo
1365 5178 1408 5241 ad
1431 5177 1607 5242 dominium
1631 5185 1663 5241 et
1686 5199 1810 5242 merum
1833 5183 1865 5241 et
1895 5179 2033 5242 mixtum
2056 5177 2226 5264 imperium
2249 5184 2282 5241 et
2305 5176 2404 5240 omni·

582 5288 711 5353 modam
732 5286 991 5371 jurisdictionem
1016 5284 1056 5348 ad
1080 5306 1248 5349 romanam
1270 5284 1450 5350 Ecclesiam
1478 5285 1511 5348 in
1543 5284 1681 5350 solidum
1704 5285 1866 5371 pertinent
1897 5307 1934 5349 ao
1958 5285 2056 5348 etiam
2080 5285 2120 5348 ab
2145 5284 2278 5369 antiquo
2306 5283 2404 5369 perti·

582 5400 738 5474 nuerunt3
764 5413 801 5456 ao
823 5392 946 5476 juravit
978 5391 1020 5454 sd
1052 5398 1165 5456 sancta
1188 5390 1251 5454 Dei
1274 5390 1456 5475 evangelia,
1477 5391 1509 5454 in
1534 5412 1568 5454 se
1598 5390 1790 5476 supradictis
1815 5390 1996 5454 nominibus
2026 5397 2058 5454 et
2081 5389 2114 5453 in
2138 5390 2262 5453 animas
2286 5388 2404 5453 consti·

581 5501 741 5566 tuentium
763 5499 981 5586 predictorum
1005 5498 1216 5584 corporaliter
1239 5504 1352 5583 sponte
1377 5503 1474 5578 tacta,
1506 5497 1607 5561 dictos
1638 5497 1869 5561 constituentes
1898 5518 2128 5581 recognoscere
2156 5517 2214 5560 nos
2237 5503 2270 5560 et
2293 5517 2404 5560 omnes

582 5628 732 5673 romanos
756 5607 923 5693 pontifices
947 5627 1148 5670 successores
1172 5611 1297 5669 nostros
1321 5625 1415 5669 veros
1439 5625 1508 5668 esse
1533 5595 1645 5668 eorum
1668 5603 1824 5687 dominos,
1849 5625 1971 5689 nosque
1995 5614 2027 5667 ct
2052 5624 2252 5668 successores
2276 5602 2406 5667 eosdem

582 5737 640 5803 pro
665 5715 808 5800 ipsorum
832 5713 916 5777 veris
941 5713 1079 5776 dominis
1104 5713 1351 5798 inperpetuum
1376 5712 1495 5776 habere
1520 5718 1552 5776 et
1574 5718 1702 5795 tenere,
1727 5734 1764 5776 ac
1792 5712 1885 5776 nobis
1915 5718 2024 5775 nostro
2048 5716 2081 5773 et
2104 5731 2325 5775 suceessorum
2349 5731 2405 5774 no·

581 5830 722 5888 atrorum
752 5827 784 5885 et
816 5820 962 5904 ejusdem
994 5840 1124 5884 romane
1155 5818 1300 5883 Ecclesia
1324 5818 1469 5902 nomine,
1494 5820 1731 5904 possessionem
1754 5826 1787 5883 et
1811 5819 1902 5905 quasi
1926 5818 2083 5901 civitatis,
2109 5818 2278 5882 comitatus
2302 5824 2335 5881 et
2357 5817 2405 5881 di-

581 5929 712 5994 strictus
736 5950 773 5992 ae
796 5927 876 5991 meri
900 5934 932 5991 et
955 5927 1049 5990 mixti
1072 5926 1199 6012 imperii
1222 5933 1254 5990 et
1277 5925 1459 5990 omnimode
1480 5925 1723 6010 jurisdictionis,
1741 5947 1799 5990 nee
1823 5947 1887 5989 non
1911 5931 2091 5989 ceterorum
2112 5925 2234 6010 jurium
2255 5924 2404 6006 civitatis,

582 6035 753 6100 comitatus
777 6040 809 6098 et
833 6033 997 6097 districtus
1021 6033 1217 6116 eorumdem,
1235 6031 1350 6117 quibus
1368 6053 1425 6096 nos
1442 6053 1479 6096 ac
1503 6031 1607 6096 dictus
1631 6032 1839 6119 predecessor
1862 6037 1970 6095 noster
1994 6038 2026 6094 et
2049 6031 2163 6095 cadem
2186 6051 2320 6096 romana
2343 6031 2404 6094 Ec·

581 6142 681 6209 clesia
704 6141 823 6205 fuimus
848 6140 995 6227 spoliati,
1019 6140 1114 6227 plene
1138 6147 1170 6204 et
1192 6139 1318 6224 integre
1343 6139 1529 6221 restituere,
1554 6139 1689 6204 reddere
1721 6146 1752 6204 ct
1782 6139 1981 6224 reintegrare
2006 6145 2037 6202 et
2062 6159 2104 6202 ex
2127 6159 2212 6203 nunc
2235 6159 2274 6202 ea
2298 6138 2404 6202 omnia

581 6258 614 6316 et
638 6250 767 6336 singula
790 6249 883 6313 nobis
907 6255 939 6313 et
963 6248 1056 6313 dictis
1080 6247 1320 6312 successoribus
1348 6268 1386 6310 ac
1408 6246 1513 6311 eidem
1536 6268 1668 6312 romane
1691 6246 1836 6311 Ecclesia
1859 6246 1960 6311 libere
1984 6245 2088 6310 dietus
2113 6244 2253 6310 sindicus
2277 6252 2309 6309 et
2331 6266 2404 6331 pro·

661 6482 701 6548 (1)
721 6479 763 6532 llx
783 6479 851 6549 Reg.
871 6479 908 6531 ll.
928 6478 1015 6546 Epist.
1034 6483 1138 6542 secret,
1157 6477 1237 6546 epist.
1257 6481 1319 6544 305,
1339 6477 1386 6529 lol.
1407 6479 1440 6530 82
1460 6493 1485 6528 v.
