5492 7750
619 642 667 714 28
1407 661 1648 712 uouuuaurs

617 816 810 902 quibusdam
834 815 946 881 formis
970 823 1140 882 contextus
1163 815 1279 882 fuerat.
1304 817 1461 882 Preterea
1477 815 1723 882 laudamentum
1748 817 1877 883 casibus
1901 825 2131 902 constructum,
2147 818 2346 904 argumentis
2360 841 2435 884 con-

617 923 790 1006 firmatum,
808 923 968 988 coloribus
992 922 1093 987 veluti
1116 923 1309 1008 quibusdam
1333 923 1466 988 floribus
1492 931 1563 988 erat
1586 923 1759 988 variatum.
1775 923 1872 988 Hanc
1895 924 2027 988 domum
2049 923 2082 988 in
2106 923 2251 1010 partibus
2268 925 2356 990 urbis
2372 927 2436 990 Bo·

617 1030 723 1113 nonie,
748 1029 824 1096 dum
848 1051 899 1094 me
921 1029 1052 1094 fortuna
1073 1029 1205 1094 duceret
1227 1051 1367 1117 suasque
1392 1051 1527 1117 pompas
1552 1037 1747 1113 ostentaret,
1771 1030 1896 1112 inveni,
1919 1037 1951 1094 et
1975 1031 2008 1094 in
2031 1051 2070 1095 ea
2094 1031 2214 1096 diutius
2237 1031 2368 1096 consedi
2398 1053 2435 1096 ac

616 1137 765 1223 diligenti
788 1137 999 1224 inquisicioue
1021 1137 1129 1201 omnia
1152 1143 1373 1223 perscrutatus
1404 1159 1486 1202 sum.
1511 1137 1550 1201 In
1582 1158 1647 1222 qua
1678 1159 1789 1202 omnes
1821 1137 1968 1202 acciones
1999 1145 2032 1203 et
2062 1139 2285 1208 accusationes
2315 1139 2435 1204 iustitie

617 1251 771 1332 precepta
801 1251 1000 1330 exequentes
1031 1243 1125 1329 quasi
1152 1245 1290 1328 quedam
1320 1244 1511 1330 pedissequo
1543 1245 1585 1308 ad
1616 1244 1709 1308 saria
1735 1244 1914 1308 ministeria
1940 1244 2070 1310 fuerant
2097 1246 2266 1310 destinate.
2291 1244 2436 1320 Quarum

617 1351 717 1416 offitia
739 1351 881 1416 breviter
905 1358 938 1416 et
961 1357 1127 1436 tamquam
1151 1350 1246 1416 modo
1263 1350 1494 1416 introductorio
1511 1351 1678 1416 declarare
1695 1351 1858 1437 proposui.
1874 1351 1946 1416 Hcc
1969 1351 2078 1438 itaque
2103 1353 2195 1437 quasi
2218 1354 2357 1439 quedam
2378 1375 2436 1440 pa·

616 1459 731 1524 noticia
753 1459 866 1544 legant
889 1459 1002 1540 rudes,
1026 1464 1063 1522 ut
1086 1457 1165 1521 fiant
1187 1457 1346 1540 doctores,
1370 1458 1482 1544 legant
1505 1457 1592 1522 docti
1615 1465 1651 1522 ut
1674 1457 1753 1522 fiant
1777 1457 1954 1522 doctiores:
1980 1479 2039 1522 nec
2069 1459 2140 1546 quis
2171 1459 2257 1524 dicat
2280 1459 2337 1524 scd
2360 1459 2436 1547 quid

616 1566 742 1631 dicatur
765 1567 938 1630 intueatur.

1504 1886 1546 1950 X.

1360 2121 1457 2202 1207,
1481 2121 1525 2183 22
1548 2121 1697 2184 ianuarii.

701 2353 754 2418 Ex
778 2353 910 2416 archivo
935 2374 960 2416 s.
982 2353 1118 2417 loannis
1144 2352 1175 2416 in
1199 2351 1310 2417 Monte
1334 2353 1475 2416 nuncin
1500 2351 1677 2416 Tabulatis
1700 2351 1790 2416 Max.
1816 2350 1951 2431 bonon,
1976 2358 2053 2416 sect.
2083 2375 2097 2408 ι
2122 2351 2305 2416 Deraoniolc
2328 2377 2358 2434 »,

1261 2479 1348 2524 num.
1374 2440 1424 2502 u
1470 2459 1526 2524 uc.
1550 2459 1649 2542 xu,
1673 2459 1744 2524 coo.
1770 2461 1799 2523 r.

1377 2514 1426 2554 latu
1437 2509 1445 2542 ²

705 2731 913 2796 Innocentius
938 2729 1117 2816 episcopus,
1135 2751 1248 2793 servus
1273 2751 1440 2794 servorum
1462 2729 1536 2812 Dei,
1561 2729 1678 2794 dilecto
1698 2729 1764 2794 filio
1782 2729 1945 2816 preposito
1966 2728 2069 2793 sancti
2089 2729 2243 2816 Prosperi
2258 2728 2440 2794 Bononien-

617 2839 676 2920 sis,
708 2837 846 2901 salutcm
877 2845 908 2900 et
937 2837 1148 2922 apostolicam
1177 2835 1445 2900 benedictionem.
1469 2834 1589 2900 Dilecti
1619 2836 1677 2921 filij
1710 2835 1798 2922 prlor
1827 2842 1859 2899 et
1889 2834 2007 2900 fratres
2038 2857 2063 2899 s.
2088 2835 2247 2900 Johannis
2272 2835 2304 2899 in
2329 2835 2439 2900 Monte

617 2967 710 3010 suam
740 2944 782 3008 ad
815 2965 872 3009 nos
904 2943 1139 3030 querimoniam
1171 2943 1428 3025 transmiserunt,
1453 2943 1539 3028 quod
1563 2965 1636 3007 cum
1659 2943 1742 3007 intcr
1766 2944 1852 3030 ipsos
1876 2964 1918 3006 ex
1941 2963 2007 3007 una
2030 2949 2137 3028 parte,
2161 2963 2199 3007 ac
2223 2942 2374 3006 abbatem
2404 2949 2437 3006 et

618 3058 812 3117 conventum
835 3051 938 3115 sancti
963 3049 1121 3138 Stephani
1144 3051 1351 3116 bononiensis
1375 3072 1416 3114 ex
1440 3049 1561 3132 altera,
1588 3071 1695 3115 coram
1720 3051 1875 3136 magistro
1906 3049 2046 3114 Baldino
2078 3049 2267 3132 decretista,
2288 3049 2438 3136 delegato

618 3183 638 3224 a
665 3158 856 3224 bononiensi
879 3157 1060 3245 Episcopo,
1084 3159 1136 3222 cui
1159 3158 1354 3224 venerabilis
1378 3156 1478 3221 frater
1502 3165 1612 3222 noster
1639 3157 1841 3223 ferrariensis
1864 3157 2062 3244 Episcopus,
2087 3156 2255 3242 delegatus
2283 3157 2435 3240 anobis,

617 3288 749 3333 causam
773 3266 876 3352 ipsam
900 3266 1105 3330 commiserat
1128 3287 1225 3352 super
1248 3265 1442 3351 quibusdam
1465 3265 1725 3352 possessionibus
1749 3272 1781 3328 et
1804 3265 1876 3328 aliis
1896 3265 2022 3350 questio
2039 3271 2229 3348 verteretur,
2246 3264 2332 3328 idem
2350 3265 2438 3351 prior

616 3382 649 3440 et
672 3374 807 3454 fratres,
832 3372 1006 3437 sentientes
1030 3395 1064 3438 se
1089 3381 1201 3438 contra
1222 3373 1383 3458 justitiam
1407 3373 1576 3458 agrarari,
1602 3394 1660 3459 por
1691 3372 1856 3436 Sindicum
1888 3393 1982 3435 suum
2005 3371 2047 3435 ad
2077 3371 2195 3436 Sedcm
2216 3372 2438 3459 Apostolicam

616 3480 832 3569 appellarunt.
859 3479 925 3544 Sed
956 3479 1042 3544 idem
1071 3481 1229 3544 Baldinus
1252 3480 1463 3568 appellationi
1487 3501 1551 3545 non
1576 3480 1743 3562 deferens,
1767 3487 1879 3544 contra
1903 3501 1958 3543 eos
1982 3480 2125 3566 iniquam
2149 3479 2341 3545 sententiam
2363 3501 2436 3566 pro-

615 3587 783 3674 mulgavit.
809 3587 951 3673 Ideoque
983 3586 1169 3652 discretioni
1196 3595 1250 3651 tue
1280 3608 1339 3672 per
1362 3586 1541 3673 apostolica
1570 3587 1691 3673 scripta
1721 3587 1928 3670 mandamus,
1953 3591 2112 3672 quatenus
2135 3586 2278 3671 legitime
2309 3585 2348 3650 de
2380 3608 2436 3673 ap-

616 3695 792 3782 pellatione
817 3714 1025 3778 cognoscens,
1050 3693 1244 3758 sententiam
1268 3693 1371 3779 ipsam
1396 3694 1587 3758 confirmare
1611 3693 1664 3758 vel
1687 3693 1860 3776 infirmare,
1888 3693 2105 3780 appellatione
2128 3700 2266 3774 remota,
2286 3714 2438 3779 procures

614 3804 699 3868 siout
722 3802 761 3866 de
783 3803 857 3887 jure
881 3801 980 3866 fucrit
1003 3800 1197 3866 laciendum.
1221 3799 1309 3864 Data
1332 3801 1435 3864 Rome
1460 3800 1546 3886 apud
1571 3807 1719 3864 sanctum
1740 3800 1884 3883 Petrum,
1909 3799 1991 3864 IIII.
2013 3799 2085 3864 idus
2108 3799 2286 3864 decembris
2309 3801 2436 3886 pontifi-

617 3917 708 3976 catus
732 3909 834 3974 nostri
858 3930 944 3973 anno
968 3907 1102 3973 decimo.

704 4017 744 4080 In
768 4016 872 4081 eterni
895 4015 959 4080 Dei
982 4016 1122 4098 nomine,
1146 4036 1251 4080 emen.
1275 4014 1348 4100 Ego
1371 4014 1540 4080 Bandinus
1563 4015 1766 4097 Familiatus,
1789 4014 1900 4100 logum
1931 4015 2053 4098 doctor,
2077 4036 2119 4079 ex
2147 4013 2350 4101 delegatione
2381 4015 2436 4080 do·

615 4125 694 4190 mini
718 4124 856 4188 Gerardi
880 4122 1087 4188 bononiensis
1111 4122 1265 4210 Episcopi
1289 4123 1436 4208 cognitor
1460 4124 1762 4205 controversiarum,
1779 4144 1841 4208 que
1864 4123 2075 4187 vertebantur
2099 4123 2182 4187 inter
2205 4122 2349 4188 Leonem
2372 4123 2436 4186 sin·

615 4233 723 4297 dicum
746 4230 934 4315 monasterij
956 4231 1060 4294 sancti
1085 4230 1252 4316 Stephani,
1270 4230 1327 4315 qui
1349 4237 1484 4294 vocatur
1504 4230 1696 4313 Jerusalem,
1713 4230 1842 4295 nomine
1867 4230 1969 4317 ipsius
1991 4230 2179 4314 monasterij
2196 4252 2239 4294 ex
2254 4251 2320 4294 una
2335 4237 2436 4316 parte,

615 4346 648 4404 et
671 4339 831 4404 Jacobum
854 4337 1013 4401 sindicum
1036 4337 1140 4401 sancti
1162 4337 1305 4402 Victoris
1321 4345 1354 4401 et
1374 4336 1478 4401 saneti
1494 4336 1514 4402 J
1518 4337 1664 4419 ohannis,
1689 4337 1819 4402 nomine
1843 4337 2004 4402 dictarum
2026 4337 2236 4402 ecclesiarum
2257 4358 2300 4401 ex
2323 4337 2436 4420 altera,

615 4467 677 4532 que
702 4446 785 4509 tales
809 4452 911 4508 erant.
936 4443 1075 4508 Petebat
1098 4443 1257 4530 siquidem
1280 4443 1347 4509 Leo
1372 4444 1476 4507 dictus
1499 4465 1519 4506 a
1539 4442 1645 4508 donno
1662 4443 1809 4509 Gerardo
1828 4444 1936 4530 priore
1952 4443 2213 4530 supradictarum
2228 4443 2437 4508 ecclesiarum

615 4553 834 4640 possessiones
858 4571 920 4637 que
944 4550 1075 4615 luerunt
1098 4553 1201 4616 sancti
1226 4551 1360 4616 Martini
1382 4551 1416 4614 in
1439 4549 1595 4634 Pozad[e]
1618 4551 1671 4615 rel
1695 4573 1757 4637 que
1781 4551 1932 4616 dicuntur
1955 4551 2055 4615 fuisse
2078 4549 2207 4616 domine
2232 4550 2367 4632 Guillie,
2383 4550 2435 4615 vcl

616 4661 644 4724 si
670 4681 729 4748 pro
754 4659 879 4724 cenubio
903 4659 1140 4746 suprascriptas
1163 4658 1316 4723 ecclesias
1339 4657 1522 4745 possidere,
1546 4658 1781 4745 compossidere
1805 4658 1941 4741 diceret,
1961 4658 2088 4722 salvum
2111 4658 2272 4723 cambium
2295 4659 2435 4744 petebat,

614 4776 648 4834 et
671 4769 704 4833 in
728 4767 853 4849 melius,
871 4765 1080 4852 quodminus
1104 4765 1248 4851 legitime
1272 4765 1395 4830 factum
1418 4772 1515 4849 esset,
1531 4766 1713 4852 reformarj,
1730 4766 1783 4831 rel
1801 4767 1888 4854 ipsas
1911 4766 2130 4854 possessiones
2155 4765 2272 4831 dimitti
2294 4766 2436 4852 petebat.

616 4875 765 4941 Confines
789 4875 875 4960 petie
899 4873 1020 4959 prime,
1045 4895 1107 4960 que
1137 4880 1186 4939 est
1218 4875 1344 4938 aratira
1375 4882 1407 4939 et
1438 4875 1594 4958 busciva,
1620 4895 1638 4938 a
1662 4875 1765 4939 tribus
1795 4875 1951 4939 lateribus
1981 4881 2057 4938 sunt
2086 4874 2305 4960 possessiones
2335 4874 2439 4938 sancti

614 4982 804 5064 Victoriae
828 4987 943 5066 quarto
966 4980 1022 5045 via
1045 4981 1193 5068 publica:
1219 4981 1360 5046 confines
1384 4981 1536 5065 secunde,
1552 5003 1614 5067 que
1639 4989 1687 5046 est
1710 4982 1852 5064 vineata,
1873 4982 1979 5068 posita
1996 4988 2044 5046 est
2061 4980 2180 5044 ibidem
2199 4981 2253 5044 ria
2276 4980 2437 5046 mediante

616 5112 636 5154 a
659 5089 762 5153 tribus
785 5087 953 5170 lateribus,
971 5095 1047 5153 sunt
1070 5087 1121 5152 rie
1145 5088 1328 5174 publice:a
1353 5095 1468 5175 quarto
1492 5089 1588 5152 vinea
1612 5088 1714 5153 sancti
1736 5087 1889 5173 Victoris,
1907 5095 1939 5152 et
1960 5095 2035 5152 sunt
2055 5088 2152 5172 juxta
2179 5094 2326 5152 sanctum
2349 5087 2436 5152 Mar·

615 5198 728 5262 tinum.
745 5196 830 5261 Item
852 5196 985 5283 petebat
1009 5217 1108 5260 unam
1132 5201 1334 5260 tornaturam
1357 5203 1390 5260 et
1412 5195 1553 5260 mediam
1575 5202 1660 5259 terre
1683 5197 1813 5280 rjneate
1837 5195 1871 5259 in
1892 5195 2058 5260 Barbiano
2082 5195 2115 5259 iu
2137 5195 2232 5259 vinea
2253 5196 2356 5259 sancti
2377 5195 2435 5259 Vi·

615 5306 730 5388 ctoris,
754 5312 787 5371 et
810 5305 943 5392 petebat
973 5311 1009 5368 ut
1041 5305 1193 5369 renovari
1215 5304 1348 5368 deberet
1371 5305 1411 5369 de
1438 5325 1505 5368 una
1535 5303 1623 5390 petia
1653 5303 1780 5368 arativa
1809 5304 1915 5390 posita
1946 5304 1979 5367 in
2009 5302 2211 5388 Partiguano
2239 5303 2336 5387 juxta
2366 5303 2435 5367 vias

615 5414 762 5500 publicas
786 5435 805 5476 a
829 5412 954 5476 duobus
982 5411 1139 5476 lateribus
1163 5418 1195 5475 et
1216 5411 1313 5496 juxta
1336 5419 1457 5476 terram
1481 5412 1585 5476 sancti
1607 5410 1759 5475 Victoris.
1784 5411 1867 5474 Item
1897 5410 2030 5496 petebat
2056 5417 2093 5474 ut
2123 5409 2274 5474 renovari
2303 5410 2435 5475 deberet

615 5521 655 5585 de
678 5541 744 5584 una
767 5519 855 5605 petia
878 5525 963 5582 terre
987 5519 1094 5605 posita
1118 5517 1151 5581 in
1175 5518 1293 5583 Gleula
1317 5519 1351 5582 in
1375 5519 1475 5583 tundo
1498 5519 1537 5584 de
1561 5517 1712 5603 Bivigno.
1736 5517 1886 5582 Confines
1917 5524 1992 5581 suut
2020 5518 2117 5602 juxta
2147 5536 2181 5580 se
2213 5517 2318 5603 ipsos,
2338 5517 2435 5602 juxta

614 5627 792 5692 Martinam
824 5624 863 5689 de
894 5625 991 5690 Valle
1026 5624 1159 5706 Gleule,
1193 5632 1225 5689 et
1255 5633 1387 5712 propter
1422 5625 1666 5691 renovationem
1696 5632 1845 5711 quartam
1875 5631 2002 5711 partem
2034 5624 2092 5688 sol.
2117 5623 2225 5688 XXX.
2257 5624 2435 5688 lucensium

616 5734 763 5820 ejusdem
786 5733 940 5798 bonitatis
964 5739 996 5796 et
1019 5732 1249 5817 extimationis,
1267 5755 1328 5820 que
1353 5733 1414 5798 luit
1438 5755 1457 5798 a
1479 5732 1582 5798 XLV.
1601 5733 1693 5797 annis
1718 5733 1808 5816 citra,
1826 5733 1879 5797 vel
1899 5733 1986 5818 ipsas
2008 5753 2061 5796 res
2085 5732 2282 5818 pertinentes
2303 5731 2346 5795 ad
2368 5753 2435 5796 mo·

615 5842 794 5908 nestorium
817 5840 988 5922 dimiteret,
1009 5845 1042 5904 et
1065 5840 1128 5904 hoo
1148 5841 1221 5924 jure
1246 5840 1380 5906 dominii
1402 5841 1456 5905 rel
1480 5841 1583 5927 quasi,
1601 5841 1642 5905 ad
1663 5840 1866 5926 probandum
1889 5840 1927 5904 de
1952 5839 2129 5904 intentione
2153 5860 2212 5903 sua
2235 5837 2436 5904 confessione

616 5948 828 6036 suprascriptj
853 5947 986 6028 Jacobi,
1011 5953 1045 6011 et
1067 5947 1282 6012 instrumenta
1305 5948 1401 6035 plura
1425 5948 1622 6035 producens,
1648 5947 1916 6034 condcpnandum
1943 5946 2064 6010 dictum
2088 5946 2245 6010 sindicum
2268 5953 2301 6010 et
2323 5967 2436 6033 supra-

614 6058 753 6144 scriptas
784 6054 937 6120 ecclesias
969 6075 1040 6119 esse
1072 6055 1210 6120 dicebat.
1234 6054 1262 6119 E
1287 6063 1400 6120 contra
1423 6056 1566 6120 Jacobus
1590 6077 1624 6119 se
1648 6056 1681 6118 in
1705 6054 1794 6119 nnllo
1822 6053 1926 6118 teneri
1953 6061 1986 6117 et
2016 6053 2252 6139 suprascriptas
2283 6053 2435 6117 ecclesias

615 6171 648 6230 et
670 6163 821 6252 priorem,
845 6183 958 6227 earum
982 6163 1123 6247 nomine,
1148 6162 1268 6246 dicens,
1293 6162 1335 6228 ab
1360 6163 1478 6227 abbate
1503 6163 1714 6249 suprascriptj
1746 6161 1935 6246 monasterij
1965 6181 2084 6247 penam
2113 6160 2151 6224 L.
2175 6159 2333 6223 librarum
2360 6159 2434 6224 bou.

616 6272 757 6360 petebat,
781 6270 947 6357 quianon
972 6270 1158 6335 observavit
1180 6270 1267 6356 quod
1291 6271 1474 6337 continetur
1497 6271 1531 6335 in
1555 6269 1727 6335 concordia
1750 6269 1838 6334 lacta
1861 6269 1944 6332 inter
1968 6289 2059 6350 eum,
2083 6267 2212 6332 nomine
2236 6269 2434 6353 monasterij,

614 6387 647 6446 et
671 6379 812 6466 priorem
835 6379 1102 6465 suprascriptum,
1119 6384 1151 6443 et
1173 6398 1233 6464 pro
1257 6399 1316 6442 sua
1339 6377 1527 6443 defensione
1550 6377 1768 6443 confessiones
1792 6375 2003 6463 suprascriptj
2024 6374 2144 6439 Leonis
2167 6381 2200 6438 et
2224 6373 2436 6438 instrumenta

492 6519 495 6525 ·
615 6485 796 6553 introduxit
819 6491 851 6550 et
875 6491 984 6550 testes.
1002 6485 1073 6560 Que
1097 6485 1206 6550 omnia
1229 6491 1303 6550 acta
1326 6491 1402 6551 sunt
1419 6506 1478 6572 per
1492 6484 1728 6571 suprascriptos
1750 6483 1900 6566 sindicos,
1917 6483 1950 6546 in
1967 6502 2103 6568 quorum
2118 6482 2226 6546 locum
2241 6481 2283 6545 ab
2299 6487 2436 6566 utraque
