5490 7750
801 684 1034 733 SPECTANTIA
1063 683 1113 732 AD
1143 681 1397 733 Pnousssoans
1425 683 1530 733 JURIS
1559 682 1692 732 CIVILIS
2077 661 2151 730 120

331 836 458 918 nostris,
476 843 508 899 et
532 834 637 899 eidem
662 834 808 900 Ecclesia
824 834 877 898 vel
902 854 1038 919 persone
1063 855 1119 898 seu
1143 833 1289 919 personis
1312 853 1370 918 per
1394 854 1452 897 nos
1480 854 1536 896 seu
1561 853 1760 896 successores
1782 838 1906 896 nostros
1931 831 2028 896 adid
2053 837 2153 918 depu-

335 941 432 1006 tande
457 964 514 1006 seu
538 942 730 1028 deputandis
755 964 774 1005 a
797 940 931 1027 prefatis
958 940 1176 1023 universitate,
1201 939 1320 1026 populo
1344 947 1377 1004 ct
1401 940 1571 1005 Communi
1594 939 1680 1004 facta
1704 960 1767 1003 uon
1792 939 1898 1022 luerit,
1922 947 1958 1003 ut
1981 938 2152 1024 prefertur.

422 1050 581 1133 Secundo,
601 1050 639 1113 ad
666 1049 843 1134 capitulum
868 1056 1053 1112 contentum
1078 1048 1110 1111 in
1133 1047 1235 1111 literis
1252 1049 1447 1131 memoratis,
1465 1069 1528 1133 quo
1545 1056 1678 1112 cavetur
1694 1047 1779 1132 quod
1796 1047 1828 1110 in
1845 1047 2008 1134 presentia
2032 1049 2152 1131 nuncii,

332 1178 389 1221 seu
414 1157 604 1221 nunciorum
629 1164 830 1238 nostrorum,
855 1177 951 1240 quem
974 1156 1026 1218 vel
1050 1176 1130 1240 quos
1154 1154 1195 1218 ad
1219 1155 1279 1218 hec
1303 1155 1564 1241 deputaverimus
1593 1162 1625 1218 et
1654 1154 1696 1218 ad
1719 1155 1883 1219 civitatem
1906 1155 2052 1219 eamdem
2079 1176 2153 1240 pro-

330 1272 443 1350 pterea
473 1265 659 1328 duxerimus
692 1262 919 1328 destinandum
950 1263 1002 1326 vel
1033 1262 1240 1326 destinandos
1272 1263 1303 1325 ia
1336 1263 1481 1347 generali
1512 1261 1653 1326 Consilio
1685 1262 1823 1326 civitatis
1855 1262 2000 1346 ejusdem
2027 1262 2152 1326 adhoc

334 1371 518 1456 specialiter
541 1370 748 1434 convocando
772 1377 803 1433 et
827 1369 974 1434 faciendo
999 1370 1031 1432 in
1056 1368 1186 1432 civitate
1211 1368 1348 1454 prefata,
1366 1375 1401 1432 ut
1424 1369 1522 1433 moris
1546 1375 1595 1432 est
1618 1368 1687 1432 fieri
1706 1377 1737 1432 et
1759 1369 1923 1433 observari
1940 1369 1971 1432 in
1989 1368 2099 1432 arduis
2122 1379 2155 1432 ct

332 1479 509 1562 majoribus
533 1479 673 1564 negotijs
691 1477 829 1542 civitatis
846 1476 1001 1560 ejusdem,
1019 1476 1136 1540 debeat
1157 1475 1241 1539 infra
1257 1484 1394 1562 tempus,
1412 1477 1445 1540 in
1462 1477 1563 1540 literis
1579 1477 1657 1562 ipsis
1674 1484 1870 1558 contentum,
1886 1476 1956 1539 fieri
1971 1476 2152 1560 affirmatio,

332 1585 542 1667 confirmatio,
560 1584 730 1648 ratificatio
754 1590 786 1648 et
810 1583 1005 1668 emologatio
1029 1583 1187 1670 specifice,
1205 1583 1413 1668 singulariter
1436 1591 1469 1646 et
1493 1604 1655 1670 expresse,
1674 1584 1815 1646 omnium
1838 1589 1871 1647 et
1894 1583 2095 1668 singulorum
2119 1585 2152 1647 in

334 1691 427 1756 dictis
451 1692 552 1756 literis
577 1696 810 1772 contentorum,
827 1697 924 1776 prout
947 1691 1005 1754 hcc
1030 1697 1062 1754 et
1085 1690 1150 1754 alia
1173 1691 1205 1754 in
1225 1691 1410 1775 hujusmodi
1426 1691 1567 1776 capitulo
1585 1690 1618 1754 in
1634 1690 1755 1754 eisdem
1771 1690 1872 1754 literis
1890 1691 2009 1755 inserto
2026 1691 2153 1777 plenius

334 1807 366 1862 et
389 1799 540 1864 seriosius
564 1798 756 1880 continetur,
781 1797 815 1861 in
839 1819 877 1861 eo
902 1817 978 1860 casu
1002 1797 1169 1878 videlieet,
1193 1797 1249 1861 ubi
1273 1797 1356 1861 forte
1387 1797 1572 1880 hujusmodi
1603 1797 1789 1880 affirmatio,
1814 1797 2028 1881 confirmatio,
2052 1798 2151 1862 ratifi-

333 1906 417 1970 catio
439 1914 470 1970 et
492 1905 686 1990 emologatio
703 1911 734 1968 et
752 1904 817 1968 alia
834 1905 980 1989 proxime
997 1904 1083 1968 dicta
1099 1925 1163 1968 non
1179 1904 1293 1968 fierent
1310 1904 1395 1968 infra
1411 1905 1514 1968 dictas
1530 1905 1687 1968 kalendas
1703 1906 1848 1990 proxime
1865 1905 1991 1968 suturas
2008 1906 2153 1990 ejusdem

332 2014 451 2077 mensis
469 2013 669 2098 septembris,
687 2012 785 2075 salvis
802 2019 910 2074 tamen
932 2011 1200 2097 suppletionibus,
1217 2011 1491 2076 moderationibus
1508 2019 1539 2076 ct
1555 2011 1826 2077 declarationibus
1843 2012 2066 2098 infrascriptis.

422 2121 541 2202 Tertio,
568 2120 608 2183 ad
633 2119 810 2205 capitulum
833 2119 864 2182 in
891 2117 1012 2182 eisdem
1036 2119 1137 2182 literis
1161 2120 1427 2205 comprehensum
1456 2118 1495 2183 de
1524 2140 1638 2183 census
1669 2120 1906 2202 constitutione,
1931 2128 1963 2183 et
1993 2121 2151 2184 solutione

331 2227 442 2312 ipsius,
460 2248 594 2290 romano
614 2225 766 2290 Pontifici
788 2233 820 2288 et
844 2225 989 2311 Collegio
1014 2225 1235 2290 Cardinalium
1259 2235 1368 2290 sancte
1393 2247 1525 2290 romane
1548 2226 1693 2290 Ecclesia
1718 2235 1804 2291 certo
1828 2228 1964 2291 termino
1989 2226 2151 2308 facienda,

273 2331 278 2339 ’
331 2334 358 2398 εἰ
381 2333 465 2398 infra
488 2335 617 2398 ultimos
641 2339 706 2396 tres
730 2353 856 2396 menses
880 2333 913 2396 in
935 2333 1028 2396 dictis
1060 2333 1181 2416 literis,
1206 2334 1237 2396 in
1263 2333 1408 2396 clausula
1432 2333 1583 2397 videlicet
1611 2333 1650 2396 dc
1680 2334 1823 2419 predicto
1857 2355 1955 2398 censu
1984 2341 2151 2398 contentos

331 2440 534 2526 integraliter
559 2441 644 2504 facta
669 2461 732 2503 non
756 2438 863 2522 fuerit,
881 2440 971 2526 penis
996 2439 1069 2523 alijs
1094 2441 1125 2503 ia
1147 2439 1231 2504 dieto
1254 2440 1395 2525 capitulo
1412 2441 1569 2504 contentis
1586 2441 1619 2504 in
1635 2461 1694 2504 sua
1711 2441 1973 2526 permanentibus
1989 2441 2150 2505 firmitate.

422 2548 556 2630 Quarto,
584 2548 624 2612 ad
649 2547 825 2633 capitulum
849 2548 881 2610 iu
906 2548 1090 2611 memoratis
1113 2548 1214 2610 literis
1239 2555 1424 2611 contentum
1448 2548 1486 2610 de
1511 2547 1721 2612 ducentorum
1754 2548 1938 2612 bominibus
1971 2548 2150 2633 equitibus,

332 2655 424 2721 bonis
455 2657 546 2741 equis
578 2663 611 2718 et
646 2657 744 2717 armis
775 2655 857 2718 bene
888 2663 920 2718 et
952 2655 1103 2718 decenter
1133 2655 1281 2737 munitis,
1304 2662 1476 2741 postquam
1507 2655 1717 2737 universitas,
1742 2657 1880 2741 populus
1911 2663 1943 2720 et
1975 2656 2151 2720 Commune

332 2763 468 2852 predicti
492 2784 588 2848 super
612 2762 672 2826 hoc
696 2783 754 2847 per
776 2771 931 2844 nostrum,
949 2783 1005 2824 seu
1031 2783 1250 2825 successorum
1274 2768 1455 2826 nostrorum
1480 2762 1532 2825 vel
1556 2763 1701 2847 ejusdem
1726 2762 1874 2846 Collegij,
1897 2763 1980 2826 Sede
2004 2770 2150 2845 vacante,

332 2870 485 2935 nuncium
509 2868 629 2933 luerint
652 2869 798 2954 requisiti
821 2868 862 2932 ad
883 2869 1051 2932 servitium
1068 2890 1199 2932 romane
1215 2867 1360 2932 Ecclesia
1378 2869 1643 2951 transmittendis,
1661 2877 1692 2933 et
1709 2870 1855 2933 tenendis
1871 2891 1929 2955 per
1944 2875 2009 2933 tres
2025 2890 2150 2932 menses

332 2980 475 3063 integros
499 2999 583 3042 anno
608 2977 752 3063 quolibet
775 2977 925 3063 expensis
949 2978 1235 3040 transmittentium
1258 2978 1486 3062 predic-torum,
1501 2979 1596 3061 juxta
1617 2977 1774 3041 dictarum
1792 2978 2022 3042 continentiam
2042 2979 2150 3042 litera-

331 3107 413 3168 rum,
431 3086 458 3148 si
482 3086 564 3148 forte
588 3085 664 3149 dicti
688 3085 892 3166 universitas,
913 3083 1051 3170 populus
1068 3093 1100 3147 et
1117 3084 1293 3148 Commune
1318 3106 1415 3170 super
1430 3085 1493 3167 hijs
1510 3084 1662 3148 mandato
1687 3105 1743 3148 seu
1766 3085 1965 3170 requisitioni
1985 3085 2150 3168 faciendis,

331 3201 367 3256 ut
390 3193 603 3278 premittitur,
628 3192 713 3255 infra
743 3191 912 3255 duodecim
942 3191 1066 3255 dierum
1098 3192 1255 3276 spatium,
1280 3213 1360 3277 quos
1392 3191 1437 3254 eis
1469 3191 1510 3254 ad
1540 3191 1736 3256 commodius
1768 3191 1976 3278 prestandum
2007 3193 2151 3277 equitum

331 3300 548 3386 predictorum
573 3299 751 3363 subsidium
777 3306 886 3363 tenore
910 3298 1108 3384 presentium
1131 3299 1282 3362 duximus
1305 3298 1537 3381 concedendos,
1562 3299 1734 3362 efficaciter
1757 3320 1821 3363 non
1844 3306 2005 3385 parerent.

419 3407 549 3488 Quinto,
575 3406 617 3469 ad
641 3427 752 3470 casum
774 3406 806 3469 ia
831 3427 893 3492 quo
918 3405 1121 3469 Universitas
1144 3407 1196 3469 vel
1220 3407 1323 3470 maior
1344 3428 1419 3491 pars
1441 3405 1670 3469 Universitutis
1686 3405 1931 3470 bononiensium
1947 3407 2048 3489 fieret,
2065 3406 2151 3492 quod

329 3514 424 3596 absit,
441 3513 587 3577 Ecclesia
611 3535 743 3577 romana
767 3513 916 3595 rebellis;
941 3514 973 3576 in
997 3512 1112 3598 quibus
1131 3514 1260 3598 quidem
1277 3513 1417 3598 quinque
1435 3512 1562 3577 casibus
1579 3520 1610 3576 ct
1627 3512 1770 3598 quolibet
1787 3535 1919 3578 casuum
1934 3514 2151 3600 predictorum

330 3621 500 3684 dumtaxat
523 3621 668 3706 predicta
693 3621 840 3684 clausula
862 3622 896 3683 in
919 3621 1012 3684 dictis
1036 3620 1137 3684 literis
1162 3622 1277 3706 posita,
1298 3622 1465 3684 continens
1483 3620 1566 3706 quod
1584 3621 1611 3684 si
1627 3621 1704 3685 dicti
1720 3621 1923 3704 universitas,
1940 3622 2078 3707 populus
2095 3643 2151 3685 seu

331 3728 507 3793 Commune
525 3734 678 3791 contenta
694 3728 726 3790 in
751 3727 844 3791 dictis
869 3728 970 3791 literis
994 3749 1057 3791 non
1082 3728 1293 3811 servaverint,
1311 3729 1363 3792 vel
1380 3728 1638 3812 contrafecerint,
1656 3728 1798 3792 omnium
1822 3749 1978 3814 penarum
2002 3729 2034 3792 in
2059 3727 2151 3792 dictis

330 3835 432 3899 literis
449 3843 673 3898 contentarum
689 3835 859 3918 relaxatio,
878 3842 908 3899 et
925 3836 957 3899 in
975 3835 1146 3920 integrum,
1161 3857 1198 3899 ac
1215 3836 1277 3899 alie
1294 3837 1512 3900 restitutiones
1529 3843 1561 3900 et
1577 3837 1681 3921 gratie
1698 3857 1795 3921 super
1810 3836 1974 3922 premissis
1990 3836 2151 3923 principa-

331 3943 405 4006 liter
427 3942 480 4006 vel
505 3943 682 4006 incidenter
705 3964 743 4006 ac
768 3943 1023 4028 dispensationes
1047 3965 1105 4029 per
1128 3965 1204 4026 nos,
1227 3966 1285 4007 seu
1309 3943 1349 4007 de
1373 3943 1525 4007 mandato
1548 3951 1658 4008 nostro
1683 3944 1785 4027 facte,
1810 3945 1874 4007 sint
1898 3965 2006 4026 casse,
2031 3965 2150 4026 vacue,

332 4050 420 4114 irrite
445 4057 476 4113 ct
498 4051 610 4114 inanes
627 4057 659 4114 et
682 4050 864 4114 habeantur
886 4051 1014 4136 penitus
1038 4073 1097 4136 pro
1119 4073 1183 4116 non
1199 4051 1303 4134 factis,
1321 4058 1353 4114 et
1370 4051 1454 4136 quod
1471 4052 1504 4114 in
1520 4052 1650 4115 easdem
1666 4072 1767 4138 penas
1784 4058 1816 4114 et
1831 4051 2017 4134 sententias,
2035 4035 2151 4136 quibus

333 4165 429 4220 antea
452 4157 656 4239 tenebantur,
681 4158 826 4221 recidant
850 4159 919 4244 ipso
944 4159 1042 4242 facto,
1064 4159 1212 4222 vendicet
1235 4159 1296 4222 sibi
1320 4159 1436 4240 locum,
1460 4159 1552 4244 penis
1581 4159 1788 4223 nihilominus
1811 4165 1878 4223 tam
1902 4159 2152 4244 quingentarum

330 4263 535 4328 marcharum
560 4265 630 4327 auri
654 4285 751 4349 qaam
772 4266 854 4348 aliis,
871 4273 966 4351 prout
991 4266 1194 4330 continentur
1219 4267 1251 4330 in
1274 4266 1395 4330 eisdem
1418 4266 1519 4330 literis
1544 4266 1813 4331 reconciliationis
1837 4267 1978 4352 predicte
2002 4266 2035 4330 iu
2054 4266 2151 4353 plena

331 4371 572 4434 remanentibus
595 4371 767 4455 firmitate;
793 4373 969 4458 capitulum
998 4395 1125 4459 quoque
1149 4374 1182 4436 in
1205 4373 1326 4437 eisdem
1349 4373 1451 4437 literis
1476 4380 1678 4456 contentum,
1703 4375 1735 4437 in
1760 4395 1822 4459 quo
1845 4374 2028 4460 specialiter
2051 4375 2150 4438 conti·

331 4484 424 4542 netur
441 4478 526 4563 quod
551 4479 678 4563 expulsi
703 4479 742 4543 de
766 4480 896 4545 civitate
914 4503 970 4544 sau
995 4481 1148 4545 comitatu
1165 4481 1217 4544 vel
1241 4481 1388 4544 districtu
1411 4481 1574 4566 predictis,
1598 4482 1723 4546 ratione
1740 4481 1947 4567 partialitatis
1971 4481 2150 4562 dumtaxat,

332 4591 529 4649 nontamen
560 4585 685 4648 banniti
716 4594 848 4673 propter
878 4609 1029 4652 excessus
1061 4588 1113 4652 vel
1137 4588 1295 4652 maleficia
1319 4589 1514 4670 eorumdem,
1540 4610 1601 4674 que
1626 4595 1757 4674 propter
1779 4589 2010 4674 partialitatem
2034 4588 2152 4652 velex

332 4693 437 4756 causis
462 4693 604 4756 confictis
628 4694 675 4757 cis
699 4695 849 4780 imposita
872 4717 936 4758 non
960 4696 1111 4778 luissent,
1137 4696 1363 4782 permittantur
1391 4718 1582 4782 recuperare
1606 4696 1691 4760 bona
1715 4718 1784 4778 sua,
1809 4704 1841 4759 et
1865 4696 1950 4781 quod
1973 4697 2152 4782 percipiant

331 4799 432 4863 libere
464 4807 495 4863 ct
528 4801 693 4887 percipere
724 4803 854 4866 valeant
877 4802 1001 4866 fructus
1025 4811 1057 4866 et
1081 4803 1224 4868 redditus
1248 4825 1521 4890 quorumcumque
1550 4804 1707 4868 bonorum
1731 4825 1880 4886 suorum,
1904 4810 1936 4866 et
1959 4803 2057 4866 etiam
2080 4804 2151 4889 ipsa

330 4905 416 4969 bone
439 4927 500 4991 quc
524 4914 667 4991 tempore
697 4909 896 4994 expulsionis
928 4909 1113 4994 hujusmodi
1137 4911 1325 4974 obtinebant
1349 4912 1380 4974 in
1406 4913 1553 4994 civitate,
1579 4911 1733 4974 comitatu
1756 4918 1788 4975 et
1811 4910 1956 4974 districtu
1981 4911 2148 4997 predictis,

331 5020 625 5099 quantumcumque
649 5016 736 5079 dieta
759 5017 844 5080 bona
868 5018 1044 5080 existerent
1067 5018 1242 5103 publicata,
1260 5019 1321 5082 nisi
1337 5018 1446 5083 forsan
1462 5020 1495 5082 iu
1512 5020 1557 5082 eis
1574 5041 1638 5082 non
1655 5019 1779 5083 ratione
1796 5018 2023 5106 publicationis
2039 5018 2150 5102 hujus-

331 5119 434 5202 modi,
458 5120 515 5183 sed
539 5122 620 5184 alias
645 5124 738 5187 alteri
761 5146 897 5209 persone
921 5126 1047 5211 privato
1072 5133 1156 5189 essct
1180 5126 1323 5210 legitime
1344 5127 1397 5210 jus
1422 5128 1600 5212 quesitum3
1625 5133 1657 5190 et
1688 5126 1773 5211 quod
1802 5127 1828 5190 si
1852 5126 1956 5190 redire
1981 5125 2022 5189 ad
2047 5127 2150 5211 ipsam

331 5228 496 5292 civitatem
520 5230 691 5312 voluerint,
708 5233 832 5317 possint
854 5255 925 5297 curu
951 5255 1029 5318 pace
1055 5242 1087 5298 et
1110 5235 1282 5298 securitate
1307 5236 1483 5299 communis
1507 5244 1538 5299 et
1563 5236 1681 5299 civium
1705 5235 1844 5298 civitatis
1869 5234 1968 5320 ipsius
1986 5234 2101 5316 redire,
2118 5243 2151 5299 et

331 5335 364 5398 in
388 5334 502 5399 eadem
526 5336 655 5400 civitate
680 5360 791 5402 secure
815 5341 897 5404 sicut
928 5342 1013 5404 cives
1038 5343 1137 5405 ceteri
1160 5343 1368 5424 commorari,
1393 5350 1489 5429 prout
1512 5344 1571 5406 hec
1599 5349 1631 5406 ct
1658 5342 1723 5406 alia
1753 5343 1850 5406 latius
1881 5350 1913 5406 ct
1942 5342 2093 5406 seriosius
2117 5343 2149 5404 ia

332 5442 516 5527 hujusmodi
539 5445 680 5530 capitulo
704 5447 918 5528 continentur,
943 5448 1153 5532 intelligimus
1174 5457 1205 5513 et
1229 5450 1366 5536 intelligi
1390 5451 1538 5515 volumus
1563 5451 1602 5514 de
1627 5450 1689 5513 illis
1716 5450 1885 5513 dumtaxat
1909 5450 2071 5535 expulsis,
2096 5450 2150 5534 qui

331 5557 403 5634 post
427 5552 672 5615 commotionem
697 5561 728 5617 et
752 5553 960 5618 rebellionem
985 5555 1144 5620 dictorum
1171 5557 1431 5641 bononiensium,
1457 5559 1574 5622 factam
1608 5565 1720 5622 contra
1742 5557 1904 5644 prefatum
1932 5556 2150 5621 Bertrandum

331 5657 519 5743 episcopum
542 5660 729 5742 ostiensem,
756 5661 840 5746 quod
865 5662 947 5726 siout
970 5670 1154 5727 reservatur
1177 5664 1313 5751 privatis
1336 5667 1481 5752 personis
1501 5667 1555 5749 jus
1580 5665 1625 5730 eis
1650 5666 1683 5730 in
1706 5667 1798 5730 dietis
1822 5665 1913 5729 bonis
1937 5687 2048 5729 eorum
2072 5665 2150 5749 legi-

331 5765 408 5828 time
432 5767 634 5849 acquisitum,
653 5768 698 5830 ita
721 5767 933 5832 Universitati
957 5771 1147 5835 bononiensi
1169 5774 1222 5856 jus
1247 5774 1292 5836 eis
1316 5773 1349 5836 in
1373 5773 1494 5836 eisdem
1519 5774 1612 5837 bonis
1637 5774 1829 5859 acquisitum
1853 5773 1996 5858 legitime
2020 5774 2150 5836 exalia

331 5879 440 5935 tamen
463 5894 561 5936 causa
586 5896 683 5958 quam
706 5876 933 5960 publicationis
958 5879 1115 5942 bonorum
1138 5880 1324 5964 hujusmodi
1349 5881 1496 5945 volumus
1521 5883 1690 5945 reservari.

421 5979 633 6044 Declaramus
657 5984 756 6046 etiam
780 5993 888 6048 nostre
911 5986 1097 6050 intentionis
1125 6009 1189 6051 non
1220 6010 1290 6052 esse
1324 5989 1408 6074 quod
1440 5989 1516 6053 dicti
1549 5989 1676 6075 expulsi
1699 5997 1831 6075 propter
1855 5989 1964 6074 aliqua
1988 5990 2020 6052 in
2048 5989 2150 6052 literis

332 6087 451 6152 eisdem
477 6096 627 6152 contenta
651 6091 774 6175 possint
799 6090 838 6154 ad
863 6092 982 6156 dietam
1006 6094 1167 6158 civitatem
1192 6097 1243 6159 vel
1268 6097 1338 6180 ejus
1363 6097 1549 6161 comitatum
1574 6119 1630 6160 seu
1654 6097 1833 6161 districtum
1856 6098 1971 6180 redire,
1987 6097 2043 6160 ubi
2066 6096 2149 6160 veri-

331 6195 479 6259 similiter
510 6198 677 6260 timeretur
704 6199 790 6284 quod
814 6220 857 6262 ex
881 6201 1022 6286 ipsorum
1046 6202 1151 6266 reditu
1174 6203 1257 6266 inter
1282 6205 1367 6268 cives
1391 6205 1530 6268 civitatis
1554 6205 1654 6291 ipsius
1678 6205 1779 6291 possit
1802 6205 1916 6269 seditio
1940 6205 2092 6287 suboriri,
2118 6214 2150 6267 et

332 6302 374 6366 ud
405 6303 492 6367 rixas
523 6305 576 6368 vel
599 6306 771 6370 tumultum
803 6329 860 6370 seu
893 6329 983 6372 arma
1007 6310 1040 6372 in
1064 6310 1177 6374 eadem
1208 6311 1337 6375 civitate
1369 6313 1548 6398 periculose
1576 6320 1749 6399 propterea
1778 6313 1932 6377 deveniri.
1957 6312 1996 6376 In
2029 6311 2150 6374 eisdem

333 6432 459 6496 quoque
483 6412 584 6476 literis
609 6413 692 6477 inter
715 6416 780 6478 alia
803 6416 981 6501 capitulum
1004 6417 1188 6502 hujusmodi
1212 6419 1403 6502 continetur,
1421 6421 1571 6484 videlicet
1599 6420 1684 6506 quod
1708 6421 1920 6506 stipendiarij,
1938 6421 1993 6506 qui
2009 6421 2049 6484 ad
2067 6422 2150 6486 dicte

332 6520 471 6586 civitatis
494 6522 654 6608 stipendia
678 6545 736 6608 pro
760 6531 904 6610 tempore
929 6533 1141 6609 assumentur,
1160 6527 1191 6590 in
1216 6527 1364 6592 manibus
1385 6528 1479 6591 unius
1497 6550 1538 6591 ex
1554 6529 1723 6594 Judicibus
1740 6529 1994 6615 appellationum
2010 6530 2149 6594 civitatis
