5492 7750
641 643 689 714 22
1425 660 1666 710 mouunnnrn

639 817 799 882 sententia
822 817 899 900 lata,
921 817 1029 879 statim
1053 837 1125 880 cnm
1148 814 1345 879 Bononiensi
1366 813 1527 901 Episcopo
1551 815 1592 879 ad
1622 813 1800 900 predictum
1832 813 1990 900 hospitale
2019 813 2163 900 prefatus
2188 812 2368 878 Cardinalis
2391 815 2452 878 iter

640 924 758 989 direxit
781 931 812 988 et
835 923 1120 1010 p[renonrin]atum
1144 923 1307 986 Abbatem
1330 923 1362 986 in
1386 922 1521 1007 predicti
1545 923 1713 1009 hospitalis
1737 923 1971 1008 possessionem
1995 921 2175 985 intromisit.

729 1031 847 1095 Aetam
870 1033 904 1094 in
928 1031 1067 1094 claustro
1091 1030 1195 1094 sancti
1219 1029 1398 1094 Salvatoris
1422 1028 1596 1094 indictione
1620 1028 1775 1115 predicta.

728 1139 976 1202 Prenorninatns
993 1137 1140 1202 dominns
1161 1136 1374 1223 ildeprandus
1396 1136 1549 1201 diaeonus
1573 1136 1745 1201 cardinalis
1769 1137 1871 1201 saneti
1895 1135 2071 1218 Eustachii,
2095 1136 2177 1200 sicut
2201 1158 2299 1222 snpra
2322 1136 2450 1221 legitur,

639 1246 779 1310 scribere
802 1246 939 1330 rogavit.

728 1353 920 1437 [lohannes]
943 1352 1123 1439 Episcopus
1146 1352 1322 1434 Placentia,
1340 1358 1371 1416 et
1395 1351 1542 1416 dominns
1566 1351 1758 1416 Guilielmus
1779 1350 2034 1417 Archidiaconns
2051 1351 2231 1438 Papiensis,
2248 1359 2279 1416 et
2296 1353 2450 1436 magister

638 1462 792 1526 Albertns
813 1461 852 1524 de
878 1460 1043 1542 Cormazo,
1061 1466 1093 1523 et
1115 1459 1270 1544 magister
1293 1459 1471 1541 Rolandns,
1493 1466 1525 1523 et
1548 1460 1695 1524 dominus
1718 1459 1977 1541 Bartholomens,
2002 1465 2034 1523 et
2056 1459 2203 1524 dominus
2227 1458 2448 1545 landulphus,

637 1575 669 1634 et
685 1569 832 1634 dominus
849 1569 1015 1633 Johannes
1031 1568 1196 1649 Albertns,
1213 1573 1245 1630 et
1261 1566 1408 1632 dominus
1433 1567 1608 1632 Guibertus
1631 1568 1670 1632 de
1692 1576 1803 1632 sancto
1821 1567 1985 1653 Stephano
2002 1568 2034 1631 in
2052 1567 2228 1651 Quaterna,
2246 1577 2277 1632 et
2301 1568 2449 1634 dominns

636 1677 789 1759 Ubertus,
807 1684 838 1740 et
855 1676 1001 1740 dominus
1018 1675 1209 1761 Rodnlphus
1225 1673 1384 1757 monachi,
1407 1674 1570 1760 Bulgarns
1595 1675 1774 1739 causidicus
1798 1683 1830 1739 et
1854 1676 1935 1760 legis
1959 1675 2080 1758 doctor,
2098 1682 2131 1739 et
2154 1675 2312 1740 Martinus
2337 1676 2448 1762 Gosia,

637 1792 669 1848 et
691 1784 766 1868 Ugo
798 1784 836 1848 de
859 1783 960 1848 Porta
983 1782 1189 1864 Rauennate,
1214 1789 1247 1846 et
1270 1781 1412 1846 Jacobus
1435 1782 1589 1846 causidici
1612 1790 1644 1847 et
1666 1783 1774 1868 legum
1799 1783 1963 1865 doct-ores,
1988 1790 2020 1847 et
2041 1783 2115 1868 Ugo
2138 1783 2178 1846 de
2202 1784 2392 1869 Arimnndo,
2416 1795 2449 1851 et

636 1891 710 1976 Ugo
727 1891 766 1954 de
783 1891 961 1972 Donnanis‚
979 1897 1011 1954 et
1027 1888 1190 1954 Guarinus
1207 1889 1246 1954 de
1264 1888 1426 1970 Guarinis,
1448 1897 1480 1952 et
1502 1889 1692 1954 Leonardns
1715 1890 1814 1954 Bassi
1837 1891 1876 1954 de
1900 1891 2091 1973 Arimnndo,
2108 1900 2140 1954 et
2163 1891 2279 1956 Petrus
2304 1893 2449 1958 Garisin·

636 1997 706 2080 dus,
722 1999 798 2083 Ugo
821 1999 860 2062 de
880 1997 1134 2083 Petromignani,
1151 1997 1305 2060 Albertus
1323 1996 1362 2060 de
1379 1997 1513 2079 Albaro,
1531 1996 1637 2061 Guido
1653 1996 1743 2061 Petri
1758 1997 1798 2062 de
1815 1999 2002 2080 Rusticum,
2020 2005 2052 2062 et
2068 1998 2210 2062 Ubertns
2227 1999 2265 2063 de
2283 1999 2447 2084 Rainerio,

635 2113 668 2171 et
692 2105 903 2171 Garsidonins
926 2106 1011 2169 filins
1035 2103 1197 2191 qnondam
1220 2103 1350 2186 Bavosi,
1368 2110 1400 2168 et
1423 2104 1595 2167 Rainerius
1616 2105 1701 2168 filins
1724 2105 1859 2169 Henriei
1882 2105 1922 2169 de
1947 2105 2107 2188 Geremia,
2124 2113 2157 2170 et
2180 2107 2254 2192 Ugo
2278 2107 2317 2172 dc
2341 2108 2448 2174 Bono·

636 2214 770 2297 fantino,
795 2223 827 2278 et
852 2212 1044 2276 Guillelmus
1067 2211 1181 2293 Botte,
1206 2217 1238 2275 et
1268 2211 1371 2294 Bczo,
1397 2219 1428 2274 et
1453 2211 1637 2297 Stephanus
1661 2212 1700 2276 de
1724 2212 1891 2294 Gaibana,
1916 2221 1948 2277 et
1972 2214 2175 2298 Blancasola,
2200 2225 2232 2279 et
2255 2215 2448 2280 Guillelmns

635 2321 815 2407 Papiensis,
832 2327 864 2384 et
887 2320 1041 2404 magister
1064 2319 1260 2400 Armannus,
1285 2327 1317 2382 et
1339 2320 1493 2404 magister
1518 2319 1711 2405 Stephanus,
1729 2327 1761 2383 et
1783 2319 1931 2384 dominns
1956 2320 2148 2384 Guillelmns
2170 2322 2357 2407 Burgundio
2381 2345 2447 2388 mo-

634 2429 757 2492 nachus
781 2428 820 2491 de
843 2427 1005 2509 Fruttera,
1022 2434 1054 2490 et
1078 2426 1224 2489 dominus
1245 2426 1416 2508 Antonius,
1434 2433 1466 2490 et
1488 2426 1634 2509 Pontius,
1651 2435 1683 2490 et
1699 2426 1900 2513 Rodulphus,
1918 2437 1950 2492 et
1967 2428 2056 2493 Buca
2072 2429 2111 2492 de
2134 2429 2256 2516 Zappa,
2274 2436 2306 2494 et
2328 2431 2447 2494 Raine-

636 2537 702 2598 rins
718 2535 883 2616 Lucensis,
901 2541 933 2598 et
948 2533 1112 2598 Amedeus
1136 2532 1175 2596 de
1195 2533 1324 2614 Aliana,
1342 2539 1374 2596 et
1389 2532 1569 2597 Pinzarone
1586 2541 1618 2597 et
1634 2535 1689 2598 alii
1710 2535 1917 2621 quamplures
1941 2536 2015 2599 hnic
2038 2538 2196 2601 sententie
2222 2537 2445 2602 interfuerunt.

724 2641 774 2724 (L.
792 2642 814 2723 †
831 2641 878 2722 S.)
902 2640 1104 2705 Relandinns
1128 2640 1334 2704 bononiensis
1358 2647 1389 2702 et
1409 2640 1576 2726 potestatis
1593 2642 1746 2723 notarius,
1764 2641 1902 2706 Gerardi
1918 2642 2070 2706 tabularii
2087 2643 2180 2724 lilius,
2198 2644 2271 2708 hnic
2288 2645 2446 2708 sententie

632 2749 773 2831 interfui,
798 2754 829 2812 et
853 2748 972 2812 domini
998 2747 1178 2811 Gardinalis
1203 2747 1342 2810 iussione
1367 2748 1484 2831 omnia,
1509 2749 1591 2811 sieut
1614 2769 1712 2834 supra
1734 2748 1897 2834 leguntur,
1921 2749 2079 2835 complevi
2103 2759 2135 2814 et
2159 2752 2282 2836 scripsi.

1521 3176 1566 3239 Il.

1390 3392 1486 3476 1169,
1510 3393 1552 3454 25
1576 3393 1697 3477 aprilis.

1039 3605 1090 3669 nx
1114 3605 1246 3670 archivo
1270 3605 1431 3669 Abbatiae
1456 3606 1559 3670 saneti
1583 3606 1733 3691 Gregorii
1756 3607 1797 3671 ad
1823 3607 2043 3694 Sapinamtll.

720 3821 759 3885 In
777 3821 904 3885 nomine
922 3829 1031 3885 sancta
1048 3827 1080 3884 et
1096 3819 1260 3883 individue
1278 3819 1454 3883 Trinitatis.
1472 3819 1569 3884 Anno
1585 3820 1717 3884 Domini
1736 3823 1837 3885 nostri
1852 3823 1933 3886 Jesn
1950 3823 2068 3888 Christi
2086 3825 2255 3888 millesimo
2273 3828 2446 3893 centesimo

629 3930 834 4015 sexagesimo
856 3950 952 4010 nono,
977 3929 1155 4015 imperanto
1180 3928 1309 3991 domino
1333 3927 1505 3990 Frederico
1529 3928 1751 3992 Romanorum
1771 3929 1971 4015 imperatore
1995 3953 2122 4016 semper
2146 3933 2306 4018 Augusto,
2331 3943 2445 4001 octavo

630 4037 788 4102 kalendas
812 4036 933 4122 aprilis,
962 4035 1135 4100 indictione
1159 4035 1311 4099 secunda.
1337 4035 1470 4098 Constat
1494 4057 1545 4098 me
1566 4034 1694 4120 qnidam
1718 4034 1881 4100 dominam
1897 4038 2069 4122 Agnetem,
2087 4049 2236 4124 presente
2256 4049 2288 4104 et
2311 4063 2444 4107 eonsen-

630 4146 730 4209 tiente
754 4146 823 4209 viro
848 4166 918 4209 meo
942 4144 1096 4207 Rainerio
1119 4143 1159 4206 de
1182 4142 1352 4224 Preitone,
1376 4142 1476 4205 liliam
1499 4142 1593 4206 beate
1618 4144 1769 4206 memorie
1798 4143 1918 4208 domini
1942 4144 2104 4209 Gnalfridi
2126 4147 2258 4230 judicis,
2283 4149 2344 4213 hoc
2368 4172 2445 4214 ven·

631 4251 761 4316 ditionis
780 4253 992 4315 instrumento
1008 4251 1042 4313 in
1058 4249 1220 4335 presentia
1234 4248 1379 4335 perfeeto
1395 4248 1528 4313 dominii
1544 4257 1575 4312 et
1591 4251 1797 4336 proprietatis
1815 4273 1852 4315 ae
1869 4253 2080 4337 possessionis
2102 4254 2186 4338 jure,
2207 4256 2389 4322 vendidisse
2413 4267 2446 4322 et

633 4359 730 4444 hujus
753 4359 801 4421 rei
824 4358 931 4443 gratia
954 4357 1124 4421 tradidisse
1149 4357 1208 4420 tibi
1231 4356 1409 4442 presbitero
1431 4356 1585 4420 Bainerio
1614 4359 1783 4444 accipienti
1806 4360 1839 4422 in
1863 4359 2018 4424 honorem
2041 4360 2104 4424 Dei
2127 4369 2159 4424 et
2183 4363 2318 4427 ecclesie
2342 4367 2445 4429 saneti

633 4465 793 4550 Gregorii,
810 4473 842 4529 et
858 4487 916 4551 pro
940 4465 1070 4528 domina
1094 4464 1224 4546 Cecilia,
1249 4464 1414 4527 abbatissa
1437 4464 1582 4548 ejusdem
1606 4465 1739 4529 ecclesie
1763 4473 1795 4529 et
1811 4489 1869 4552 pro
1887 4469 2009 4530 cunctis
2033 4469 2103 4551 ejus
2128 4470 2291 4534 sororibus
2315 4494 2352 4536 ac
2376 4495 2446 4536 suc·

633 4573 813 4638 cessoribus
837 4574 870 4637 in
893 4579 1094 4658 perpetuum,
1119 4571 1202 4635 idest
1225 4578 1326 4635 totam
1350 4579 1382 4634 et
1412 4572 1573 4656 integram
1602 4572 1728 4658 peciam
1759 4595 1857 4637 unam
1887 4581 1971 4638 terre
1994 4576 2132 4661 positam
2157 4598 2256 4662 prope
2282 4577 2445 4662 Savinam,

631 4703 695 4746 non
718 4682 814 4765 longe
839 4703 859 4744 a
879 4681 1073 4744 monasterio
1099 4681 1202 4744 sancti
1226 4680 1385 4764 Gregorii,
1410 4702 1483 4744 cnm
1506 4681 1655 4766 ingressu
1678 4689 1710 4745 et
1733 4704 1865 4766 egressu
1889 4703 1947 4747 suo
1971 4705 2072 4769 usqne
2097 4684 2128 4747 in
2153 4686 2205 4748 via
2229 4687 2368 4771 publica,
2394 4691 2446 4753 vel

631 4809 704 4853 enm
728 4789 876 4852 omnibus
901 4809 997 4874 super
1021 4809 1055 4851 ee
1079 4795 1112 4851 et
1136 4787 1220 4851 infra
1243 4809 1277 4850 se
1302 4787 1441 4851 habente
1462 4788 1495 4851 in
1511 4789 1689 4873 integrum;
1707 4791 1757 4853 eni
1774 4797 1848 4852 sunt
1864 4790 1960 4853 fines:
1979 4813 1999 4853 a
2015 4813 2108 4855 mane
2125 4793 2267 4878 possidet
2283 4794 2445 4880 Burellns,

633 4917 653 4960 a
676 4895 808 4960 meridie
833 4894 975 4981 possidet
997 4895 1143 4981 predicta
1166 4895 1302 4958 ecclesia
1326 4895 1427 4958 sancti
1449 4894 1609 4980 Gregorii,
1626 4917 1646 4958 a
1668 4918 1739 4960 sero
1764 4897 1905 4983 possidet
1929 4898 2065 4961 ecclesia
2089 4900 2191 4962 saneti
2216 4901 2382 4986 Stephani,
2404 4905 2445 4968 ab

632 5004 782 5090 aquilone
807 5011 855 5066 est
880 5009 981 5066 strata
1004 5002 1134 5088 publiea
1157 5001 1260 5065 sancti
1282 5001 1411 5081 Vitatis,
1428 5003 1480 5065 vel
1504 5003 1531 5065 si
1555 5003 1610 5088 qui
1634 5003 1689 5066 alii
1713 5003 1834 5067 adfines
1858 5012 1942 5068 sunt.
1965 5005 2090 5087 Totam,
2109 5015 2143 5069 ut
2167 5008 2303 5093 predixi,
2321 5011 2445 5095 peciam

631 5117 716 5175 terre
741 5111 773 5174 in
797 5110 959 5195 integrum
983 5131 1041 5196 pro
1065 5110 1168 5195 pretio
1192 5109 1303 5172 decem
1327 5110 1482 5173 librarum
1507 5109 1711 5174 denariorum
1735 5111 1929 5194 lucensium,
1955 5112 1988 5175 in
2012 5115 2153 5199 presenti
2177 5115 2281 5179 vendo
2308 5124 2340 5180 et
2371 5139 2445 5182 con·

632 5218 710 5283 eodo
732 5218 791 5282 tibi
807 5217 1030 5304 prenominato
1055 5217 1233 5302 presbitero
1257 5217 1412 5281 Rainerio
1436 5217 1605 5303 accipienti
1622 5240 1680 5304 pro
1697 5218 1841 5304 predicta
1864 5219 2011 5301 ecelesia,
2030 5241 2067 5284 ac
2091 5243 2148 5305 pro
2173 5220 2302 5286 domina
2326 5223 2445 5288 Ceeilia

631 5325 776 5409 ejusdem
793 5325 927 5389 ecclesie
945 5324 1119 5405 abbatissa,
1138 5330 1169 5387 ct
1185 5346 1243 5410 pro
1259 5325 1381 5388 cunctis
1398 5326 1468 5408 ejus
1485 5324 1648 5389 sororibus
1673 5333 1705 5388 et
1729 5327 1966 5390 suecessoribus
1991 5327 2022 5390 in
2047 5335 2248 5414 perpetuum,
2267 5330 2308 5393 ad
2324 5331 2444 5395 haben·

632 5433 722 5514 dum,
746 5432 922 5496 tenendum
946 5453 983 5495 ae
1006 5431 1236 5518 possidendum
1260 5438 1291 5494 et
1315 5432 1466 5518 quicquid
1490 5432 1606 5495 exinde
1629 5433 1788 5518 placuerit
1811 5432 2012 5516 faciendum,
2037 5441 2073 5497 nt
2097 5436 2219 5499 nnllam
2244 5437 2349 5520 litem,
2374 5437 2445 5501 nul·

631 5541 759 5625 lamque
784 5539 1035 5602 controversiam
1059 5538 1202 5624 predicte
1226 5540 1271 5603 rei
1298 5539 1425 5602 nomine
1450 5561 1469 5603 a
1492 5561 1559 5622 me,
1585 5561 1643 5602 nec
1668 5560 1687 5602 a
1711 5540 1789 5602 meis
1817 5541 1988 5604 heredibus
2017 5542 2082 5605 ullo
2109 5543 2218 5626 modo,
2244 5543 2387 5628 quolibet
2412 5545 2443 5607 in

631 5653 786 5732 tempore,
803 5647 1027 5732 prenominata
1052 5646 1188 5710 ecclesia
1217 5645 1367 5731 deinceps
1392 5647 1557 5710 sustineat.
1582 5646 1654 5731 Ego
1679 5668 1755 5710 vero
1779 5647 1956 5732 predictam
1981 5670 2047 5711 rem
2072 5650 2112 5712 ab
2137 5651 2222 5713 omni
2247 5650 2376 5714 homine
2399 5652 2444 5715 le·

629 5753 742 5839 gitime
765 5753 938 5816 defendere
962 5763 994 5816 et
1018 5753 1217 5817 auctorizare
1245 5753 1407 5838 promitto.
1431 5753 1474 5817 Et
1504 5753 1531 5816 si
1563 5775 1623 5838 ego
1656 5754 1707 5816 vel
1738 5755 1800 5818 mei
1833 5754 1967 5818 heredes
1998 5756 2142 5841 predicta
2175 5758 2281 5820 omma
2312 5757 2445 5822 tirmiter

629 5882 756 5947 semper
784 5861 956 5924 observare
986 5861 1194 5943 noluerimus,
1218 5882 1300 5946 pene
1325 5861 1453 5924 nomine
1477 5861 1591 5945 viginti
1619 5861 1719 5924 libras
1744 5862 1949 5926 denariorum
1971 5863 2150 5926 lucensium
2174 5864 2251 5928 dare
2276 5866 2367 5929 vobis
2390 5885 2445 5929 ve-

708 6235 746 6300 (1)
760 6233 920 6285 hrahivinrn
934 6233 960 6285 S.
972 6233 1095 6302 Gregorii
1107 6233 1141 6285 ad
1155 6233 1292 6301 Sapinam,
1306 6231 1420 6285 aSartio
1435 6249 1508 6285 corn-
1563 6233 1725 6300 Merrrliritd,
1745 6239 1772 6288 at
1791 6237 1835 6287 eni
1854 6235 1980 6304 praefata
2000 6235 2026 6287 S.
2046 6235 2168 6304 Gregorii
2195 6237 2229 6287 ad
2249 6235 2378 6304 Sapinam
2401 6254 2446 6289 ae-

628 6323 745 6390 pnlsum,
759 6339 810 6376 nee
830 6323 857 6374 in
879 6323 998 6374 Archino
1018 6322 1137 6374 Maximo
1156 6322 1329 6387 Bononiensi,
1343 6339 1393 6375 nee
1413 6323 1440 6373 in
1457 6323 1508 6373 Ar·
1563 6324 1646 6375 elesia
1668 6325 1812 6388 adhaeret,
1831 6342 1881 6377 nec
1902 6326 1935 6376 ad
1955 6326 2098 6377 viciniores
2122 6326 2263 6394 paroecias
2287 6325 2313 6377 S.
2334 6326 2447 6378 Antonii

628 6412 706 6463 ehivo
725 6413 929 6480 metropolitani
942 6412 1071 6480 Capituli,
1087 6429 1136 6464 nee
1154 6413 1225 6480 apud
1243 6413 1387 6464 ecclesiam
1402 6413 1428 6464 S.
1443 6412 1509 6464 Gre-
1565 6415 1598 6465 ad
1612 6414 1741 6482 Supinam
1756 6419 1783 6466 et
1796 6415 1822 6466 S.
1836 6415 1938 6466 Mariae
1953 6415 2168 6467 Alemannorum
2188 6415 2447 6482 invenipropterea

606 6558 608 6562 ,
626 6503 693 6570 gorii
715 6503 863 6567 Bononiae,
878 6519 928 6554 nec
941 6503 968 6553 in
983 6502 1145 6567 nosocomio,
1160 6503 1202 6553 eui
1223 6503 1321 6554 dieitur
1340 6503 1465 6554 Bicocern
1480 6503 1510 6554 di
1564 6504 1756 6556 documentum
1770 6505 1820 6556 snb
1834 6505 1886 6557 lida
1897 6507 1931 6556 el.
1942 6504 2013 6557 Sarti
2028 6506 2179 6573 evulgatur.
2355 6506 2391 6569 (c.
2404 6509 2445 6570 n.)
