5490 7750
794 652 1024 706 SPEOTANTIA
1052 655 1103 704 AD
1131 655 1386 707 Pnonnssonns
1414 655 1520 708 JURIS
1548 656 1725 708 onnonlol
2090 635 2162 706 III

350 806 435 892 legio
460 806 616 872 habentes
642 808 683 872 ah
707 808 753 872 eis
776 809 966 874 mandatum
989 809 1148 875 sufficiens
1171 812 1310 895 mittant,
1327 818 1363 876 ut
1383 811 1422 876 de
1446 811 1576 877 Abbate
1600 812 1662 877 sibi
1684 811 1876 898 provideant
1898 811 1938 876 de
1962 817 2068 875 vestro
2092 833 2167 876 con-

351 913 422 978 sllio
447 920 479 978 et
502 935 653 998 assensu,
679 913 821 1001 alioquin
845 938 903 980 vos
926 923 1067 982 extunc
1090 918 1160 982 vica
1183 925 1293 984 nostra
1322 919 1496 1004 proficiatis
1520 919 1581 1005 ipsi
1604 920 1799 984 monasterio
1823 923 1994 1005 personam
2017 917 2166 983 idoneam

352 1021 384 1084 in
407 1020 581 1104 Abbatem,
605 1021 760 1087 facientes
783 1023 846 1087 sibi
869 1023 910 1087 ab
934 1024 1004 1108 ejus
1028 1024 1164 1089 subditis
1189 1025 1404 1090 obedientiam
1421 1032 1453 1090 et
1469 1026 1683 1090 reverentiam
1700 1026 1842 1091 debitam
1865 1024 2022 1108 exhiberi,
2038 1031 2167 1110 recepto

352 1129 393 1193 ab
423 1129 493 1214 ipso
522 1129 581 1193 sub
605 1128 719 1212 forma,
744 1151 842 1215 quarn
863 1130 956 1194 vobis
979 1131 1038 1194 sub
1061 1131 1152 1195 hulla
1175 1138 1285 1196 nostra
1307 1133 1571 1216 transmittimus,
1595 1139 1704 1198 nostro
1730 1140 1762 1196 et
1784 1132 1930 1198 Ecclesia
1953 1153 2085 1197 romane
2109 1153 2165 1196 no-

350 1236 436 1301 mine
459 1235 624 1301 fidelitatis
648 1237 740 1302 solite
761 1238 957 1322 juramento,
975 1238 1225 1304 contradictores
1248 1261 1306 1325 per
1330 1260 1482 1305 censuras
1505 1240 1749 1322 ecclesiasticas,
1774 1240 1992 1326 appellatione
2015 1246 2166 1326 postopo·

351 1345 423 1426 sita,
448 1343 689 1429 compescendo.
706 1343 826 1408 Forma
848 1350 957 1408 autem
970 1346 1156 1429 juramenti,
1174 1368 1271 1432 quam
1287 1346 1355 1432 ipse
1372 1347 1539 1433 prestabit,
1557 1347 1712 1412 studeatis
1729 1347 1820 1412 nobis
1844 1369 1903 1432 per
1926 1348 1996 1432 ejus
2019 1354 2167 1433 patentes

350 1452 471 1534 literas,
496 1473 553 1516 suo
579 1451 685 1536 sigillo
709 1451 864 1537 signatas,
881 1452 1086 1538 perfidelem
1110 1454 1257 1517 nuntium
1281 1454 1452 1519 destinare.
1476 1453 1596 1519 Datum
1621 1453 1775 1540 Lugduni
1798 1453 1903 1519 idibus
1925 1455 2019 1540 junii,
2040 1454 2167 1541 pontifi-

350 1567 441 1624 catus
464 1561 566 1624 nostri
590 1581 674 1626 anno
699 1567 824 1646 quarto.

1214 1775 1308 1840 XIX.

939 1971 941 1975 ’
1053 1988 1180 2070 (Medio
1201 1990 1320 2054 succnlo
1345 1988 1463 2073 XIII.)

432 2199 485 2264 Ex
509 2200 605 2265 Libro
627 2200 779 2266 Judicnnr
802 2202 950 2287 magistri
973 2202 1133 2282 Iohannis
1157 2203 1196 2268 de
1221 2202 1302 2286 Deo,
1328 2203 1361 2266 in
1385 2203 1454 2268 cod.
1479 2203 1575 2268 vatic.
1600 2225 1631 2267 n.
1657 2205 1755 2286 2343,
1779 2225 1806 2267 c.
1833 2205 1873 2267 75
1898 2209 1931 2267 et
1957 2205 2018 2267 138
2033 2201 2081 2268 (¹).

439 2417 628 2481 Venerabili
652 2417 737 2504 patri
760 2439 798 2482 ac
823 2418 952 2483 domino
976 2419 1130 2504 magistro
1148 2419 1235 2482 Zoen
1245 2419 1283 2483 (2)
1301 2418 1570 2504 archipresbitero
1593 2418 1793 2502 bononiensi,
1810 2417 1908 2504 digno
1929 2439 2055 2482 morum
2075 2418 2167 2504 copia

350 2525 464 2590 maiori
480 2525 624 2611 qualibet
640 2524 808 2611 dignitate,
825 2526 980 2611 magister
995 2525 1162 2590 Iohannes
1186 2525 1225 2589 de
1245 2524 1327 2608 Deo,
1349 2526 1510 2609 sacerdos,
1527 2527 1598 2611 ejus
1621 2525 1797 2612 discipulus
1821 2532 1853 2589 et
1869 2509 2000 2608 amicus,
2018 2526 2166 2608 salutem,

350 2634 405 2719 qui
428 2639 477 2697 est
500 2631 643 2696 omnium
659 2653 737 2696 vera
760 2631 992 2715 salus,idcirco
1016 2633 1074 2698 tibi
1095 2632 1273 2697 venerabili
1296 2633 1382 2718 patri
1405 2640 1437 2698 et
1460 2634 1615 2719 magistro
1640 2633 1675 2698 O.
1693 2633 1961 2720 archipresbitero
1977 2633 2168 2698 bononiensi

349 2741 537 2826 dignissimo
562 2739 707 2825 qualibet
736 2739 851 2804 maiori
882 2739 1058 2824 dignitate,
1083 2761 1179 2825 quem
1200 2739 1360 2804 Dominus
1384 2739 1426 2803 ad
1448 2741 1572 2804 maiora
1596 2741 1658 2804 sibi
1681 2747 1850 2805 conservat
1873 2739 2043 2826 providum
2065 2739 2165 2803 servi·

346 2855 459 2931 torem,
477 2848 630 2933 quoniam
652 2846 737 2911 inter
760 2847 923 2932 sapientes
947 2846 1054 2929 italos,
1070 2847 1154 2911 idest
1177 2848 1314 2930 italicos,
1330 2847 1538 2933 prerogativa
1555 2847 1698 2930 scientie,
1715 2847 1917 2912 discretionis
1941 2854 1973 2911 et
1995 2846 2167 2933 prudentie

347 2955 525 3038 decoravit,
550 2960 662 3040 utpote
686 2961 852 3039 tamquam
876 2954 1009 3018 lucerna
1033 2953 1150 3018 ardens
1174 2954 1260 3018 intus
1292 2975 1350 3040 per
1375 2975 1473 3041 opera
1497 2954 1641 3018 caritatis
1672 2961 1705 3018 et
1735 2955 1846 3019 lucens
1870 2961 1964 3019 extra
1986 2976 2045 3040 per
2069 2974 2167 3040 opera

347 3062 487 3147 pietatis,
511 3062 580 3144 tibi,
605 3063 748 3147 inquam,
772 3061 876 3146 dirigo
900 3061 1023 3124 stillum
1047 3083 1173 3144 meum,
1200 3061 1318 3126 obn'me
1343 3068 1375 3126 et
1397 3062 1563 3125 humiliter
1586 3061 1771 3148 supplicans
1795 3069 1827 3126 et
1850 3061 1983 3144 devote,
2009 3068 2167 3147 quatenus

347 3176 413 3232 tam
435 3191 569 3255 presens
592 3169 783 3255 opusculum
807 3189 904 3253 quarn
932 3167 997 3231 alia
1024 3189 1096 3232 mea
1120 3169 1289 3254 opuscula,
1314 3169 1437 3233 scilicet
1460 3168 1660 3233 Brcuturtum
1684 3168 1884 3233 Decretornrn
1917 3175 1949 3233 et
1983 3168 2080 3233 Caena
2102 3168 2166 3232 Dc·

298 3287 301 3292 ⁴
346 3279 506 3342 crctuttnrn
539 3297 608 3340 cnm
641 3275 816 3340 (Iunonibus
846 3276 1052 3358 concordatis,
1076 3283 1109 3339 et
1137 3275 1356 3341 Distinctiones
1387 3298 1480 3362 snper·
1502 3283 1561 3341 toto
1584 3276 1665 3340 Jnre
1691 3278 1851 3360 canonico,
1875 3283 1907 3339 et
1933 3275 2113 3360 Granicum,
2137 3281 2170 3339 et

347 3384 497 3448 Arborum
520 3383 734 3467 instificutom,
758 3404 817 3468 per
849 3389 937 3446 tuam
969 3383 1056 3467 piam
1079 3383 1285 3469 prudentiam
1308 3390 1341 3446 et
1363 3383 1483 3446 iustum
1506 3382 1721 3470 patrocinium
1745 3383 1777 3448 in
1802 3383 1932 3448 civitate
1954 3383 2101 3448 Bononio
2126 3382 2168 3446 ad

347 3491 503 3556 honorem
536 3511 658 3554 summe
691 3489 859 3554 Trinitatis
884 3537 2166 3556 .......................................

436 3707 592 3772 Precibus
616 3713 648 3770 et
671 3706 825 3770 instantia
847 3706 1038 3790 congruenti
1061 3714 1093 3768 et
1117 3705 1269 3769 mandato
1286 3704 1421 3788 domini,
1439 3705 1561 3770 scilicet
1577 3705 1785 3769 illustrissimi
1800 3705 1986 3792 A[lphonsi]
2004 3705 2166 3791 quondam

349 3814 435 3900 regis
465 3814 661 3899 legionensis
692 3813 769 3897 filij,
794 3833 855 3898 ego
886 3813 1041 3897 magister
1073 3811 1240 3878 Iohannes
1271 3812 1443 3898 Yspauus,
1469 3812 1739 3898 compostellanus
1770 3814 1916 3895 natione,
1941 3813 1982 3876 ad
2012 3811 2168 3877 honorem

349 3942 439 3987 sacre
471 3942 604 3985 romane
635 3920 781 3985 Ecclesia
813 3927 845 3984 et
876 3919 1073 3984 studentium
1095 3920 1268 3983 utilitatem
1295 3941 1452 3984 summam
1483 3941 1581 4006 super
1611 3920 1712 3984 titulis
1743 3919 1963 3985 Decretalium
1994 3919 2168 4005 aggredior

349 4050 941 4116 componere............

1219 4240 1295 4305 XX.

1119 4455 1219 4540 1251,
1246 4456 1287 4518 18
1309 4457 1399 4520 iunii.

641 4671 694 4735 Ex
718 4678 794 4736 tom.
818 4671 963 4736 XXVII.
990 4669 1062 4736 Coct.
1087 4673 1162 4758 apt.
1188 4672 1271 4737 Ecct.
1296 4672 1403 4738 bonon.
1428 4672 1533 4755 (num.
1559 4671 1630 4755 84),
1656 4672 1725 4738 doc.
1751 4671 1871 4742 CXXI.

440 4887 647 4953 Innocentius
672 4894 805 4973 quartus
823 4888 861 4952 (3)
876 4887 1157 4973 Archipresbitero
1179 4894 1211 4952 et
1228 4888 1377 4975 Capitulo
1394 4888 1497 4975 plebis
1518 4895 1627 4952 sancte
1644 4887 1746 4952 Marie
1767 4887 1806 4952 de
1831 4886 2050 4970 Moutebellio,
2068 4887 2167 4951 bono·

349 4995 467 5060 niensis
491 4995 637 5060 diocesis.

439 5102 541 5167 Justis
564 5100 743 5188 petentium
767 5100 933 5166 desideriis
956 5101 1090 5186 dignum
1113 5108 1162 5166 est
1185 5123 1243 5166 nos
1264 5101 1393 5167 facilem
1416 5102 1550 5188 prebere
1576 5122 1766 5166 consensum
1797 5108 1830 5165 et
1853 5108 1946 5184 vota,
1971 5122 2033 5187 que
2064 5122 2084 5165 a
2114 5122 2166 5164 ra-

350 5209 445 5274 tionis
470 5210 597 5274 tramite
621 5230 685 5273 non
709 5207 903 5291 discordant,
921 5208 1038 5273 effectu
1059 5216 1282 5295 prosequente,
1300 5210 1471 5295 complere.
1490 5209 1571 5274 Cum
1590 5209 1699 5295 igitur,
1717 5209 1799 5274 sicut
1815 5230 1856 5273 ex
1872 5214 1964 5294 parte
1980 5214 2088 5272 vestra
2106 5207 2169 5272 luit

349 5317 550 5402 propositum
575 5337 683 5381 coram
706 5316 809 5398 nohis,
833 5314 1027 5380 venerabilis
1052 5315 1152 5380 irater
1175 5323 1283 5380 noster
1305 5317 1485 5404 Episcopus
1506 5317 1711 5381 bononiensis
1728 5317 1770 5380 ad
1786 5313 2053 5402 supplicationem
2068 5315 2165 5379 Pote-

351 5425 442 5488 statis
466 5431 498 5487 et
523 5423 708 5488 Communis
732 5423 948 5506 bononiensis,
967 5423 1022 5509 qui
1041 5423 1210 5487 ecclesiam
1226 5424 1329 5488 sancti
1348 5424 1570 5510 Appollinaris
1593 5424 1728 5509 ejusque
1744 5423 1855 5488 domos
1872 5426 1950 5487 sitas
1963 5425 2059 5508 jrurta
2075 5422 2166 5508 pala·

270 5576 273 5583 -
350 5531 431 5594 tium
454 5530 651 5613 Communis,
676 5530 718 5594 ad
740 5528 869 5616 plebem
892 5536 1033 5594 vestram
1057 5537 1265 5616 spectantem,
1290 5532 1457 5596 diruerunt
1479 5529 1634 5614 funditus,
1659 5531 1691 5594 in
1715 5530 2045 5617 recompensationem
2069 5530 2165 5614 hujus

351 5638 462 5702 damni
485 5645 655 5703 vacantem
678 5638 848 5703 ecclesiam
871 5639 974 5702 sancti
997 5637 1162 5702 Ambrosii
1184 5639 1405 5722 bononiensis,
1423 5640 1456 5703 in
1480 5661 1543 5724 qua
1564 5640 1809 5725 juspatronatus
1833 5638 1997 5703 habebant
2022 5637 2113 5703 vobis
2135 5643 2167 5700 et

351 5747 433 5810 dicte
458 5746 555 5833 plebi,
578 5745 720 5831 Capituli
744 5746 793 5809 sui
816 5745 988 5810 accedente
1014 5767 1181 5829 consensu,
1205 5747 1356 5811 duxerint
1378 5768 1451 5811 cum
1474 5748 1539 5810 suis
1561 5747 1688 5832 juribus
1712 5753 1744 5811 et
1766 5746 1967 5833 pertinentiis
1991 5745 2166 5811 conceden-

351 5853 436 5937 dam,
453 5859 548 5938 prout
572 5852 605 5916 in
629 5853 840 5917 instrumento
864 5851 993 5939 publico
1018 5853 1091 5917 inde
1116 5852 1272 5936 confecto,
1290 5855 1382 5938 cujus
1405 5862 1549 5918 tenorem
1574 5853 1616 5944 de
1637 5854 1736 5918 verbo
1753 5853 1944 5918 adverbum
1963 5851 2165 5938 presentibus

431 6066 469 6130 (1)
480 6063 582 6132 Incipit
589 6064 807 6116 Liber-Judaeum
817 6081 834 6116 a
843 6065 973 6134 magistro
982 6065 1108 6118 Iohanne
1119 6065 1152 6117 de
1164 6065 1231 6132 Deo,
1367 6066 1486 6128 Quartus
1505 6065 1545 6118 Dc
1562 6066 1745 6118 cunnnnntbns
1758 6067 1893 6133 personis,
1905 6065 2010 6117 scilicet
2026 6063 2066 6116 Dc
2080 6064 2166 6114 Adro-

350 6154 473 6223 hispano,
487 6155 534 6223 qui
550 6171 599 6222 per
612 6153 662 6206 IV.
675 6155 758 6206 libros
772 6159 798 6206 et
812 6154 841 6206 C.
855 6155 948 6208 titulos
963 6159 1004 6207 est
1017 6155 1169 6207 distinctus.
1287 6157 1354 6206 culis
1372 6162 1394 6206 et
1414 6155 1548 6222 Syndicis,
1566 6160 1619 6208 etc.

431 6243 538 6295 Primus
558 6247 600 6295 est
618 6242 658 6295 Dc
676 6243 821 6296 Jndc'cibns
844 6250 868 6296 ct
886 6244 1009 6296 Arbitrr's
1029 6250 1052 6296 et
1070 6245 1232 6296 Aaccssoriis
1367 6246 1406 6311 (2)
1427 6244 1496 6298 Vide
1516 6245 1657 6311 Savronr,
1677 6244 1715 6297 st.
1728 6245 1772 6296 det
1789 6244 1851 6296 nir.
1864 6260 1930 6297 rum.
1943 6244 1988 6296 nel
2006 6243 2044 6296 M.
2060 6243 2104 6307 Ε,
2123 6243 2165 6295 sd.

349 6339 373 6384 rt
392 6331 590 6399 Contc'pentc'bns
608 6333 674 6385 iltis.
1289 6334 1347 6400 cit,
1367 6334 1405 6400 II,
1425 6337 1486 6401 472,
1505 6352 1531 6386 n.
1549 6351 1575 6400 u.

431 6421 572 6474 Secundus
591 6422 631 6474 Dc
650 6423 784 6476 uctoritas
803 6430 826 6476 et
844 6425 875 6476 dc
893 6425 1094 6492 impugnatione
1113 6428 1165 6476 etc.
1369 6426 1408 6491 (3)
1422 6423 1464 6474 Er
1476 6424 1544 6494 Reg.
1554 6424 1591 6476 II.
1603 6424 1756 6477 Innocentii
1769 6424 1816 6476 IV.
1826 6465 1833 6491 ‚
1845 6423 1893 6476 fol.
1906 6427 1965 6490 182,
1979 6439 2022 6476 an.
2033 6421 2166 6487 MCOLI.,

433 6510 541 6564 Tertius
560 6512 600 6563 Dc
619 6515 674 6564 reis
693 6519 715 6564 ct
734 6514 766 6565 dc
784 6529 875 6566 corum
894 6515 1053 6580 defensione.
1288 6513 1398 6566 XVIII.
1416 6515 1493 6566 iunii.
