5490 7750
628 647 700 717 188
1411 666 1652 716 (1010111111

622 826 778 885 vocentur
801 826 939 906 quatuor
963 821 1125 884 consortia
1157 820 1410 906 presbiterorum
1442 826 1474 883 et
1505 841 1615 884 omnes
1646 827 1822 884 conventus
1853 821 2120 886 monasteriorum
2151 829 2184 886 et
2214 823 2439 888 canonicorum

623 927 831 991 ecelesiarum
854 926 1011 1010 Bononia,
1029 933 1061 992 et
1082 926 1213 991 cuilibet
1236 927 1394 991 dictorum
1418 935 1558 1013 quatuor
1585 929 1818 993 consortiorum
1841 927 1957 992 dentur
1980 927 2019 992 dc
2042 928 2195 1015 predictis
2218 931 2439 1016 centumquin·

622 1035 779 1119 quaginta
801 1034 892 1098 libris
917 1034 1133 1120 quadraginta
1164 1034 1257 1098 solidi
1288 1034 1546 1118 bononenorum,
1570 1035 1597 1097 si
1620 1035 1768 1099 venerint
1791 1035 1833 1099 ad
1863 1036 2063 1122 sepulturam
2093 1057 2216 1119 uream3
2241 1043 2274 1100 et
2301 1058 2380 1122 1030
2405 1044 2439 1101 ut

623 1141 758 1227 quilibet
781 1141 930 1206 sacerdos
954 1142 1097 1228 ipsorum
1121 1141 1354 1205 consortiorum
1385 1141 1502 1205 debeat
1535 1140 1699 1206 celebrare
1730 1163 1828 1206 unam
1859 1143 1988 1206 missam
2018 1164 2077 1230 pro
2110 1143 2219 1207 anIma
2249 1164 2321 1208 mea
2354 1144 2439 1208 infra

623 1256 694 1314 0010
719 1248 786 1312 dies
810 1249 872 1313 mei
897 1249 1013 1314 obitus.

711 1355 795 1419 Item
823 1355 896 1421 volo
928 1355 1014 1442 quod
1037 1357 1170 1420 sacriste
1194 1355 1401 1421 bononiensis
1424 1355 1569 1420 Ecclesia
1593 1356 1670 1420 dent
1693 1357 1920 1421 commissoriis
1943 1357 2022 1422 meis
2046 1379 2146 1422 unum
2177 1357 2365 1422 assamitum
2387 1359 2439 1422 vel

621 1463 852 1527 baldachinum
875 1463 917 1526 ad
940 1462 1140 1527 voluntatem
1163 1463 1279 1550 prioris
1303 1463 1405 1527 sancti
1429 1462 1597 1527 Michaelis
1621 1463 1660 1527 de
1683 1462 1790 1528 Busco
1822 1471 1854 1528 at
1878 1464 2014 1529 aliorum
2038 1486 2183 1528 meorum
2206 1465 2439 1530 commissario·

622 1592 703 1653 rum,
728 1570 783 1656 qui
805 1577 952 1656 portetur
974 1591 1073 1656 supra
1096 1592 1212 1657 corpus
1237 1592 1343 1634 meum
1367 1569 1408 1633 ad
1432 1570 1631 1656 sepulturam
1656 1591 1771 1634 meam.

711 1676 795 1742 Item
817 1678 857 1742 de
882 1675 968 1741 dieta
992 1677 1171 1764 quantitate
1200 1678 1270 1741 dari
1290 1678 1364 1742 volo
1381 1676 1513 1741 cuilibet
1535 1677 1763 1742 canonicorum
1779 1676 1924 1742 Ecclesia
1940 1678 2148 1744 bononiensis
2164 1679 2305 1765 vigintos
2322 1681 2440 1747 solidos

621 1783 875 1849 bononenorum.

712 1891 796 1956 Item
820 1891 952 1956 cuilibet
974 1891 1191 1956 mansionario
1216 1891 1362 1976 ejusdem
1385 1893 1519 1956 eeclesia
1543 1893 1655 1957 decem
1679 1891 1798 1956 solidos
1821 1891 2076 1957 bononenorum.

712 1999 794 2063 Item
819 1998 951 2063 cuilibet
973 1999 1102 2064 illorum
1129 2006 1267 2084 quatuor
1298 1999 1498 2082 clericorum,
1523 2001 1578 2086 qui
1601 2007 1767 2064 morantur
1791 2000 1823 2064 in
1847 2000 1994 2064 sacristia
2016 2000 2173 2085 Bononia,
2190 2002 2301 2066 decem
2322 2003 2439 2068 solidos

621 2105 874 2188 bononenorum,
899 2113 931 2170 et
954 2106 1132 2193 presbitero
1155 2106 1298 2170 benefitii
1322 2107 1468 2192 magistri
1492 2107 1652 2171 Teneredi
1676 2107 1787 2171 decem
1810 2105 1928 2172 solidos
1952 2107 2205 2173 bononenorum.

710 2214 793 2278 Item
817 2214 891 2278 volo
914 2214 983 2277 fieri
1006 2213 1166 2277 tumulum
1190 2213 1351 2278 elevatum
1375 2236 1472 2300 super
1495 2215 1695 2301 sepulturam
1718 2235 1824 2278 meam
1845 2221 1940 2301 prout
1955 2215 2117 2280 videbitur
2133 2216 2287 2302 magistro
2303 2215 2438 2282 Alberto

621 2321 738 2385 rectori
763 2321 869 2407 operis
894 2321 977 2385 dicte
1002 2321 1146 2405 ecclesie,
1164 2323 1216 2385 val
1240 2321 1304 2385 alio
1328 2323 1445 2386 rectori
1469 2322 1614 2406 ejusdem
1638 2322 1743 2408 operis
1767 2328 1800 2386 at
1822 2322 1922 2408 priori
1945 2322 1984 2386 de
2001 2322 2106 2387 Bosco
2122 2322 2162 2387 da
2178 2323 2339 2409 lapidibus
2355 2345 2439 2388 mar·

621 2429 738 2492 moreis
759 2429 829 2513 jam
852 2429 974 2515 paratis
998 2449 1017 2492 a
1041 2429 1125 2493 dicto
1150 2430 1304 2514 magistro
1327 2429 1475 2512 Alberto,
1491 2428 1531 2492 de
1555 2429 1671 2514 quibus
1696 2430 1819 2493 solutus
1843 2435 1906 2512 est,
1923 2429 2066 2515 exceptis
2091 2429 2306 2515 quadraginta
2330 2430 2439 2495 solidis

619 2535 874 2618 bononenorum,
892 2538 947 2624 qui
963 2537 1045 2601 solvi
1069 2536 1188 2601 debent
1211 2559 1307 2624 opere
1332 2537 1428 2620 laeto,
1453 2559 1532 2622 quos
1556 2537 1639 2601 solvi
1661 2537 1779 2601 mando
1804 2535 1843 2600 da
1867 2537 2046 2622 quantitate
2067 2537 2223 2623 predicta.
2246 2536 2339 2601 Alias
2362 2559 2438 2602 varo

620 2665 781 2730 expensas
798 2644 994 2708 necessarias
1006 2643 1045 2708 (1)
1061 2644 1146 2708 cirea
1162 2645 1361 2730 sepulturam
1381 2665 1487 2708 meam
1507 2644 1577 2729 ipse
1601 2644 1652 2707 dic
1676 2644 1745 2708 fieri
1768 2642 1886 2708 mando
1909 2644 1949 2708 de
1973 2645 2151 2729 quantitate
2172 2645 2328 2730 predicta,
2344 2653 2440 2732 prout

620 2751 782 2816 videbitur
805 2751 1032 2816 commissaliis
1055 2751 1135 2815 meis
1153 2797 1292 2816 ......
1308 2751 1351 2816 Et
1375 2752 1401 2815 si
1425 2751 1548 2837 aliquid
1571 2750 1730 2839 supererit
1753 2751 1792 2815 de
1817 2751 1903 2816 dicta
1919 2751 2098 2837 quantitate
2115 2772 2135 2816 a
2152 2752 2303 2838 predictis
2320 2773 2439 2839 expen-

619 2859 673 2942 sis,
690 2859 764 2923 volo
783 2857 853 2922 (lari
869 2864 901 2922 at
924 2858 1074 2922 distribui
1093 2859 1290 2945 pauperibus
1314 2859 1347 2921 in
1371 2859 1441 2944 ipsa
1465 2859 1601 2922 ecclesia
1624 2859 1676 2923 die
1700 2880 1772 2922 mee
1804 2859 1979 2945 sepultura,
2004 2865 2036 2922 et
2060 2859 2197 2945 septima
2219 2867 2252 2924 et
2274 2859 2441 2944 trigesima

620 2974 652 3030 at
676 2966 867 3048 centesima,
885 2972 917 3030 et
940 2967 1161 3030 anniversario
1186 2965 1239 3029 die
1263 2966 1325 3029 mai
1351 2966 1456 3030 obitus
1480 2988 1538 3053 per
1562 2966 1796 3031 commissarios
1820 2988 1919 3030 meos.
1937 2966 1979 3031 Et
2002 2966 2030 3030 si
2052 2965 2195 3052 predicte
2219 2967 2441 3053 centumquin·

618 3074 775 3159 quaginta
799 3073 880 3137 libra
903 3095 968 3138 non
992 3073 1189 3156 sufficerant,
1214 3072 1313 3156 [rollo
1339 3081 1372 3137 et
1394 3073 1511 3138 mando
1536 3074 1706 3160 adimpleri
1736 3079 1768 3138 et
1799 3073 1867 3137 lieri
1895 3074 1935 3137 de
1959 3074 2030 3136 aliis
2054 3074 2134 3137 meis
2157 3073 2250 3138 bonis
2274 3095 2332 3161 par
2354 3096 2439 3139 com·

619 3181 782 3245 missarios
805 3201 894 3244 meos
912 3229 1048 3244 ......

711 3287 795 3351 Item
819 3309 877 3371 pro
902 3287 1011 3350 anima
1034 3308 1107 3350 mea
1131 3287 1277 3373 relinquo
1301 3290 1333 3352 in
1358 3288 1536 3352 subsidium
1561 3288 1660 3351 Terre
1694 3287 1811 3352 Sancte
1835 3287 2029 3374 Templariis
2053 3288 2092 3352 da
2116 3289 2291 3352 ultramare
2322 3288 2439 3374 viginti

616 3395 718 3460 libras
743 3395 997 3478 bononenorum,
1022 3401 1054 3458 et
1077 3395 1307 3481 Hospitalarii·
1330 3395 1370 3458 de
1394 3395 1569 3459 ultramare
1594 3395 1676 3458 alias
1699 3396 1815 3480 viginti
1838 3396 1937 3460 libras
1966 3395 2209 3460 bononenorum
2232 3418 2290 3483 pro
2315 3395 2438 3460 redam-

618 3503 727 3589 ptione
751 3509 957 3589 peecatorum
981 3523 1142 3586 meorum,
1167 3503 1228 3566 hac
1252 3502 1434 3567 conditione
1458 3509 1490 3566 et
1513 3503 1625 3585 modo,
1651 3502 1736 3588 quod
1760 3503 1837 3567 dicti
1860 3502 2038 3589 Templarii
2068 3510 2100 3567 at
2129 3503 2344 3589 Hospitalarii
2375 3504 2440 3568 sint

537 3599 539 3602 ⁵
617 3611 679 3676 hoo
703 3617 829 3674 tantum
852 3610 961 3694 legato
985 3611 1138 3693 contenti,
1156 3631 1217 3695 qne
1241 3610 1350 3696 legata
1374 3610 1443 3674 dari
1468 3609 1586 3674 mando
1610 3609 1775 3694 Magistris
1799 3609 2050 3696 provincialibus
2075 3610 2114 3674 da
2135 3609 2333 3674 Lomberdia
2348 3631 2439 3674 man-

618 3718 744 3783 sionum
768 3717 996 3804 predictarum,
1021 3724 1053 3780 et
1077 3739 1141 3780 non
1165 3717 1220 3780 alii
1238 3765 1375 3782 ......

706 3825 790 3888 Item
815 3825 934 3889 Sanina
958 3824 1023 3888 filie
1047 3824 1209 3910 quondam
1234 3823 1372 3888 Gerardi
1395 3824 1434 3887 dc
1458 3823 1625 3909 Vigatulo,
1642 3825 1789 3910 germani
1805 3823 1878 3906 mei,
1895 3825 1970 3910 lego
1986 3831 2051 3888 tres
2067 3823 2167 3889 libras
2183 3823 2436 3907 bononenorum,

616 3932 739 3996 dandas
763 3933 803 4015 ei,
827 3938 860 3995 et
884 3931 925 3996 ab
949 3953 989 3996 ea
1011 3932 1080 3996 viro
1105 3953 1174 4014 suo,
1200 3931 1232 3995 in
1256 3938 1466 4017 augmentum
1489 3930 1573 3995 dotis
1591 3980 1727 3995 ......

705 4038 789 4103 Item
811 4039 956 4103 Ecclesia
980 4039 1144 4125 parmensi
1167 4039 1313 4124 relinquo
1336 4061 1394 4125 pro
1420 4039 1527 4102 anima
1551 4061 1623 4102 maa
1648 4045 1777 4102 centum
1800 4038 2036 4126 quinquaginta
2063 4038 2163 4102 libras
2193 4039 2437 4104 bononenorum

615 4147 655 4212 de
680 4147 796 4233 quibus
820 4147 894 4211 volo
926 4147 990 4210 emi
1013 4169 1070 4233 per
1094 4147 1329 4211 commissarios
1354 4168 1442 4211 meos
1465 4169 1523 4233 pro
1547 4148 1618 4233 ipsa
1641 4147 1778 4211 eeclesia
1801 4147 2018 4233 possessiones
2049 4147 2082 4210 in
2113 4145 2233 4211 diocesi
2263 4145 2435 4233 parmensi.

705 4361 789 4426 Item
812 4363 967 4447 magistro
991 4360 1137 4426 Gersrdo
1162 4362 1271 4448 nepoti
1294 4383 1376 4444 meo,
1398 4362 1471 4445 jure
1495 4361 1614 4446 legati,
1639 4360 1785 4446 relinquo
1818 4360 1918 4424 libros
1948 4382 2036 4426 meos
2064 4359 2204 4445 legales,
2229 4359 2436 4425 0011100100-

615 4469 730 4552 dicem,
747 4469 920 4555 Digestnm
942 4476 1035 4534 vetus
1059 4477 1091 4533 et
1114 4469 1285 4554 Digestnm
1310 4491 1438 4551 novum,
1456 4475 1488 4532 et
1513 4469 1678 4532 Summam
1698 4467 1883 4554 Uguitionis
1900 4469 1932 4532 in
1949 4468 2107 4552 Decretis,
2125 4475 2157 4532 et
2172 4489 2272 4533 unum
2288 4469 2436 4556 sciphum

616 4585 808 4662 argenteum
832 4599 904 4642 cunr
929 4577 1010 4663 pede
1034 4577 1195 4662 sculptum
1219 4577 1259 4640 ad
1283 4577 1426 4659 leonem,
1452 4583 1484 4640 et
1511 4576 1660 4640 undecim
1692 4575 1850 4640 coclearia
1878 4576 2022 4662 argenti,
2046 4582 2079 4640 et
2107 4576 2298 4662 psalterium
2328 4599 2436 4642 meum

615 4706 689 4749 oum
710 4685 867 4770 ymnario,
892 4691 925 4748 01
948 4685 1080 4771 insuper
1103 4685 1177 4769 lego
1201 4685 1231 4748 ei
1255 4685 1388 4770 triginta
1411 4685 1511 4748 libras
1535 4684 1777 4748 bononenorum
1794 4733 1933 4749 ......
2368 4749 2370 4754 ,

704 4791 787 4857 Item
811 4793 957 4879 relinquo
981 4792 1136 4856 ducentas
1160 4791 1259 4856 libras
1283 4793 1536 4876 bononenorum,
1553 4792 1592 4855 de
1609 4791 1725 4878 quibus
1748 4791 1866 4856 mando
1890 4799 1922 4856 et
1946 4792 2018 4857 volo
2042 4791 2128 4878 quod
2145 4793 2355 4856 commissarii
2370 4793 2434 4856 mei

615 4905 723 4962 emant
747 4899 965 4984 possessiones
990 4899 1022 4962 in
1045 4904 1132 4962 terra
1157 4897 1340 4983 Caregnani
1364 4899 1416 4962 vel
1440 4899 1518 4962 alibi
1541 4899 1597 4961 ubi
1620 4898 1734 4962 melius
1756 4898 1918 4962 videbitur
1941 4898 2084 4985 predicto
2108 4898 2264 4984 magistro
2288 4899 2434 4964 Gerardo

615 5014 647 5071 et
669 5006 838 5071 Bernardo
863 5007 1033 5094 nepotibus
1058 5007 1148 5070 meis.

705 5114 825 5179 Actum
849 5115 882 5179 in
906 5136 1035 5179 camera
1058 5115 1092 5178 in
1115 5134 1179 5199 qua
1204 5113 1391 5176 morabatur
1415 5113 1518 5176 dictus
1542 5113 1696 5198 magister
1718 5111 1905 5176 Bernardus
1926 5113 1959 5176 in
1976 5113 2130 5177 canonica
2149 5113 2356 5179 bononiensis
2371 5113 2433 5179 Ec·

614 5223 728 5306 clesie,
753 5222 957 5309 presentibus
981 5221 1110 5286 domino
1134 5221 1290 5306 magistro
1315 5219 1487 5305 Sinigardo
1513 5219 1781 5307 archipresbitero
1804 5219 2011 5304 bononiensi,
2037 5218 2166 5285 domino
2196 5220 2364 5286 Bernardo
2392 5222 2432 5286 da

614 5331 785 5412 Querneto,
803 5329 932 5394 domino
956 5329 1098 5414 Ugolino
1122 5335 1154 5392 et
1178 5328 1307 5392 domino
1323 5327 1463 5413 Euligne
1480 5327 1666 5413 presbiteris
1683 5333 1715 5391 et
1731 5326 1859 5392 domino
1876 5317 2082 5392 Zambertino
2107 5327 2242 5392 diacone
2258 5328 2433 5393 bononien·

613 5439 702 5502 sibus
734 5444 766 5501 et
797 5435 926 5502 domino
959 5436 1042 5502 Cosa
1072 5435 1290 5500 mansionario
1320 5434 1466 5499 Ecclesia
1499 5433 1723 5517 bononiensis,
1748 5434 1884 5498 testibus
1915 5434 2043 5499 edicto
2078 5435 2233 5521 magistro
2264 5434 2432 5500 Bernardo

611 5545 745 5630 rogatis.

704 5651 800 5734 (L.†
817 5651 865 5734 S.)
889 5651 960 5737 Ego
992 5651 1191 5715 Bonvicinus
1221 5650 1384 5736 quondam
1412 5649 1574 5715 Leonardi
1604 5647 1749 5731 firmani,
1774 5647 1935 5734 imperiali
1957 5649 2148 5713 auctoritate
2173 5649 2335 5734 notarius,
2360 5671 2431 5737 pre·

613 5765 721 5823 santes
745 5758 908 5824 codicillos
933 5780 952 5822 a
975 5758 1061 5824 dicto
1085 5757 1240 5843 magistro
1263 5757 1431 5821 Bernardo
1455 5778 1474 5820 a
1498 5777 1549 5820 ma
1573 5756 1701 5841 cognito
1725 5756 1905 5842 dispositos,
1923 5755 2023 5842 ipsius
2044 5756 2210 5821 voluntate
2231 5757 2431 5830 etmendeto

612 5867 727 5953 scripsi
750 5873 782 5930 01
805 5867 838 5930 in
862 5867 1026 5953 publicam
1048 5867 1186 5931 sormam
1209 5865 1330 5950 redegi.
