5492 7750
635 634 682 704 52
1424 653 1665 705 noanneane

633 810 716 875 tiens
740 811 877 875 comissa
901 809 1016 893 fuerit3
1039 830 1102 895 qua
1126 808 1249 893 soluta,
1274 809 1326 874 vel
1350 831 1432 892 non,
1456 809 1589 874 laudum
1613 817 1645 874 11
1669 811 1777 875 omnia
1800 833 1861 897 que
1886 811 1917 874 in
1943 833 1981 876 eo
2005 811 2219 896 continentur,
2243 812 2276 877 11
2299 834 2357 878 111
2381 835 2453 901 per-

633 924 786 982 mancant
810 917 961 981 firmitate
985 923 1017 980 et
1041 916 1239 1002 obligatione
1262 917 1421 981 bonorum
1445 917 1597 981 Comanis
1621 917 1789 982 Faventie.

721 1024 972 1088 Pronuntiatum
996 1023 1056 1087 fuit
1079 1023 1140 1088 hoe
1164 1023 1297 1088 laudum
1320 1045 1378 1110 per
1401 1023 1522 1088 dictum
1545 1023 1788 1090 Benacurxium
1804 1025 1843 1090 de
1866 1025 2028 1091 Surixana
2043 1025 2243 1092 Potestatem
2258 1026 2405 1092 Bononio
2420 1029 2453 1092 in

632 1132 755 1218 palatio
779 1131 881 1196 veteri
903 1130 1054 1196 Comunis
1078 1130 1242 1213 Bononie,
1267 1137 1464 1216 congregato
1495 1131 1636 1196 Consilio
1669 1133 1813 1217 generali
1844 1141 1876 1197 et
1899 1133 2027 1219 spetiali
2051 1133 2203 1199 Comunis
2226 1135 2373 1200 Bononio
2395 1157 2454 1222 per

633 1261 748 1304 sonum
772 1259 1012 1324 campanarum,
1029 1259 1118 1303 moro
1139 1238 1244 1321 solito,
1261 1238 1321 1302 sub
1346 1259 1431 1303 anno
1451 1238 1583 1303 Domini
1599 1239 1769 1304 millesimo
1785 1239 2005 1306 ducentesimo
2022 1241 2289 1328 quinquagesimo
2305 1242 2452 1329 septimo,

633 1346 805 1411 indictione
831 1345 1079 1432 quintadecima,
1104 1345 1155 1408 dis
1179 1344 1368 1410 duodecimo
1392 1352 1531 1410 excunte
1555 1345 1729 1410 februario.

722 1451 933 1518 Presentibus
957 1452 1087 1517 domino
1110 1452 1251 1516 Martiuo
1274 1451 1315 1517 de
1337 1452 1467 1538 Burgo,
1493 1452 1622 1517 domino
1645 1452 1869 1518 Bonavintura
1892 1455 1932 1519 de
1957 1454 2153 1541 savignano,
2177 1456 2287 1542 legum
2311 1457 2452 1541 doctore,

633 1568 666 1626 ct
688 1560 817 1625 domino
841 1560 1006 1646 Itaynerio
1032 1559 1072 1624 de
1095 1559 1264 1642 Liazariis,
1288 1559 1417 1624 domino
1442 1559 1652 1624 Lambertino
1677 1559 1834 1626 (luidonis
1858 1561 2038 1646 Buvalelli,
2058 1562 2187 1628 domino
2210 1563 2388 1630 Arimondo
2412 1565 2453 1630 ds

632 1667 819 1733 Romanoiis
843 1674 875 1732 et
898 1667 1028 1732 domino
1051 1666 1193 1731 Itodulfo
1217 1667 1257 1731 de
1282 1666 1448 1731 Graidauo
1472 1673 1504 1731 et
1528 1667 1657 1732 domino
1682 1667 1865 1733 Guinizello
1888 1669 2010 1735 domini
2031 1670 2187 1756 Magnani
2202 1679 2235 1736 et
2250 1671 2379 1736 domino
2395 1672 2453 1738 Ja-

635 1776 749 1840 111111
772 1775 903 1840 Botatio
927 1781 960 1839 et
982 1775 1112 1839 domino
1135 1774 1227 1839 Bono
1252 1774 1376 1840 Jacobo
1402 1774 1592 1860 Squartonis
1616 1782 1648 1840 11
1671 1776 1817 1862 pluribus
1841 1777 1924 1860 11111,
1949 1784 2047 1842 111111
2070 1780 2176 1864 rogati
2199 1786 2232 1844 ct
2255 1781 2370 1844 vocati.

720 1883 793 1968 Ego
816 1883 993 1948 Jacobinus
1018 1882 1102 1946 filius
1125 1882 1303 1966 Itibaldini,
1328 1883 1487 1969 imperiali
1512 1883 1702 1947 auctoritate
1726 1885 1886 1968 notarius,
1910 1891 1942 1950 et
1965 1892 2041 1951 tune
2065 1887 2209 1951 notarius
2232 1887 2454 1953 Annianorum

632 1999 664 2057 et
688 1991 864 2057 Consulum
888 1997 920 2055 et
943 1990 1055 2077 populi
1077 1988 1234 2072 Bononie,
1252 1995 1287 2054 ut
1312 2011 1410 2076 supra
1433 1991 1563 2075 legitur,
1580 1990 1620 2054 11
1644 1990 1796 2056 mandato
1813 1991 1897 2056 dicte
1913 1991 2089 2058 Potestatis
2110 1994 2170 2060 hoo
2191 1995 2323 2060 laudum
2339 1995 2453 2082 scripsi

632 2107 664 2164 et
686 2099 851 2186 publicavi
875 2105 907 2162 et
930 2097 1115 2184 subscripsi.

1480 2364 1608 2428 xxxi.

1418 2563 1515 2644 111,
1541 2561 1663 2625 1111.

719 2757 770 2822 Ex
795 2758 927 2822 archivo
950 2757 1222 2844 Metropolitanus
1247 2758 1402 2822 ecclesiae
1427 2781 1452 2822 1.
1477 2757 1566 2822 Petri
1590 2757 1726 2840 bonon,
1751 2779 1835 2822 nuno
1858 2759 1891 2822 11
1915 2758 2090 2824 Tabulario
2114 2759 2203 2824 Max.
2229 2759 2366 2843 bonon,

1621 2847 1647 2872 ὼ)

1092 2873 1169 2930 1111.
1198 2890 1214 2922 (
1239 2866 1476 2948 1111111111»,
1503 2887 1588 2929 num.
1614 2873 1671 2960 21„
1696 2866 1766 2930 doe.
1792 2887 1822 2929 n.
1848 2869 1901 2930 28.

719 3063 816 3126 Anno
841 3062 972 3127 Domini
996 3061 1166 3126 millesimo
1191 3062 1410 3126 ducentesimo
1435 3063 1638 3146 sexagesimo
1662 3063 1813 3146 secundo,
1830 3062 2003 3128 indictione
2026 3064 2139 3149 quinta
2156 3111 2450 3130 ............

721 3170 759 3233 (1)
776 3169 902 3234 Eodem
926 3191 1010 3234 1111
1035 3177 1066 3233 11
1092 3169 1275 3251 indictione,
1301 3169 1352 3233 die
1377 3191 1462 3234 nono
1487 3171 1626 3233 intrante
1648 3170 1740 3255 julio,
1763 3171 1908 3256 precepit
1931 3171 2079 3235 domiuus
2101 3171 2232 3235 Electus
2256 3169 2452 3254 [Bononien-

630 3276 687 3360 sis]
710 3279 874 3363 predictus
905 3277 1058 3364 predictis
1091 3277 1248 3360 Sindieis,
1273 3277 1360 3363 quod
1383 3299 1472 3360 eras,
1497 3285 1570 3363 post
1594 3298 1730 3361 nouam,
1755 3278 1864 3342 statim
1887 3279 1951 3342 sint
1979 3279 2012 3342 11
2042 3278 2156 3342 eodem
2187 3279 2258 3343 loco
2289 3299 2363 3342 cum
2394 3277 2452 3342 Sa·

630 3384 794 3468 pientibus
822 3385 889 3447 suis
921 3385 962 3448 ad
993 3384 1201 3470 allegandum
1232 3384 1338 3448 adhuc
1362 3385 1510 3470 ali[quid]
1540 3386 1567 3448 si
1590 3385 1702 3450 volunt
1725 3406 1834 3450 coram
1858 3385 2065 3471 Sapientibus
2088 3385 2199 3450 electis
2223 3407 2281 3471 per
2304 3407 2396 3468 eum,
2420 3392 2453 3449 et

630 3494 828 3578 perentorie,
853 3501 885 3556 11
909 3492 1166 3556 adsenteutiam
1191 3492 1395 3557 audiendam.

721 3599 760 3664 In
790 3600 920 3663 nomine
952 3599 1060 3662 Patris
1088 3605 1120 3663 et
1152 3598 1227 3662 Filii
1259 3604 1290 3661 et
1329 3598 1467 3684 Spiritus
1500 3598 1626 3682 Sancti,
1652 3619 1756 3663 amen.
1782 3597 1886 3684 Super
1918 3598 2099 3684 questione,
2125 3621 2186 3684 que
2209 3599 2346 3664 vertitur
2367 3599 2452 3664 inter

631 3707 812 3772 Bolnisium
840 3707 1020 3788 notarium,
1045 3713 1286 3792 procuratorem
1317 3713 1349 3768 et
1380 3705 1541 3770 sindicum
1565 3706 1707 3792 Capituli
1735 3705 1967 3788 Bononiensis,
1992 3713 2025 3770 11
2047 3705 2181 3770 fratrem
2206 3706 2388 3770 (luidonem
2411 3705 2451 3770 de

630 3821 742 3877 sancto
764 3813 928 3896 Mauritio,
946 3813 1103 3876 sindicum
1127 3820 1159 3876 et
1182 3818 1425 3898 procuratorem
1448 3813 1593 3877 Ecclesia
1610 3819 1641 3876 ct
1657 3812 1809 3877 Fratrum
1824 3812 2317 3898 Η1111111111111111111111]Ι
2335 3813 2374 3877 de
2391 3813 2450 3878 Sa·

627 3920 705 3983 vina
725 3921 820 4004 juxta
846 3919 986 3984 Circlam
1010 3919 1149 3984 civitatis
1177 3919 1339 4003 Bononie,
1365 3928 1473 3984 utrum
1507 3927 1637 4005 pactum
1667 3920 1788 3983 sactum
1817 3941 1875 4006 per
1896 3919 2116 3985 venerabilem
2138 3927 2264 4005 patrem
2287 3921 2451 3985 dominum

629 4025 763 4091 fratrem
789 4027 949 4092 ‚Iacobum
971 4027 1203 4091 bononiensem
1226 4027 1434 4113 Episcopum,
1451 4049 1509 4112 pro
1530 4049 1563 4090 se
1588 4035 1620 4090 et
1644 4026 1794 4112 Capitulo
1818 4026 2024 4092 bononiensis
2047 4025 2194 4091 Ecclesia
2210 4048 2252 4090 ex
2267 4047 2333 4091 una
2348 4035 2451 4114 parte,

629 4141 662 4197 et
686 4135 847 4220 quendam
871 4134 1005 4198 fratrem
1028 4134 1163 4198 ecclesie
1188 4140 1220 4197 et
1245 4134 1377 4198 Ordinis
1400 4135 1618 4220 predictorum
1647 4133 1784 4198 fratrum
1816 4135 1919 4198 sancti
1941 4133 2057 4219 Jacobj
2087 4134 2127 4198 de
2159 4133 2299 4218 Savina,
2323 4135 2451 4200 nomine

630 4241 788 4305 dictorum
812 4242 949 4304 fratrum
974 4263 1015 4305 ex
1032 4242 1145 4324 altera,
1161 4248 1193 4305 et
1212 4247 1320 4305 utrum
1337 4241 1514 4306 moderatio
1531 4242 1617 4306 facta
1633 4263 1691 4328 per
1707 4242 1830 4306 dictum
1845 4242 2063 4306 venerabilem
2079 4247 2205 4328 patrem
2220 4241 2452 4306 bononiensem

631 4348 827 4434 Episcopum
852 4370 949 4434 super
973 4349 1058 4412 dicto
1083 4355 1177 4434 pacto
1202 4348 1311 4412 valeat
1335 4356 1367 4412 et
1390 4355 1513 4433 teneat,
1531 4356 1562 4412 et
1585 4349 1627 4412 sit
1649 4370 1733 4434 equa
1759 4350 1811 4413 vel
1835 4371 1914 4432 111,
1932 4349 2101 4414 consilium
2124 4348 2329 4414 dominorum
2352 4349 2450 4414 Oldo·

628 4455 724 4541 iredj,
748 4458 950 4543 Bonrecupri
975 4457 1014 4520 de
1037 4456 1141 4521 Porro
1165 4463 1196 4520 ct
1220 4456 1371 4521 Jacobiui
1396 4457 1576 4542 Cratiadej,
1601 4456 1728 4543 Legum
1753 4457 1929 4540 doctorum,
1946 4463 1979 4521 et
2001 4456 2122 4521 domini
2145 4457 2286 4521 Navarri
2305 4457 2451 4522 canonici

629 4565 821 4650 Burgensis,
846 4573 895 4629 est
919 4566 1002 4648 tale,
1027 4572 1063 4629 ut
1087 4565 1207 4629 dictum
1231 4571 1380 4651 pactum,
1405 4566 1497 4650 cujus
1521 4567 1607 4651 pacti
1630 4573 1723 4630 tenor
1745 4565 1820 4628 talis
1843 4573 1892 4629 est
1915 4573 1994 4648 111,,
2017 4566 2126 4646 valeat
2150 4571 2182 4628 et
2206 4571 2316 4629 teneat
2339 4572 2371 4629 st
2394 4586 2450 4628 va·

629 4672 727 4736 luerit
750 4679 783 4735 ct
806 4673 965 4755 tenuerit,
991 4679 1023 4736 et
1047 4671 1134 4758 quod
1158 4672 1335 4737 moderatio
1367 4673 1454 4736 sacta
1479 4694 1498 4736 a
1527 4673 1670 4759 predicto
1700 4673 1879 4737 venerabili
1908 4681 2001 4758 patre
2031 4671 2161 4736 domino
2193 4671 2293 4736 fratre
2316 4672 2451 4755 Jacobo,

631 4780 792 4865 quondam
824 4779 1016 4845 bononiensi
1039 4779 1217 4866 Episcopo,
1243 4780 1335 4863 cujus
1359 4779 1588 4844 moderationis
1611 4786 1703 4844 tenor
1725 4780 1799 4844 talis
1831 4787 1879 4844 est
1909 4786 1985 4863 111,,
2009 4779 2118 4844 valeat
2141 4787 2174 4844 et
2198 4786 2324 4862 teneat,
2349 4785 2382 4844 et
2411 4780 2453 4843 sit

630 4908 715 4972 equa
738 4892 771 4950 et
791 4888 881 4972 justa
911 4893 944 4950 et
967 4886 1081 4970 fuerit,
1107 4893 1139 4950 et
1164 4887 1280 4950 debeat
1304 4886 1487 4968 observari,
1513 4909 1586 4951 cum
1617 4909 1700 4974 equa
1732 4895 1764 4951 et
1794 4887 1879 4951 iusta
1909 4887 1951 4951 sit
1980 4893 2013 4951 et
2040 4909 2113 4951 omn
2137 4887 2178 4952 ab
2203 4908 2242 4952 ea
2267 4907 2331 4951 non
2354 4885 2453 4951 fuerit

632 4994 848 5081 appellatum,
873 4993 906 5057 in
929 4995 991 5058 hoc
1014 4994 1137 5058 scilicet
1160 4994 1276 5058 debeat
1300 4995 1484 5078 observari,
1509 5003 1544 5058 ut
1575 4994 1692 5058 iratres
1723 4995 1808 5059 dicte
1836 4995 1970 5059 ecclesie
1997 4995 2101 5060 saneti
2124 4994 2241 5079 Jacobj
2265 4995 2305 5058 de
2331 4993 2452 5059 Savina

630 5124 695 5166 non
718 5103 876 5188 recipiant
900 5101 941 5165 ad
966 5103 1166 5188 sepulturam
1190 5101 1405 5188 parochianos
1430 5102 1638 5166 ecclesiarum
1662 5109 1771 5166 sancte
1795 5101 1897 5166 Maris
1921 5101 2125 5186 Magdslene,
2149 5103 2254 5166 sancti
2276 5101 2451 5185 Leonardj,

630 5217 662 5274 et
685 5210 788 5274 111111
811 5209 939 5295 Egidii,
964 5210 1053 5274 etin
1078 5209 1226 5274 omnibus
1250 5210 1322 5272 aliis
1348 5231 1410 5295 que
1434 5210 1466 5272 in
1491 5209 1577 5273 dicta
1600 5209 1819 5273 moderatione
1844 5209 2057 5292 continentur,
2081 5231 2145 5274 non
2170 5210 2320 5274 obstante
2347 5207 2453 5272 indul·

629 5317 740 5402 gentis
763 5318 908 5403 generali
932 5338 1085 5382 concessa
1110 5317 1202 5381 dictis
1227 5316 1383 5381 fratribus
1407 5322 1439 5381 et
1462 5316 1566 5381 ordini
1590 5316 1832 5380 Heremitarum
1855 5318 1958 5381 sancti
1981 5316 2098 5401 Jacobj
2122 5317 2162 5381 de
2187 5317 2309 5382 Savina
2332 5315 2452 5380 abone

630 5426 783 5489 memorie
807 5425 936 5488 domino
960 5424 1150 5490 Innocentio
1174 5425 1267 5510 Papa
1291 5432 1417 5510 quarto,
1435 5446 1508 5488 oum
1532 5425 1564 5487 in
1588 5423 1674 5487 dicta
1698 5423 1901 5508 indulgentia
1920 5423 2123 5510 impetranda
2139 5422 2180 5489 ds
2194 5423 2340 5510 predicto
2357 5429 2453 5508 pacto

629 5554 694 5597 111
718 5532 815 5596 suerit
838 5532 925 5596 facta
949 5533 1087 5616 mentio,
1112 5539 1144 5595 et
1169 5553 1233 5595 non
1257 5532 1405 5596 obstante
1430 5532 1494 5595 alia
1518 5531 1731 5616 indulgentia,
1755 5552 1908 5595 11111111
1930 5531 2082 5617 predictis
2106 5531 2261 5595 fratribus
2288 5537 2320 5595 et
2348 5529 2453 5596 ordini

632 5640 758 5703 abone
781 5639 935 5703 memorie
959 5639 1088 5704 dornino
1112 5639 1302 5704 Alexandro
1325 5637 1418 5725 Papa
1442 5647 1574 5724 quarto,
1600 5660 1672 5702 cum
1699 5638 1785 5702 dicta
1807 5638 2011 5723 indulgentia
2034 5645 2066 5703 et
2094 5639 2165 5723 ejus
2192 5637 2389 5724 generalitas
2412 5637 2453 5702 sit

631 5744 881 5830 res[trin]genda
906 5745 946 5808 ad
970 5745 1004 5809 id
1035 5747 1074 5810 de
1100 5767 1163 5831 quo
1187 5746 1370 5832 specialiter
1391 5747 1558 5831 agebatur,
1584 5745 1706 5809 scilieet
1730 5745 1772 5809 ad
1796 5746 2074 5831 presentaoionem
2096 5745 2219 5810 Prioris
2243 5745 2326 5810 dicte
2350 5745 2452 5809 eoele-

632 5855 688 5936 sie,
706 5859 738 5918 et
760 5853 978 5918 visitationem
1003 5861 1034 5918 et
1059 5854 1282 5937 corretionem,
1298 5875 1364 5917 nou
1389 5861 1497 5917 autem
1522 5853 1754 5939 complectatur
1778 5853 1989 5939 sepulturam,
2007 5854 2128 5918 scilicet
2151 5859 2187 5917 ut
2210 5853 2288 5917 dicti
2310 5851 2452 5936 fratre[s]

708 6157 747 6222 (1)
768 6156 913 6209 Praecedit
932 6155 1091 6208 mundatum
1110 6171 1176 6224 quo,
1196 6154 1248 6206 sub
1268 6154 1310 6206 die
1330 6155 1427 6206 ultimo
1446 6154 1513 6205 iunii
1568 6154 1782 6224 promittendum
1798 6155 1830 6206 de
1841 6155 1935 6206 litibus
1948 6156 1976 6206 et
1989 6153 2193 6223 quaestionibus
2206 6152 2277 6204 inter
2290 6153 2376 6205 dietas
2389 6168 2452 6221 par·

628 6247 750 6298 eiusdem
770 6247 848 6312 anni,
868 6245 987 6298 sindicus
1009 6249 1035 6297 et
1055 6249 1214 6313 procurator
1233 6244 1463 6312 Archipresbiteri
1488 6247 1514 6295 et
1570 6248 1611 6295 tes
1626 6244 1794 6296 vertentibus
1807 6244 1927 6312 speciale
1942 6242 2111 6309 mundatum,
2125 6242 2369 6311 compromiserunt
2382 6257 2410 6293 se
2424 6242 2452 6292 in

626 6335 747 6406 Capituli
767 6335 941 6388 bononiensis
962 6337 1104 6401 ecclesiae,
1118 6351 1152 6387 ex
1173 6351 1227 6386 una
1246 6338 1334 6403 parte,
1349 6338 1376 6386 et
1393 6334 1511 6386 sindicus
1568 6333 1708 6385 dominum
1727 6332 1917 6398 Octavianum,
1936 6332 2102 6401 Episcopum
2126 6331 2329 6398 bononiensem,
2341 6333 2372 6382 ut
2389 6331 2451 6382 litos

627 6431 654 6479 et
675 6432 835 6496 procurator
853 6427 955 6479 Prioris
976 6432 1002 6478 et
1022 6429 1172 6478 convontus
1192 6425 1280 6477 111111
1299 6423 1398 6476 Jacobi
1414 6425 1445 6475 dc
1465 6425 1515 6475 Sa·
1570 6423 1724 6492 praedictas
1744 6422 1877 6475 definiret.

627 6534 702 6582 reno,
722 6517 830 6569 Ordinis
850 6516 1053 6570 Heremitarum
1075 6531 1108 6566 ex
1127 6516 1223 6580 altera,
1237 6513 1370 6568 habentes
1390 6515 1424 6566 ad
1441 6531 1513 6566 com·
