5492 7750
789 657 1020 708 SPEOTANTIA
1046 658 1098 707 AD
1127 658 1382 709 PROFESSORES
1410 658 1515 709 JURIS
1544 659 1677 708 clvluls
2088 639 2136 710 57

324 814 395 900 ipsa
419 815 555 880 ecclesia
578 814 813 898 celebrabatur,
838 821 951 900 sponte
975 820 1007 878 et
1028 813 1130 877 libere
1154 814 1359 878 subiecerunt
1383 836 1417 879 se
1442 821 1527 879 stare
1557 816 1705 880 omnibus
1728 814 1906 896 mandatis,
1930 813 2143 879 moderationi

323 929 356 986 et
386 923 598 987 iurisdictioni
631 929 662 987 et
686 922 887 1008 dispositioni
911 921 989 986 dicti
1012 921 1133 985 domini
1155 920 1307 1007 Episcopi
1332 922 1544 1007 spiritualiter
1566 928 1598 986 et
1629 923 1866 1009 temporaliter,
1892 928 1925 985 et
1946 921 2054 986 omnia
2078 923 2143 987 alia

323 1030 470 1095 fecerunt
493 1037 525 1094 et
547 1029 763 1116 promiserunt
787 1051 825 1093 ac
849 1029 1051 1111 iuraverunt,
1077 1049 1138 1114 que
1170 1029 1204 1092 iu
1234 1029 1445 1093 instrumento
1477 1030 1681 1094 continentur
1703 1028 1777 1094 inde
1801 1028 1887 1093 iacto
1918 1028 2014 1094 hodie
2044 1051 2143 1096 mauu

322 1138 457 1222 Ugolini
481 1136 656 1202 Gualcheri
680 1137 814 1220 notarii,
839 1137 873 1200 in
895 1136 1017 1222 palatio
1041 1134 1119 1199 dicti
1143 1134 1264 1200 domini
1287 1135 1455 1224 Episcopi,
1478 1137 1682 1223 presentibus
1706 1136 1842 1201 dominis
1865 1136 2021 1222 Foligno,
2047 1136 2142 1204 Jaco-

322 1246 409 1328 bino,
433 1245 537 1310 Paulo
561 1244 601 1308 de
626 1244 776 1328 Galutiis,
801 1244 1007 1308 Zanrbertino
1032 1242 1186 1308 canonico
1209 1244 1416 1327 bononiensi,
1441 1244 1596 1329 magistro
1620 1243 1801 1309 Deolaoora
1825 1243 1864 1308 de
1888 1244 2038 1329 Mantua,
2062 1247 2142 1313 Ber·

323 1352 410 1418 toldo
432 1353 586 1418 canonico
610 1351 800 1434 Vulterano,
818 1350 964 1416 Gerardo
988 1351 1257 1436 archipresbitero
1281 1351 1320 1414 de
1345 1350 1466 1438 Campo
1489 1350 1680 1436 Paganello,
1698 1351 1803 1436 priore
1828 1353 1931 1416 sancti
1946 1352 2142 1440 Apolenaris

322 1461 483 1526 florentini
510 1461 703 1547 presbitero,
727 1459 877 1525 Rolando
901 1459 940 1524 dc
965 1457 1136 1542 Serenieo,
1161 1465 1194 1523 et
1215 1459 1392 1523 Laurentio
1422 1459 1594 1523 Bonacatti
1624 1459 1764 1542 notario,
1789 1459 1925 1525 testibus
1948 1469 1984 1525 ut
2006 1463 2142 1548 predicti

323 1569 475 1634 dixerunt
499 1575 531 1632 et
554 1568 650 1632 scribi
674 1567 830 1632 fecerunt.

410 1675 535 1740 Eodem
559 1675 610 1738 die
634 1674 740 1738 sabati
763 1675 822 1759 xiij
847 1680 987 1738 exeunte
1019 1674 1112 1758 julio.

323 1792 376 1862 <vj
390 1783 548 1848 Dominus
571 1782 732 1867 Rogerius
756 1780 1012 1846 Archidiacouus
1035 1781 1241 1846 bononiensis
1265 1802 1396 1845 exona
1420 1788 1522 1867 parte,

322 1896 376 1967 αἵ
386 1889 533 1954 dominus
556 1889 771 1954 Francischus
796 1889 960 1975 quondam
983 1888 1104 1953 domini
1124 1889 1297 1972 Accurxij,
1367 1889 1475 1972 legum
1499 1888 1656 1970 doctores,
1673 1910 1715 1952 ex
1739 1889 1803 1952 alia
1826 1897 1929 1974 parte,
1945 1889 1979 1954 in
2003 1891 2141 1956 solidum

322 2004 375 2076 (Π
388 1998 536 2063 dominus
559 1997 749 2062 Albertinus
773 1997 812 2061 de
837 1996 1000 2082 Oararijs,
1366 1997 1582 2082 promiserunt
1611 2003 1644 2061 et
1670 1998 1957 2083 compromiserunt
1980 1999 2013 2062 in
2039 2000 2140 2064 domi·

322 2113 376 2184 (12⁴
388 2106 536 2171 dominus
559 2105 696 2169 Rufinus
719 2105 759 2170 de
782 2105 1007 2191 Principibus,
1367 2127 1444 2169 num
1482 2105 1697 2170 Octavianum
1734 2105 1966 2170 bononiensem
2007 2107 2141 2194 Episco-

321 2219 375 2291 (ἵ
388 2214 536 2279 dominus
557 2213 817 2295 Baxacomatre,
1365 2235 1453 2299 pum,
1470 2220 1636 2298 tamquam
1659 2213 1691 2275 in
1716 2212 1942 2278 arbitratorem
1965 2221 1998 2278 et
2021 2217 2140 2281 amica·

323 2327 377 2399 εἴ
389 2321 536 2385 dominus
559 2319 734 2384 Eedericus
758 2319 798 2382 de
824 2319 938 2402 Scala,
1365 2320 1464 2384 bilem
1487 2320 1743 2405 compositorem,
1766 2320 2001 2386 moderatorem
2024 2330 2056 2387 et
2083 2324 2141 2389 bc·

322 2437 375 2508 (ἵ
388 2429 536 2494 dominus
559 2428 788 2492 lambertinus
812 2427 1011 2514 Ramponus,
1367 2449 1444 2491 num
1459 2427 1573 2510 virum,
1587 2448 1684 2512 super
1700 2426 1859 2492 discordia
1876 2449 1937 2514 que
1955 2431 2142 2496 vertebatur

321 2540 494 2621 intereos,
519 2536 641 2600 scilicet
665 2535 750 2620 quod
773 2534 909 2620 predicti
933 2534 1079 2598 doctores
1104 2534 1214 2598 dicunt
1237 2555 1271 2598 se
1293 2535 1347 2619 jus
1370 2534 1490 2598 habere
1515 2533 1546 2596 in
1570 2533 1863 2598 examinationibus
1887 2535 2043 2601 faciendis
2067 2561 2141 2624 pro·

321 2645 552 2712 movendorum
574 2643 616 2707 ad
630 2643 785 2707 honorem
809 2641 988 2727 magisterii
1010 2642 1043 2705 in
1067 2641 1147 2706 Jure
1172 2641 1277 2723 Civili,
1294 2648 1360 2705 tam
1384 2643 1417 2705 in
1440 2641 1602 2705 scrutiniis
1626 2648 1659 2704 et
1682 2642 1985 2727 presentationibus,
2011 2666 2048 2710 ae
2071 2647 2140 2710 exi·

322 2753 529 2840 gnationibus
553 2756 736 2837 puntorum,
762 2769 857 2833 quarn
881 2749 914 2812 in
938 2750 1029 2833 aliis,
1054 2770 1116 2835 que
1139 2749 1173 2812 in
1196 2749 1489 2813 examinationibus
1512 2755 1545 2813 et
1568 2749 1821 2834 promotionibus
1845 2751 2052 2835 requiruntur
2075 2761 2142 2817 tam

322 2861 361 2926 de
384 2861 465 2942 iura,
486 2879 584 2944 quam
612 2856 652 2921 de
676 2856 905 2921 consuetudine
936 2855 1058 2921 dudum
1081 2857 1230 2939 obtenta,
1254 2857 1315 2921 hec
1339 2856 1379 2920 ad
1403 2878 1437 2920 se
1460 2862 1607 2942 spectare
1637 2855 1797 2938 dieentes3
1822 2878 1884 2942 que
1908 2858 2016 2922 omnia
2038 2859 2142 2926 dictus

321 2969 469 3034 dominus
501 2965 661 3051 Rogerius
692 2965 850 3050 adnegat,
877 2964 986 3028 dicens
1013 2965 1055 3027 ad
1079 2986 1112 3028 se
1144 2965 1249 3028 solum
1280 2971 1312 3029 et
1336 2963 1377 3028 ad
1407 2964 1546 3028 officium
1574 2971 1606 3028 et
1635 2964 1826 3049 dignitatem
1850 2965 2141 3034 Archidiaconatus

321 3083 485 3162 spectare,
509 3080 541 3138 et
565 3073 630 3136 alia
661 3071 775 3136 secisse
807 3093 869 3157 que
900 3073 1105 3136 continentur
1136 3072 1169 3136 in
1200 3073 1412 3136 instrumento
1444 3071 1521 3135 dicti
1552 3071 1772 3157 compromisi,
1798 3074 1916 3158 scripto
1940 3095 2037 3139 manu
2062 3077 2140 3142 dicti

321 3183 455 3270 Ugolini
478 3180 681 3262 Gualcherii,
706 3179 800 3243 hodie
824 3179 910 3243 sacto
934 3180 968 3243 in
992 3179 1076 3244 dicto
1100 3180 1181 3263 loco,
1206 3187 1239 3244 et
1261 3180 1464 3265 presentibus
1488 3179 1581 3244 dictis
1605 3180 1740 3244 testibus
1764 3187 1799 3244 ut
1821 3181 1958 3266 predicti
1990 3183 2142 3249 dixerunt

321 3299 354 3356 et
378 3290 475 3356 scribi
499 3289 655 3354 fecerunt.

1156 3573 1298 3638 XXXV.

1055 3790 1152 3873 1270,
1177 3790 1198 3852 3
1220 3788 1403 3874 septembris.

432 4007 485 4070 Ex
508 4005 651 4070 Archino
675 4004 764 4069 Max.
787 4005 906 4068 bonon.
929 4003 1064 4068 Memor.
1087 4002 1179 4067 Petri
1202 4002 1412 4068 Boninoontri
1437 4002 1610 4086 Cazalune,
1635 4025 1686 4068 an.
1715 4007 1810 4089 1270,
1835 4027 1855 4070 a
1878 4028 1905 4072 c.
1931 4009 1970 4072 91
1999 4030 2028 4072 v.

319 4261 407 4326 Nota
430 4259 470 4322 de
486 4258 519 4321 la
535 4253 619 4394 ve,
747 4255 919 4321 hlillesimo
950 4255 1169 4320 ducentesimo
1201 4255 1457 4341 septuagesimo,
1490 4254 1649 4320 indicione
1682 4255 1926 4341 terciadecima,
1960 4259 2011 4322 die
2038 4260 2138 4324 tercio

321 4367 483 4432 scontaria
517 4365 590 4429 dar·
651 4364 791 4429 intrante
814 4364 977 4429 setembri.
1002 4363 1083 4428 Cum
1106 4362 1300 4428 venerabilis
1319 4370 1413 4449 pater
1429 4363 1576 4428 dominus
1591 4363 1783 4450 Phylippus,
1800 4365 2010 4431 miseracione
2026 4367 2138 4432 divina

320 4482 429 4562 genta.
651 4480 761 4539 sancte
783 4472 929 4538 Ecclesia
952 4471 1138 4535 ravennatis
1162 4470 1443 4557 Archiepiscopus,
1468 4471 1509 4536 sit
1533 4492 1687 4558 corporea
1709 4473 1894 4538 infirmitate
1918 4482 2083 4559 gravatus,
2106 4485 2138 4541 et

652 4604 711 4669 pro
735 4581 784 4644 sui
808 4580 911 4644 salute
935 4579 1081 4643 intendat
1103 4601 1178 4643 eum
1201 4578 1287 4664 quod
1308 4585 1455 4664 oporteat
1479 4580 1521 4644 ad
1543 4587 1652 4666 partes
1676 4580 1811 4663 Tuscia,
1835 4581 1868 4644 in
1893 4583 2009 4667 quihus
2034 4591 2139 4649 ortum

320 4692 503 4778 assumpsit,
519 4690 733 4777 personaliter
748 4709 782 4752 se
800 4687 956 4770 conferre,
974 4707 1011 4752 eo
1036 4687 1112 4772 quia
1135 4699 1247 4750 earum
1261 4687 1406 4772 parcium
1425 4708 1533 4751 aerem
1553 4694 1585 4751 et
1608 4688 1705 4752 situm
1729 4689 1799 4772 ejus
1823 4689 1971 4775 egritudo
1992 4692 2138 4777 requirit,

318 4799 352 4862 in
376 4798 460 4863 hunc
485 4797 616 4862 modum
647 4795 772 4861 curavit
795 4795 899 4878 felici,
924 4815 1036 4858 securo
1060 4800 1092 4858 et
1116 4794 1289 4880 tranquillo
1314 4794 1412 4858 statui
1435 4795 1605 4880 providere
1629 4795 1924 4882 archiepiscopatus
1948 4805 1981 4861 et
2004 4799 2139 4863 ecclesie

323 4906 519 4988 ravennatis,
543 4905 683 4968 maxime
706 4923 803 4988 super
827 4923 918 4985 cura,
943 4901 1141 4988 protectione
1165 4907 1197 4965 et
1220 4901 1467 4966 conservacione
1491 4901 1647 4987 Argenta,
1666 4901 1791 4966 Oavalii
1815 4909 1847 4967 et
1871 4904 2014 4968 omnium
2036 4912 2138 4970 terra-

321 5035 393 5077 rum
415 5020 448 5077 et
470 5013 614 5077 locorum
638 5010 874 5097 spectancium,
899 5009 1137 5074 subiacencium
1161 5016 1193 5073 et
1215 5009 1449 5095 pertinencium
1473 5009 1697 5095 quoquomodo
1721 5010 1957 5075 vicecomitarie
1980 5013 2137 5098 Argenta,

321 5129 353 5185 et
377 5140 474 5208 snper
496 5119 628 5185 tolenda
650 5119 736 5183 omni
760 5119 896 5182 materia
920 5117 1087 5199 discordie,
1112 5116 1267 5199 scandali,
1288 5117 1514 5182 diescensionis
1539 5124 1571 5182 et
1593 5117 1658 5181 litis
1682 5119 1747 5181 iam
1770 5125 1851 5200 orta,
1868 5120 1921 5183 vel
1945 5141 2006 5204 que
2029 5127 2139 5206 posset

320 5229 399 5293 oriri
421 5229 504 5292 inter
527 5228 631 5313 ipsam
653 5224 833 5290 Ecclesiam
863 5231 1074 5289 ravennatem
1097 5231 1129 5289 et
1153 5226 1313 5289 subiectos
1336 5225 1573 5289 vicecomitarie
1597 5225 1760 5311 Argenta,
1786 5227 1840 5312 qui
1873 5227 1978 5292 eidem
2008 5227 2137 5294 domino

320 5343 485 5422 tamquam
508 5334 645 5399 rebelles
669 5333 832 5419 denegant
855 5332 1059 5418 respondere,
1085 5354 1158 5396 eum
1182 5333 1360 5397 sencientes
1384 5332 1556 5416 infirmum,
1573 5333 1613 5396 ob
1638 5332 1723 5418 quod
1747 5340 1899 5418 parcatur
1922 5335 2024 5398 eciam
2047 5337 2135 5400 omni

320 5443 497 5508 discrimini
526 5463 737 5529 personarum
760 5447 792 5505 et
815 5461 939 5522 rerum,
964 5439 1051 5525 quod
1081 5439 1226 5504 accidere
1249 5446 1358 5525 posset
1390 5439 1517 5503 obinde.
1541 5439 1627 5504 Nam
1658 5461 1731 5504 eum
1762 5441 1811 5504 vir
1843 5441 1958 5505 nobilis
1990 5441 2137 5506 dominus

320 5549 432 5636 Opizo,
456 5549 602 5614 Estensis
625 5548 779 5631 marchio,
801 5548 842 5612 sit
865 5547 1036 5634 precipuus
1056 5547 1205 5633 princeps
1228 5546 1313 5610 filius
1337 5552 1370 5611 et
1393 5546 1542 5611 defensor
1565 5547 1700 5611 devotus
1724 5547 1757 5610 in
1782 5548 1929 5612 omnibus
1952 5556 2062 5613 sancte
2086 5571 2137 5614 ro-

320 5677 414 5720 mane
436 5655 581 5721 Ecclesia
605 5663 637 5720 et
660 5657 731 5740 ejus
755 5655 972 5720 subiectorum
994 5654 1148 5738 ubilibet,
1174 5653 1336 5740 adquam
1359 5654 1653 5740 archiepiscopatus
1676 5661 1709 5718 et
1732 5655 1868 5720 ecclesia
1894 5676 2053 5720 ravennas
2078 5657 2137 5720 im·

320 5763 459 5828 mediate
484 5769 631 5850 spectant
654 5770 686 5827 et
709 5763 880 5848 pertinent,
898 5763 953 5847 qui
976 5762 1121 5846 ejusdem
1144 5761 1438 5849 archiepiscopatus
1462 5767 1494 5825 et
1517 5762 1652 5826 ecclesie
1674 5761 1887 5844 Ravennatis,
1902 5763 2024 5846 jurium
2041 5764 2138 5849 juris·

320 5871 506 5954 dictionum,
522 5871 707 5936 locorumve
724 5891 835 5934 curam
851 5875 883 5933 et
897 5869 1126 5955 protecionem,
1147 5868 1318 5950 salubrius,
1338 5871 1504 5955 potencius
1529 5869 1649 5934 habere
1673 5868 1761 5933 valet
1783 5877 1815 5933 et
1839 5869 1952 5956 apcius
1976 5891 2137 5954 exercere,

319 5979 353 6041 in
376 5978 497 6042 honore
520 5977 583 6042 Dei
609 5984 641 6041 et
664 5977 808 6041 Ecclesia
832 5997 964 6040 romane
988 5997 1046 6062 pro
1071 5976 1155 6041 bono
1178 5983 1217 6040 et
1234 5978 1367 6063 pacifico
1391 5984 1478 6041 statu
1502 5976 1579 6040 dicti
1603 5976 1901 6062 archiepiscopatus
1925 5998 2049 6060 curam,
2066 6000 2139 6064 pro-

318 6085 477 6149 tecionem
505 6091 537 6149 et
560 6084 877 6149 administracioncm
900 6085 1060 6168 Argente,
1085 6083 1211 6148 Cavalii
1235 6091 1267 6149 et
1291 6085 1433 6149 omnium
1456 6091 1617 6148 terrarum
1640 6089 1672 6147 et
1695 6084 1840 6148 locorum
1864 6085 2083 6170 spectancium
2106 6092 2139 6149 et

318 6192 558 6256 subiacencium
581 6192 818 6256 vicecomitarie
844 6191 1000 6278 Argente,
1025 6190 1129 6255 eidem
1153 6191 1282 6256 domino
1306 6192 1484 6256 marchioni
1507 6190 1567 6254 sub
1591 6191 1652 6255 hae
1675 6192 1779 6255 forma
1803 6190 1971 6272 commisit,
1988 6191 2139 6256 videlicet

320 6298 406 6384 quod
429 6298 514 6362 idern
541 6298 689 6363 domiuus
712 6297 986 6385 Archiepisoopus
1019 6304 1132 6385 sponte
1157 6306 1189 6362 et
1212 6320 1254 6362 ex
1277 6305 1366 6362 certa
1389 6299 1524 6363 scientia
1546 6320 1606 6385 per
1628 6321 1662 6363 se
1686 6305 1718 6362 et
1742 6319 1816 6362 suos
1841 6317 2041 6361 successores
2065 6319 2140 6363 con-

320 6405 426 6488 cessit,
442 6405 562 6471 locavit
585 6412 618 6470 et
641 6405 729 6470 dedit
752 6405 918 6489 Brunello,
936 6404 1061 6470 notario
1086 6405 1125 6469 de
1149 6405 1311 6489 Ferraria,
1327 6405 1496 6493 recipienti
1518 6407 1589 6471 viee
1612 6413 1644 6470 et
1667 6405 1796 6471 nomine
1821 6405 1898 6470 dicti
1920 6404 2042 6470 domini
2061 6404 2139 6492 Opi·

321 6512 410 6578 zonis
434 6512 640 6596 marchionis,
658 6533 769 6578 omnes
790 6519 823 6576 et
847 6511 989 6598 integros
1014 6512 1137 6577 fructus
1161 6513 1375 6577 obveneiones
1399 6520 1431 6578 et
1454 6513 1597 6578 redditus
1613 6514 1759 6600 Argente
1783 6520 1815 6576 et
1839 6513 1909 6597 ejus
1931 6512 2139 6598 pertinencie,

401 6650 469 6688 rou.
490 6649 522 6688 11.
2043 6639 2059 6688 8
