<?xml version="1.0" encoding="UTF-8"?>
<!DOCTYPE html PUBLIC "-//W3C//DTD XHTML 1.0 Transitional//EN"
    "http://www.w3.org/TR/xhtml1/DTD/xhtml1-transitional.dtd">
<html xmlns="http://www.w3.org/1999/xhtml" xml:lang="en" lang="en">
 <head>
  <title>
</title>
<meta http-equiv="Content-Type" content="text/html;charset=utf-8" />
  <meta name='ocr-system' content='tesseract 3.04.00' />
  <meta name='ocr-capabilities' content='ocr_page ocr_carea ocr_par ocr_line ocrx_word'/>
</head>
<body>
  <div class='ocr_page' id='page_1' title='image "./declarisarchigy01albigoog_0283.png"; bbox 0 0 5484 7746; ppageno 0'>
   <div class='ocr_carea' id='block_1_1' title="bbox 651 624 2133 696">
    <p class='ocr_par' dir='ltr' id='par_1_1' title="bbox 651 624 2133 696">
     <span class='ocr_line' id='line_1_1' title="bbox 651 624 2133 696; baseline 0.003 -4"><span class='ocrx_word' id='word_1_1' title='bbox 651 644 882 696; x_wconf 59' lang='lat' dir='ltr'><strong>susurrantis</strong></span> <span class='ocrx_word' id='word_1_2' title='bbox 901 645 953 694; x_wconf 76' lang='lat' dir='ltr'><strong>An</strong></span> <span class='ocrx_word' id='word_1_3' title='bbox 973 645 1138 694; x_wconf 79' lang='lat' dir='ltr'><strong>CLASSEM</strong></span> <span class='ocrx_word' id='word_1_4' title='bbox 1158 644 1523 696; x_wconf 80' lang='lat' dir='ltr'><strong>ARCHIDIACONORUM</strong></span> <span class='ocrx_word' id='word_1_5' title='bbox 1543 645 1645 695; x_wconf 83' lang='lat' dir='ltr'><strong>ECCL.</strong></span> <span class='ocrx_word' id='word_1_6' title='bbox 1666 645 1802 694; x_wconf 84' lang='lat' dir='ltr'>BONON.</span> <span class='ocrx_word' id='word_1_7' title='bbox 2058 624 2133 696; x_wconf 68' lang='lat'><strong>‘273</strong></span> 
     </span>
    </p>
   </div>
   <div class='ocr_carea' id='block_1_2' title="bbox 315 798 2136 1744">
    <p class='ocr_par' dir='ltr' id='par_1_2' title="bbox 319 798 2136 1398">
     <span class='ocr_line' id='line_1_2' title="bbox 408 798 2136 887; baseline 0.002 -26"><span class='ocrx_word' id='word_1_8' title='bbox 408 798 527 861; x_wconf 89' lang='lat' dir='ltr'><strong>Actum</strong></span> <span class='ocrx_word' id='word_1_9' title='bbox 549 799 586 882; x_wconf 88' lang='lat' dir='ltr'><strong>jn</strong></span> <span class='ocrx_word' id='word_1_10' title='bbox 610 806 680 864; x_wconf 88' lang='lat' dir='ltr'><strong>orto</strong></span> <span class='ocrx_word' id='word_1_11' title='bbox 704 799 772 863; x_wconf 89' lang='lat' dir='ltr'><strong>sive</strong></span> <span class='ocrx_word' id='word_1_12' title='bbox 795 799 909 884; x_wconf 85' lang='lat' dir='ltr'><strong>broylo</strong></span> <span class='ocrx_word' id='word_1_13' title='bbox 933 799 1019 886; x_wconf 81' lang='lat' dir='ltr'><strong>opud</strong></span> <span class='ocrx_word' id='word_1_14' title='bbox 1042 800 1201 886; x_wconf 87' lang='lat' dir='ltr'><strong>hospitale</strong></span> <span class='ocrx_word' id='word_1_15' title='bbox 1226 800 1474 883; x_wconf 73' lang='lat' dir='ltr'>cruciferorum,</span> <span class='ocrx_word' id='word_1_16' title='bbox 1499 801 1700 887; x_wconf 77' lang='lat' dir='ltr'>presentibus</span> <span class='ocrx_word' id='word_1_17' title='bbox 1725 800 1854 864; x_wconf 92' lang='lat' dir='ltr'><strong>domino</strong></span> <span class='ocrx_word' id='word_1_18' title='bbox 1877 800 2027 864; x_wconf 79' lang='lat' dir='ltr'><strong>iohanne</strong></span> <span class='ocrx_word' id='word_1_19' title='bbox 2051 801 2136 865; x_wconf 89' lang='lat' dir='ltr'><strong>Pici·</strong></span> 
     </span>
     <span class='ocr_line' id='line_1_3' title="bbox 320 904 2135 993; baseline 0.003 -28"><span class='ocrx_word' id='word_1_20' title='bbox 320 904 447 988; x_wconf 87' lang='lat' dir='ltr'><strong>nsgolo,</strong></span> <span class='ocrx_word' id='word_1_21' title='bbox 464 905 619 989; x_wconf 82' lang='lat' dir='ltr'><strong>magistro</strong></span> <span class='ocrx_word' id='word_1_22' title='bbox 642 906 760 992; x_wconf 83' lang='lat' dir='ltr'><strong>Egidio</strong></span> <span class='ocrx_word' id='word_1_23' title='bbox 775 906 921 992; x_wconf 87' lang='lat' dir='ltr'><strong>Yspano,</strong></span> <span class='ocrx_word' id='word_1_24' title='bbox 938 907 1091 972; x_wconf 78' lang='lat' dir='ltr'><strong>familiari</strong></span> <span class='ocrx_word' id='word_1_25' title='bbox 1107 906 1228 970; x_wconf 91' lang='lat' dir='ltr'><strong>domini</strong></span> <span class='ocrx_word' id='word_1_26' title='bbox 1240 907 1401 972; x_wconf 85' lang='lat' dir='ltr'><strong>Bonifacii</strong></span> <span class='ocrx_word' id='word_1_27' title='bbox 1417 909 1563 972; x_wconf 83' lang='lat' dir='ltr'><strong>canonici</strong></span> <span class='ocrx_word' id='word_1_28' title='bbox 1579 908 1785 972; x_wconf 89' lang='lat' dir='ltr'><strong>bononiensis</strong></span> <span class='ocrx_word' id='word_1_29' title='bbox 1801 908 1988 993; x_wconf 83' lang='lat' dir='ltr'><strong>supradictj,</strong></span> <span class='ocrx_word' id='word_1_30' title='bbox 2006 908 2135 972; x_wconf 91' lang='lat' dir='ltr'><strong>domiuo</strong></span> 
     </span>
     <span class='ocr_line' id='line_1_4' title="bbox 319 1011 2135 1100; baseline 0.003 -27"><span class='ocrx_word' id='word_1_31' title='bbox 319 1011 497 1096; x_wconf 76' lang='lat' dir='ltr'><strong>presbitero</strong></span> <span class='ocrx_word' id='word_1_32' title='bbox 520 1012 707 1095; x_wconf 87' lang='lat' dir='ltr'><strong>Frumento,</strong></span> <span class='ocrx_word' id='word_1_33' title='bbox 733 1013 861 1078; x_wconf 89' lang='lat' dir='ltr'><strong>domiuo</strong></span> <span class='ocrx_word' id='word_1_34' title='bbox 885 1015 1063 1100; x_wconf 79' lang='lat' dir='ltr'><strong>presbitero</strong></span> <span class='ocrx_word' id='word_1_35' title='bbox 1088 1014 1223 1096; x_wconf 82' lang='lat' dir='ltr'><strong>Jacob0,</strong></span> <span class='ocrx_word' id='word_1_36' title='bbox 1248 1015 1376 1079; x_wconf 91' lang='lat' dir='ltr'><strong>domino</strong></span> <span class='ocrx_word' id='word_1_37' title='bbox 1400 1015 1588 1098; x_wconf 87' lang='lat' dir='ltr'><strong>Rarnberto,</strong></span> <span class='ocrx_word' id='word_1_38' title='bbox 1606 1014 1841 1096; x_wconf 79' lang='lat' dir='ltr'><strong>mansionariis,</strong></span> <span class='ocrx_word' id='word_1_39' title='bbox 1859 1022 1891 1078; x_wconf 88' lang='lat' dir='ltr'><strong>ct</strong></span> <span class='ocrx_word' id='word_1_40' title='bbox 1914 1014 2043 1079; x_wconf 90' lang='lat' dir='ltr'><strong>domino</strong></span> <span class='ocrx_word' id='word_1_41' title='bbox 2066 1015 2135 1079; x_wconf 87' lang='grc' dir='ltr'>Αιι-</span> 
     </span>
     <span class='ocr_line' id='line_1_5' title="bbox 319 1118 2136 1208; baseline 0.004 -28"><span class='ocrx_word' id='word_1_42' title='bbox 319 1118 464 1200; x_wconf 89' lang='lat' dir='ltr'><strong>selmino,</strong></span> <span class='ocrx_word' id='word_1_43' title='bbox 490 1119 605 1184; x_wconf 90' lang='lat' dir='ltr'><strong>clerico</strong></span> <span class='ocrx_word' id='word_1_44' title='bbox 630 1127 662 1184; x_wconf 92' lang='lat' dir='ltr'><strong>et</strong></span> <span class='ocrx_word' id='word_1_45' title='bbox 686 1120 839 1205; x_wconf 84' lang='lat' dir='ltr'><strong>familiurj</strong></span> <span class='ocrx_word' id='word_1_46' title='bbox 864 1121 985 1205; x_wconf 88' lang='lat' dir='ltr'><strong>dominj</strong></span> <span class='ocrx_word' id='word_1_47' title='bbox 1009 1121 1156 1206; x_wconf 84' lang='lat' dir='ltr'><strong>aregistrj</strong></span> <span class='ocrx_word' id='word_1_48' title='bbox 1179 1121 1340 1205; x_wconf 88' lang='lat' dir='ltr'><strong>Bernardj</strong></span> <span class='ocrx_word' id='word_1_49' title='bbox 1364 1123 1553 1208; x_wconf 83' lang='lat' dir='ltr'><strong>parmensis,</strong></span> <span class='ocrx_word' id='word_1_50' title='bbox 1571 1122 1706 1186; x_wconf 89' lang='lat' dir='ltr'><strong>testibus</strong></span> <span class='ocrx_word' id='word_1_51' title='bbox 1727 1123 1850 1186; x_wconf 77' lang='lat' dir='ltr'><strong>uocatis</strong></span> <span class='ocrx_word' id='word_1_52' title='bbox 1874 1129 1906 1186; x_wconf 92' lang='lat' dir='ltr'><strong>et</strong></span> <span class='ocrx_word' id='word_1_53' title='bbox 1926 1124 2058 1208; x_wconf 77' lang='lat' dir='ltr'><strong>rogatis,</strong></span> <span class='ocrx_word' id='word_1_54' title='bbox 2076 1124 2136 1187; x_wconf 88' lang='lat' dir='ltr'><strong>sub</strong></span> 
     </span>
     <span class='ocr_line' id='line_1_6' title="bbox 319 1226 2135 1315; baseline 0.004 -28"><span class='ocrx_word' id='word_1_55' title='bbox 319 1246 403 1289; x_wconf 76' lang='lat' dir='ltr'><strong>utino</strong></span> <span class='ocrx_word' id='word_1_56' title='bbox 427 1226 559 1290; x_wconf 88' lang='lat' dir='ltr'><strong>Domini</strong></span> <span class='ocrx_word' id='word_1_57' title='bbox 583 1228 752 1292; x_wconf 89' lang='lat' dir='ltr'><strong>millesimo</strong></span> <span class='ocrx_word' id='word_1_58' title='bbox 777 1228 996 1293; x_wconf 88' lang='lat' dir='ltr'><strong>ducentesimo</strong></span> <span class='ocrx_word' id='word_1_59' title='bbox 1020 1229 1234 1313; x_wconf 81' lang='lat' dir='ltr'><strong>sexagesimo,</strong></span> <span class='ocrx_word' id='word_1_60' title='bbox 1258 1229 1431 1293; x_wconf 86' lang='lat' dir='ltr'><strong>indictione</strong></span> <span class='ocrx_word' id='word_1_61' title='bbox 1455 1231 1565 1313; x_wconf 85' lang='lat' dir='ltr'><strong>tercio,</strong></span> <span class='ocrx_word' id='word_1_62' title='bbox 1591 1230 1642 1293; x_wconf 90' lang='lat' dir='ltr'><strong>die</strong></span> <span class='ocrx_word' id='word_1_63' title='bbox 1666 1229 1825 1294; x_wconf 91' lang='lat' dir='ltr'><strong>dominico</strong></span> <span class='ocrx_word' id='word_1_64' title='bbox 1853 1229 1964 1315; x_wconf 85' lang='lat' dir='ltr'><strong>quinto</strong></span> <span class='ocrx_word' id='word_1_65' title='bbox 1997 1238 2135 1295; x_wconf 88' lang='lat' dir='ltr'><strong>exeunte</strong></span> 
     </span>
     <span class='ocr_line' id='line_1_7' title="bbox 319 1333 488 1398; baseline 0.024 -4"><span class='ocrx_word' id='word_1_66' title='bbox 319 1333 488 1398; x_wconf 88' lang='lat' dir='ltr'><strong>setembre.</strong></span> 
     </span>
    </p>

    <p class='ocr_par' dir='ltr' id='par_1_3' title="bbox 315 1439 2136 1744">
     <span class='ocr_line' id='line_1_8' title="bbox 408 1439 2136 1530; baseline 0.002 -26"><span class='ocrx_word' id='word_1_67' title='bbox 408 1439 494 1522; x_wconf 83' lang='lat' dir='ltr'>(L.†</span> <span class='ocrx_word' id='word_1_68' title='bbox 511 1440 558 1522; x_wconf 80' lang='lat' dir='ltr'><strong>S.)</strong></span> <span class='ocrx_word' id='word_1_69' title='bbox 583 1441 626 1505; x_wconf 87' lang='lat' dir='ltr'><strong>Et</strong></span> <span class='ocrx_word' id='word_1_70' title='bbox 649 1463 710 1526; x_wconf 84' lang='lat' dir='ltr'><strong>ego</strong></span> <span class='ocrx_word' id='word_1_71' title='bbox 733 1441 897 1506; x_wconf 92' lang='lat' dir='ltr'><strong>Bolnisius</strong></span> <span class='ocrx_word' id='word_1_72' title='bbox 929 1443 1091 1528; x_wconf 87' lang='lat' dir='ltr'><strong>quondam</strong></span> <span class='ocrx_word' id='word_1_73' title='bbox 1115 1442 1268 1525; x_wconf 84' lang='lat' dir='ltr'><strong>Accursi,</strong></span> <span class='ocrx_word' id='word_1_74' title='bbox 1294 1444 1486 1508; x_wconf 86' lang='lat' dir='ltr'><strong>auctoritate</strong></span> <span class='ocrx_word' id='word_1_75' title='bbox 1518 1443 1678 1530; x_wconf 87' lang='lat' dir='ltr'><strong>imperislj</strong></span> <span class='ocrx_word' id='word_1_76' title='bbox 1709 1444 1872 1525; x_wconf 85' lang='lat' dir='ltr'><strong>notarius,</strong></span> <span class='ocrx_word' id='word_1_77' title='bbox 1896 1444 1957 1508; x_wconf 93' lang='lat' dir='ltr'><strong>hiis</strong></span> <span class='ocrx_word' id='word_1_78' title='bbox 1989 1444 2136 1508; x_wconf 90' lang='lat' dir='ltr'><strong>omnibus</strong></span> 
     </span>
     <span class='ocr_line' id='line_1_9' title="bbox 318 1546 2135 1637; baseline 0.003 -29"><span class='ocrx_word' id='word_1_79' title='bbox 318 1546 539 1631; x_wconf 83' lang='lat' dir='ltr'><strong>divisionibus,</strong></span> <span class='ocrx_word' id='word_1_80' title='bbox 566 1549 806 1630; x_wconf 81' lang='lat' dir='ltr'><strong>ordinamentis,</strong></span> <span class='ocrx_word' id='word_1_81' title='bbox 831 1550 960 1613; x_wconf 85' lang='lat' dir='ltr'><strong>statutis</strong></span> <span class='ocrx_word' id='word_1_82' title='bbox 984 1571 1042 1635; x_wconf 91' lang='lat' dir='ltr'><strong>per</strong></span> <span class='ocrx_word' id='word_1_83' title='bbox 1065 1551 1151 1635; x_wconf 90' lang='lat' dir='ltr'><strong>ipsos</strong></span> <span class='ocrx_word' id='word_1_84' title='bbox 1176 1550 1321 1614; x_wconf 90' lang='lat' dir='ltr'><strong>dominos</strong></span> <span class='ocrx_word' id='word_1_85' title='bbox 1345 1551 1450 1634; x_wconf 87' lang='lat' dir='ltr'><strong>factis,</strong></span> <span class='ocrx_word' id='word_1_86' title='bbox 1467 1559 1499 1615; x_wconf 91' lang='lat' dir='ltr'><strong>et</strong></span> <span class='ocrx_word' id='word_1_87' title='bbox 1523 1551 1670 1628; x_wconf 87' lang='lat' dir='ltr'><strong>omnibus</strong></span> <span class='ocrx_word' id='word_1_88' title='bbox 1695 1557 1727 1614; x_wconf 87' lang='lat' dir='ltr'><strong>et</strong></span> <span class='ocrx_word' id='word_1_89' title='bbox 1750 1551 1886 1635; x_wconf 84' lang='lat' dir='ltr'><strong>singulis</strong></span> <span class='ocrx_word' id='word_1_90' title='bbox 1909 1551 2135 1637; x_wconf 81' lang='lat' dir='ltr'><strong>suprascriptis</strong></span> 
     </span>
     <span class='ocr_line' id='line_1_10' title="bbox 315 1654 1757 1744; baseline 0.004 -28"><span class='ocrx_word' id='word_1_91' title='bbox 315 1654 461 1736; x_wconf 87' lang='lat' dir='ltr'><strong>juterfui,</strong></span> <span class='ocrx_word' id='word_1_92' title='bbox 486 1662 527 1737; x_wconf 91' lang='lat' dir='ltr'><strong>ct,</strong></span> <span class='ocrx_word' id='word_1_93' title='bbox 553 1654 612 1738; x_wconf 88' lang='lat' dir='ltr'><strong>[ut]</strong></span> <span class='ocrx_word' id='word_1_94' title='bbox 637 1678 734 1741; x_wconf 87' lang='lat' dir='ltr'><strong>supra</strong></span> <span class='ocrx_word' id='word_1_95' title='bbox 759 1656 888 1742; x_wconf 87' lang='lat' dir='ltr'><strong>legitur,</strong></span> <span class='ocrx_word' id='word_1_96' title='bbox 915 1657 1066 1720; x_wconf 80' lang='lat' dir='ltr'><strong>inundato</strong></span> <span class='ocrx_word' id='word_1_97' title='bbox 1091 1657 1247 1721; x_wconf 89' lang='lat' dir='ltr'><strong>dictorum</strong></span> <span class='ocrx_word' id='word_1_98' title='bbox 1272 1658 1473 1722; x_wconf 88' lang='lat' dir='ltr'><strong>dominorum</strong></span> <span class='ocrx_word' id='word_1_99' title='bbox 1499 1657 1673 1744; x_wconf 83' lang='lat' dir='ltr'><strong>subscripsi</strong></span> <span class='ocrx_word' id='word_1_100' title='bbox 1697 1665 1757 1722; x_wconf 89' lang='lat' dir='ltr'><strong>etc.</strong></span> 
     </span>
    </p>
   </div>
   <div class='ocr_carea' id='block_1_3' title="bbox 1050 1923 1411 2184">
    <p class='ocr_par' dir='ltr' id='par_1_4' title="bbox 1050 1923 1411 2184">
     <span class='ocr_line' id='line_1_11' title="bbox 1155 1923 1300 1988; baseline 0.014 -2"><span class='ocrx_word' id='word_1_101' title='bbox 1155 1923 1300 1988; x_wconf 87' lang='lat' dir='ltr'>XXXII.</span> 
     </span>
     <span class='ocr_line' id='line_1_12' title="bbox 1050 2101 1411 2184; baseline 0.011 -22"><span class='ocrx_word' id='word_1_102' title='bbox 1050 2101 1146 2184; x_wconf 81' lang='lat'><strong>1270,</strong></span> <span class='ocrx_word' id='word_1_103' title='bbox 1171 2102 1215 2164; x_wconf 82' lang='lat'><strong>22</strong></span> <span class='ocrx_word' id='word_1_104' title='bbox 1238 2102 1411 2166; x_wconf 87' lang='lat' dir='ltr'><strong>decembris.</strong></span> 
     </span>
    </p>
   </div>
   <div class='ocr_carea' id='block_1_4' title="bbox 842 2293 1619 2380">
    <p class='ocr_par' dir='ltr' id='par_1_5' title="bbox 842 2293 1619 2380">
     <span class='ocr_line' id='line_1_13' title="bbox 842 2293 1619 2380; baseline 0.004 -22"><span class='ocrx_word' id='word_1_105' title='bbox 842 2295 894 2358; x_wconf 81' lang='lat' dir='ltr'><strong>Ex</strong></span> <span class='ocrx_word' id='word_1_106' title='bbox 919 2295 1032 2360; x_wconf 89' lang='lat' dir='ltr'><strong>eodem</strong></span> <span class='ocrx_word' id='word_1_107' title='bbox 1061 2323 1074 2353; x_wconf 82' lang='lat'><strong>«</strong></span> <span class='ocrx_word' id='word_1_108' title='bbox 1100 2295 1196 2360; x_wconf 89' lang='lat' dir='ltr'><strong>Libro</strong></span> <span class='ocrx_word' id='word_1_109' title='bbox 1219 2298 1337 2361; x_wconf 75' lang='lat' dir='ltr'><strong>Accium</strong></span> <span class='ocrx_word' id='word_1_110' title='bbox 1363 2323 1394 2380; x_wconf 84' lang='lat'><strong>»,</strong></span> <span class='ocrx_word' id='word_1_111' title='bbox 1419 2318 1483 2361; x_wconf 85' lang='lat' dir='ltr'><strong>car.</strong></span> <span class='ocrx_word' id='word_1_112' title='bbox 1511 2301 1550 2361; x_wconf 83' lang='lat'><strong>14</strong></span> <span class='ocrx_word' id='word_1_113' title='bbox 1575 2293 1619 2361; x_wconf 87' lang='lat' dir='ltr'><strong>v.⁰</strong></span> 
     </span>
    </p>
   </div>
   <div class='ocr_carea' id='block_1_5' title="bbox 294 2508 2191 6354">
    <p class='ocr_par' dir='ltr' id='par_1_6' title="bbox 318 2508 2191 3135">
     <span class='ocr_line' id='line_1_14' title="bbox 408 2508 2136 2598; baseline 0.003 -26"><span class='ocrx_word' id='word_1_114' title='bbox 408 2508 566 2572; x_wconf 83' lang='lat' dir='ltr'><strong>Norerint</strong></span> <span class='ocrx_word' id='word_1_115' title='bbox 589 2509 730 2572; x_wconf 81' lang='lat' dir='ltr'><strong>universi</strong></span> <span class='ocrx_word' id='word_1_116' title='bbox 747 2517 930 2595; x_wconf 88' lang='lat' dir='ltr'><strong>presentem</strong></span> <span class='ocrx_word' id='word_1_117' title='bbox 945 2512 1100 2597; x_wconf 82' lang='lat' dir='ltr'><strong>peginam</strong></span> <span class='ocrx_word' id='word_1_118' title='bbox 1117 2512 1303 2598; x_wconf 88' lang='lat' dir='ltr'><strong>inspecturj,</strong></span> <span class='ocrx_word' id='word_1_119' title='bbox 1320 2512 1406 2597; x_wconf 89' lang='lat' dir='ltr'><strong>quod</strong></span> <span class='ocrx_word' id='word_1_120' title='bbox 1422 2534 1480 2577; x_wconf 90' lang='lat' dir='ltr'><strong>uos</strong></span> <span class='ocrx_word' id='word_1_121' title='bbox 1498 2513 1705 2596; x_wconf 83' lang='lat' dir='ltr'><strong>Octavianus,</strong></span> <span class='ocrx_word' id='word_1_122' title='bbox 1722 2513 1784 2576; x_wconf 90' lang='lat' dir='ltr'><strong>Dei</strong></span> <span class='ocrx_word' id='word_1_123' title='bbox 1801 2514 1906 2597; x_wconf 84' lang='lat' dir='ltr'><strong>gratis</strong></span> <span class='ocrx_word' id='word_1_124' title='bbox 1930 2514 2136 2578; x_wconf 91' lang='lat' dir='ltr'><strong>bononiensis</strong></span> 
     </span>
     <span class='ocr_line' id='line_1_15' title="bbox 318 2615 2136 2706; baseline 0.002 -28"><span class='ocrx_word' id='word_1_125' title='bbox 318 2615 518 2702; x_wconf 85' lang='lat' dir='ltr'><strong>Episcopus,</strong></span> <span class='ocrx_word' id='word_1_126' title='bbox 542 2617 611 2680; x_wconf 78' lang='lat' dir='ltr'><strong>riso</strong></span> <span class='ocrx_word' id='word_1_127' title='bbox 636 2617 806 2702; x_wconf 78' lang='lat' dir='ltr'><strong>privilegio</strong></span> <span class='ocrx_word' id='word_1_128' title='bbox 831 2639 982 2682; x_wconf 88' lang='lat' dir='ltr'><strong>concesso</strong></span> <span class='ocrx_word' id='word_1_129' title='bbox 1006 2619 1195 2684; x_wconf 90' lang='lat' dir='ltr'><strong>bononiensi</strong></span> <span class='ocrx_word' id='word_1_130' title='bbox 1219 2619 1364 2684; x_wconf 89' lang='lat' dir='ltr'><strong>Eoolesie</strong></span> <span class='ocrx_word' id='word_1_131' title='bbox 1388 2621 1552 2705; x_wconf 91' lang='lat' dir='ltr'><strong>perbone</strong></span> <span class='ocrx_word' id='word_1_132' title='bbox 1576 2621 1729 2684; x_wconf 88' lang='lat' dir='ltr'><strong>memorie</strong></span> <span class='ocrx_word' id='word_1_133' title='bbox 1752 2628 1877 2706; x_wconf 85' lang='lat' dir='ltr'><strong>petrem</strong></span> <span class='ocrx_word' id='word_1_134' title='bbox 1901 2621 2136 2684; x_wconf 84' lang='lat' dir='ltr'><strong>sanctissimum</strong></span> 
     </span>
     <span class='ocr_line' id='line_1_16' title="bbox 319 2722 2136 2814; baseline 0.003 -30"><span class='ocrx_word' id='word_1_135' title='bbox 319 2722 483 2786; x_wconf 91' lang='lat' dir='ltr'><strong>dominum</strong></span> <span class='ocrx_word' id='word_1_136' title='bbox 507 2723 689 2788; x_wconf 86' lang='lat' dir='ltr'><strong>Honoriurn</strong></span> <span class='ocrx_word' id='word_1_137' title='bbox 713 2724 849 2810; x_wconf 86' lang='lat' dir='ltr'><strong>Pupam,</strong></span> <span class='ocrx_word' id='word_1_138' title='bbox 865 2745 903 2788; x_wconf 92' lang='lat' dir='ltr'><strong>co</strong></span> <span class='ocrx_word' id='word_1_139' title='bbox 920 2725 1092 2810; x_wconf 84' lang='lat' dir='ltr'><strong>diligenter</strong></span> <span class='ocrx_word' id='word_1_140' title='bbox 1114 2727 1152 2790; x_wconf 93' lang='lat' dir='ltr'><strong>dc</strong></span> <span class='ocrx_word' id='word_1_141' title='bbox 1177 2727 1276 2790; x_wconf 80' lang='lat' dir='ltr'><strong>verbo</strong></span> <span class='ocrx_word' id='word_1_142' title='bbox 1301 2727 1499 2791; x_wconf 80' lang='lat' dir='ltr'><strong>adverbum</strong></span> <span class='ocrx_word' id='word_1_143' title='bbox 1524 2728 1617 2808; x_wconf 88' lang='lat' dir='ltr'><strong>lecto,</strong></span> <span class='ocrx_word' id='word_1_144' title='bbox 1643 2728 1890 2812; x_wconf 84' lang='lat' dir='ltr'><strong>adpetitionem</strong></span> <span class='ocrx_word' id='word_1_145' title='bbox 1916 2727 2055 2814; x_wconf 85' lang='lat' dir='ltr'><strong>Capituli</strong></span> <span class='ocrx_word' id='word_1_146' title='bbox 2080 2727 2136 2791; x_wconf 93' lang='lat' dir='ltr'><strong>bo·</strong></span> 
     </span>
     <span class='ocr_line' id='line_1_17' title="bbox 320 2829 2136 2919; baseline 0.003 -28"><span class='ocrx_word' id='word_1_147' title='bbox 320 2829 481 2892; x_wconf 91' lang='lat' dir='ltr'><strong>noniensis</strong></span> <span class='ocrx_word' id='word_1_148' title='bbox 498 2831 602 2916; x_wconf 90' lang='lat' dir='ltr'><strong>ipsum</strong></span> <span class='ocrx_word' id='word_1_149' title='bbox 619 2831 825 2917; x_wconf 80' lang='lat' dir='ltr'><strong>privilegium</strong></span> <span class='ocrx_word' id='word_1_150' title='bbox 841 2833 1040 2896; x_wconf 86' lang='lat' dir='ltr'><strong>autenticum</strong></span> <span class='ocrx_word' id='word_1_151' title='bbox 1056 2834 1209 2919; x_wconf 87' lang='lat' dir='ltr'><strong>scriptum</strong></span> <span class='ocrx_word' id='word_1_152' title='bbox 1227 2834 1331 2918; x_wconf 87' lang='lat' dir='ltr'><strong>redigi</strong></span> <span class='ocrx_word' id='word_1_153' title='bbox 1348 2833 1492 2916; x_wconf 86' lang='lat' dir='ltr'><strong>fecinurs,</strong></span> <span class='ocrx_word' id='word_1_154' title='bbox 1503 2835 1568 2896; x_wconf 87' lang='lat' dir='ltr'><strong>vim</strong></span> <span class='ocrx_word' id='word_1_155' title='bbox 1581 2835 1746 2919; x_wconf 84' lang='lat' dir='ltr'><strong>originalis</strong></span> <span class='ocrx_word' id='word_1_156' title='bbox 1763 2834 1802 2898; x_wconf 92' lang='lat' dir='ltr'><strong>de</strong></span> <span class='ocrx_word' id='word_1_157' title='bbox 1821 2842 1926 2898; x_wconf 89' lang='lat' dir='ltr'><strong>cetero</strong></span> <span class='ocrx_word' id='word_1_158' title='bbox 1940 2835 2136 2916; x_wconf 84' lang='lat' dir='ltr'><strong>habiturum,</strong></span> 
     </span>
     <span class='ocr_line' id='line_1_18' title="bbox 319 2938 2138 3024; baseline 0.004 -25"><span class='ocrx_word' id='word_1_159' title='bbox 319 2958 356 3000; x_wconf 88' lang='lat' dir='ltr'><strong>co</strong></span> <span class='ocrx_word' id='word_1_160' title='bbox 380 2938 484 3023; x_wconf 89' lang='lat' dir='ltr'><strong>primo</strong></span> <span class='ocrx_word' id='word_1_161' title='bbox 509 2959 567 3023; x_wconf 92' lang='grc' dir='ltr'>ρει·</span> <span class='ocrx_word' id='word_1_162' title='bbox 590 2960 658 3020; x_wconf 90' lang='lat' dir='ltr'><strong>nos,</strong></span> <span class='ocrx_word' id='word_1_163' title='bbox 684 2944 719 3001; x_wconf 93' lang='lat' dir='ltr'><strong>ut</strong></span> <span class='ocrx_word' id='word_1_164' title='bbox 742 2939 862 3002; x_wconf 87' lang='lat' dir='ltr'><strong>dictum</strong></span> <span class='ocrx_word' id='word_1_165' title='bbox 886 2947 945 3022; x_wconf 91' lang='lat' dir='ltr'><strong>est,</strong></span> <span class='ocrx_word' id='word_1_166' title='bbox 967 2941 1035 3004; x_wconf 87' lang='lat' dir='ltr'><strong>viso</strong></span> <span class='ocrx_word' id='word_1_167' title='bbox 1059 2949 1091 3004; x_wconf 91' lang='lat' dir='ltr'><strong>et</strong></span> <span class='ocrx_word' id='word_1_168' title='bbox 1114 2941 1197 3005; x_wconf 91' lang='lat' dir='ltr'><strong>lecto</strong></span> <span class='ocrx_word' id='word_1_169' title='bbox 1222 2951 1254 3005; x_wconf 89' lang='lat' dir='ltr'><strong>ct</strong></span> <span class='ocrx_word' id='word_1_170' title='bbox 1277 2943 1408 3006; x_wconf 84' lang='lat' dir='ltr'><strong>invento</strong></span> <span class='ocrx_word' id='word_1_171' title='bbox 1432 2963 1504 3006; x_wconf 90' lang='lat' dir='ltr'><strong>eum</strong></span> <span class='ocrx_word' id='word_1_172' title='bbox 1528 2963 1605 3005; x_wconf 78' lang='lat' dir='ltr'><strong>vers</strong></span> <span class='ocrx_word' id='word_1_173' title='bbox 1630 2948 1661 3005; x_wconf 89' lang='lat' dir='ltr'><strong>et</strong></span> <span class='ocrx_word' id='word_1_174' title='bbox 1684 2948 1772 3006; x_wconf 84' lang='lat' dir='ltr'><strong>recte</strong></span> <span class='ocrx_word' id='word_1_175' title='bbox 1796 2942 1895 3024; x_wconf 81' lang='lat' dir='ltr'><strong>bulla,</strong></span> <span class='ocrx_word' id='word_1_176' title='bbox 1920 2943 1985 3022; x_wconf 87' lang='lat' dir='ltr'><strong>filo,</strong></span> <span class='ocrx_word' id='word_1_177' title='bbox 2009 2942 2082 3006; x_wconf 90' lang='lat' dir='ltr'><strong>stilo</strong></span> <span class='ocrx_word' id='word_1_178' title='bbox 2106 2949 2138 3006; x_wconf 88' lang='lat' dir='ltr'><strong>et</strong></span> 
     </span>
     <span class='ocr_line' id='line_1_19' title="bbox 319 3035 2191 3135; baseline 0.004 -30"><span class='ocrx_word' id='word_1_179' title='bbox 319 3053 418 3126; x_wconf 86' lang='lat' dir='ltr'><strong>corte,</strong></span> <span class='ocrx_word' id='word_1_180' title='bbox 445 3066 508 3108; x_wconf 92' lang='lat' dir='ltr'><strong>non</strong></span> <span class='ocrx_word' id='word_1_181' title='bbox 531 3067 615 3128; x_wconf 84' lang='lat' dir='ltr'><strong>raso,</strong></span> <span class='ocrx_word' id='word_1_182' title='bbox 640 3068 704 3110; x_wconf 90' lang='lat' dir='ltr'><strong>non</strong></span> <span class='ocrx_word' id='word_1_183' title='bbox 727 3047 839 3110; x_wconf 86' lang='lat' dir='ltr'><strong>vitiato</strong></span> <span class='ocrx_word' id='word_1_184' title='bbox 864 3055 895 3110; x_wconf 91' lang='lat' dir='ltr'><strong>et</strong></span> <span class='ocrx_word' id='word_1_185' title='bbox 919 3069 983 3112; x_wconf 89' lang='lat' dir='ltr'><strong>non</strong></span> <span class='ocrx_word' id='word_1_186' title='bbox 1008 3048 1128 3112; x_wconf 84' lang='lat' dir='ltr'><strong>abolito</strong></span> <span class='ocrx_word' id='word_1_187' title='bbox 1152 3050 1184 3112; x_wconf 90' lang='lat' dir='ltr'><strong>in</strong></span> <span class='ocrx_word' id='word_1_188' title='bbox 1208 3049 1318 3134; x_wconf 78' lang='lat' dir='ltr'><strong>eliqua</strong></span> <span class='ocrx_word' id='word_1_189' title='bbox 1340 3056 1432 3135; x_wconf 84' lang='lat' dir='ltr'><strong>purte</strong></span> <span class='ocrx_word' id='word_1_190' title='bbox 1457 3050 1521 3132; x_wconf 91' lang='lat' dir='ltr'><strong>sui,</strong></span> <span class='ocrx_word' id='word_1_191' title='bbox 1547 3050 1639 3133; x_wconf 91' lang='lat' dir='ltr'><strong>cujus</strong></span> <span class='ocrx_word' id='word_1_192' title='bbox 1666 3035 1829 3134; x_wconf 77' lang='lat' dir='ltr'><strong>p1·ivilcgij</strong></span> <span class='ocrx_word' id='word_1_193' title='bbox 1853 3057 1945 3113; x_wconf 89' lang='lat' dir='ltr'><strong>tenor</strong></span> <span class='ocrx_word' id='word_1_194' title='bbox 1972 3050 2046 3113; x_wconf 81' lang='lat' dir='ltr'><strong>telis</strong></span> <span class='ocrx_word' id='word_1_195' title='bbox 2071 3057 2135 3113; x_wconf 90' lang='lat' dir='ltr'><strong>est:</strong></span> <span class='ocrx_word' id='word_1_196' title='bbox 2188 3089 2191 3096; x_wconf 94' lang='lat'>·</span> 
     </span>
    </p>

    <p class='ocr_par' dir='ltr' id='par_1_7' title="bbox 310 3153 2138 5496">
     <span class='ocr_line' id='line_1_20' title="bbox 413 3153 2137 3243; baseline 0.006 -33"><span class='ocrx_word' id='word_1_197' title='bbox 413 3179 427 3210; x_wconf 68' lang='lat' dir='ltr'><strong>a</strong></span> <span class='ocrx_word' id='word_1_198' title='bbox 452 3153 618 3218; x_wconf 90' lang='lat' dir='ltr'><strong>Honorius</strong></span> <span class='ocrx_word' id='word_1_199' title='bbox 644 3155 832 3240; x_wconf 89' lang='lat' dir='ltr'><strong>episcopus,</strong></span> <span class='ocrx_word' id='word_1_200' title='bbox 857 3177 969 3219; x_wconf 82' lang='lat' dir='ltr'><strong>servus</strong></span> <span class='ocrx_word' id='word_1_201' title='bbox 993 3177 1159 3220; x_wconf 81' lang='lat' dir='ltr'><strong>serrorum</strong></span> <span class='ocrx_word' id='word_1_202' title='bbox 1184 3156 1265 3239; x_wconf 93' lang='lat' dir='ltr'><strong>Dei,</strong></span> <span class='ocrx_word' id='word_1_203' title='bbox 1290 3157 1415 3221; x_wconf 89' lang='lat' dir='ltr'><strong>dilectis</strong></span> <span class='ocrx_word' id='word_1_204' title='bbox 1447 3159 1520 3220; x_wconf 90' lang='lat' dir='ltr'><strong>filiis</strong></span> <span class='ocrx_word' id='word_1_205' title='bbox 1550 3158 1699 3243; x_wconf 84' lang='lat' dir='ltr'><strong>Cupitulo</strong></span> <span class='ocrx_word' id='word_1_206' title='bbox 1724 3158 1913 3221; x_wconf 92' lang='lat' dir='ltr'><strong>bononiensi</strong></span> <span class='ocrx_word' id='word_1_207' title='bbox 1945 3159 2137 3222; x_wconf 84' lang='lat' dir='ltr'><strong>salutemet</strong></span> 
     </span>
     <span class='ocr_line' id='line_1_21' title="bbox 319 3260 2137 3350; baseline 0.003 -28"><span class='ocrx_word' id='word_1_208' title='bbox 319 3260 529 3345; x_wconf 86' lang='lat' dir='ltr'><strong>apostolicam</strong></span> <span class='ocrx_word' id='word_1_209' title='bbox 551 3261 817 3325; x_wconf 84' lang='lat' dir='ltr'><strong>benedictionem.</strong></span> <span class='ocrx_word' id='word_1_210' title='bbox 844 3263 924 3326; x_wconf 89' lang='lat' dir='ltr'><strong>Cum</strong></span> <span class='ocrx_word' id='word_1_211' title='bbox 948 3284 972 3326; x_wconf 84' lang='lat' dir='ltr'><strong>a</strong></span> <span class='ocrx_word' id='word_1_212' title='bbox 991 3264 1083 3326; x_wconf 92' lang='lat' dir='ltr'><strong>nobis</strong></span> <span class='ocrx_word' id='word_1_213' title='bbox 1108 3265 1228 3349; x_wconf 89' lang='lat' dir='ltr'><strong>petitur</strong></span> <span class='ocrx_word' id='word_1_214' title='bbox 1251 3265 1336 3349; x_wconf 92' lang='lat' dir='ltr'><strong>quod</strong></span> <span class='ocrx_word' id='word_1_215' title='bbox 1356 3267 1480 3349; x_wconf 85' lang='lat' dir='ltr'><strong>justum</strong></span> <span class='ocrx_word' id='word_1_216' title='bbox 1505 3273 1553 3329; x_wconf 85' lang='lat' dir='ltr'><strong>cst</strong></span> <span class='ocrx_word' id='word_1_217' title='bbox 1576 3273 1608 3328; x_wconf 88' lang='lat' dir='ltr'><strong>et</strong></span> <span class='ocrx_word' id='word_1_218' title='bbox 1631 3266 1815 3346; x_wconf 88' lang='lat' dir='ltr'><strong>honestum,</strong></span> <span class='ocrx_word' id='word_1_219' title='bbox 1841 3275 1907 3329; x_wconf 86' lang='lat' dir='ltr'><strong>tam</strong></span> <span class='ocrx_word' id='word_1_220' title='bbox 1931 3266 2023 3350; x_wconf 82' lang='lat' dir='ltr'><strong>uigor</strong></span> <span class='ocrx_word' id='word_1_221' title='bbox 2047 3267 2137 3350; x_wconf 71' lang='lat' dir='ltr'><strong>equi-¹</strong></span> 
     </span>
     <span class='ocr_line' id='line_1_22' title="bbox 319 3368 2138 3458; baseline 0.002 -28"><span class='ocrx_word' id='word_1_222' title='bbox 319 3368 394 3430; x_wconf 86' lang='lat' dir='ltr'><strong>totis</strong></span> <span class='ocrx_word' id='word_1_223' title='bbox 428 3388 523 3452; x_wconf 85' lang='lat' dir='ltr'><strong>quarn</strong></span> <span class='ocrx_word' id='word_1_224' title='bbox 558 3368 635 3432; x_wconf 90' lang='lat' dir='ltr'><strong>ordo</strong></span> <span class='ocrx_word' id='word_1_225' title='bbox 667 3369 769 3453; x_wconf 77' lang='lat' dir='ltr'><strong>exigit</strong></span> <span class='ocrx_word' id='word_1_226' title='bbox 799 3369 932 3432; x_wconf 87' lang='lat' dir='ltr'><strong>rationis</strong></span> <span class='ocrx_word' id='word_1_227' title='bbox 964 3377 999 3432; x_wconf 92' lang='lat' dir='ltr'><strong>nt</strong></span> <span class='ocrx_word' id='word_1_228' title='bbox 1023 3370 1053 3433; x_wconf 91' lang='lat' dir='ltr'><strong>id</strong></span> <span class='ocrx_word' id='word_1_229' title='bbox 1077 3393 1135 3456; x_wconf 90' lang='lat' dir='ltr'><strong>per</strong></span> <span class='ocrx_word' id='word_1_230' title='bbox 1159 3371 1407 3435; x_wconf 87' lang='lat' dir='ltr'><strong>sollicitudinem</strong></span> <span class='ocrx_word' id='word_1_231' title='bbox 1439 3373 1532 3436; x_wconf 86' lang='lat' dir='ltr'><strong>otlicii</strong></span> <span class='ocrx_word' id='word_1_232' title='bbox 1563 3373 1663 3436; x_wconf 89' lang='lat' dir='ltr'><strong>nostri</strong></span> <span class='ocrx_word' id='word_1_233' title='bbox 1695 3372 1735 3434; x_wconf 84' lang='lat' dir='ltr'><strong>ed</strong></span> <span class='ocrx_word' id='word_1_234' title='bbox 1769 3372 1912 3435; x_wconf 89' lang='lat' dir='ltr'><strong>debitum</strong></span> <span class='ocrx_word' id='word_1_235' title='bbox 1943 3372 2138 3458; x_wconf 85' lang='lat' dir='ltr'><strong>perducatur</strong></span> 
     </span>
     <span class='ocr_line' id='line_1_23' title="bbox 319 3473 2134 3565; baseline 0.003 -29"><span class='ocrx_word' id='word_1_236' title='bbox 319 3473 478 3538; x_wconf 86' lang='lat' dir='ltr'><strong>effectum.</strong></span> <span class='ocrx_word' id='word_1_237' title='bbox 503 3473 555 3538; x_wconf 81' lang='lat' dir='ltr'><strong>Ex</strong></span> <span class='ocrx_word' id='word_1_238' title='bbox 578 3482 670 3561; x_wconf 88' lang='lat' dir='ltr'><strong>parte</strong></span> <span class='ocrx_word' id='word_1_239' title='bbox 695 3475 852 3560; x_wconf 90' lang='lat' dir='ltr'><strong>siquidem</strong></span> <span class='ocrx_word' id='word_1_240' title='bbox 876 3484 985 3540; x_wconf 84' lang='lat' dir='ltr'><strong>vestra</strong></span> <span class='ocrx_word' id='word_1_241' title='bbox 1008 3477 1068 3540; x_wconf 85' lang='lat' dir='ltr'><strong>fuit</strong></span> <span class='ocrx_word' id='word_1_242' title='bbox 1093 3477 1185 3542; x_wconf 94' lang='lat' dir='ltr'><strong>nobis</strong></span> <span class='ocrx_word' id='word_1_243' title='bbox 1208 3479 1372 3542; x_wconf 89' lang='lat' dir='ltr'><strong>humiliter</strong></span> <span class='ocrx_word' id='word_1_244' title='bbox 1396 3479 1621 3565; x_wconf 82' lang='lat' dir='ltr'><strong>supplicatum,</strong></span> <span class='ocrx_word' id='word_1_245' title='bbox 1639 3488 1674 3542; x_wconf 91' lang='lat' dir='ltr'><strong>ut</strong></span> <span class='ocrx_word' id='word_1_246' title='bbox 1698 3501 1770 3542; x_wconf 90' lang='lat' dir='ltr'><strong>cum</strong></span> <span class='ocrx_word' id='word_1_247' title='bbox 1794 3501 1851 3565; x_wconf 88' lang='lat' dir='ltr'><strong>pro</strong></span> <span class='ocrx_word' id='word_1_248' title='bbox 1868 3479 2012 3542; x_wconf 89' lang='lat' dir='ltr'><strong>Eoolesie</strong></span> <span class='ocrx_word' id='word_1_249' title='bbox 2029 3486 2134 3542; x_wconf 82' lang='lat' dir='ltr'><strong>vestre</strong></span> 
     </span>
     <span class='ocr_line' id='line_1_24' title="bbox 320 3581 2133 3671; baseline 0.004 -29"><span class='ocrx_word' id='word_1_250' title='bbox 320 3581 487 3645; x_wconf 84' lang='lat' dir='ltr'><strong>honestate</strong></span> <span class='ocrx_word' id='word_1_251' title='bbox 505 3603 542 3644; x_wconf 89' lang='lat' dir='ltr'><strong>sc</strong></span> <span class='ocrx_word' id='word_1_252' title='bbox 560 3588 644 3645; x_wconf 86' lang='lat' dir='ltr'><strong>statu</strong></span> <span class='ocrx_word' id='word_1_253' title='bbox 670 3583 808 3668; x_wconf 85' lang='lat' dir='ltr'><strong>quedam</strong></span> <span class='ocrx_word' id='word_1_254' title='bbox 833 3591 953 3646; x_wconf 84' lang='lat' dir='ltr'><strong>statute</strong></span> <span class='ocrx_word' id='word_1_255' title='bbox 979 3583 1118 3648; x_wconf 86' lang='lat' dir='ltr'><strong>feceritis</strong></span> <span class='ocrx_word' id='word_1_256' title='bbox 1142 3593 1174 3648; x_wconf 90' lang='lat' dir='ltr'><strong>et</strong></span> <span class='ocrx_word' id='word_1_257' title='bbox 1194 3586 1398 3650; x_wconf 78' lang='lat' dir='ltr'><strong>firmascritis</strong></span> <span class='ocrx_word' id='word_1_258' title='bbox 1416 3588 1601 3671; x_wconf 87' lang='lat' dir='ltr'><strong>juramento</strong></span> <span class='ocrx_word' id='word_1_259' title='bbox 1618 3608 1656 3650; x_wconf 86' lang='lat' dir='ltr'><strong>ce</strong></span> <span class='ocrx_word' id='word_1_260' title='bbox 1676 3587 1828 3651; x_wconf 82' lang='lat' dir='ltr'><strong>roborare</strong></span> <span class='ocrx_word' id='word_1_261' title='bbox 1849 3587 2039 3650; x_wconf 81' lang='lat' dir='ltr'><strong>arroteritate</strong></span> <span class='ocrx_word' id='word_1_262' title='bbox 2057 3607 2133 3670; x_wconf 85' lang='lat' dir='ltr'><strong>apo·</strong></span> 
     </span>
     <span class='ocr_line' id='line_1_25' title="bbox 319 3688 2135 3779; baseline 0.003 -29"><span class='ocrx_word' id='word_1_263' title='bbox 319 3688 432 3752; x_wconf 88' lang='lat' dir='ltr'><strong>stolics</strong></span> <span class='ocrx_word' id='word_1_264' title='bbox 456 3689 674 3773; x_wconf 85' lang='lat' dir='ltr'><strong>dignoremur,</strong></span> <span class='ocrx_word' id='word_1_265' title='bbox 700 3712 757 3754; x_wconf 88' lang='lat' dir='ltr'><strong>nos</strong></span> <span class='ocrx_word' id='word_1_266' title='bbox 781 3690 890 3775; x_wconf 85' lang='lat' dir='ltr'><strong>igitur,</strong></span> <span class='ocrx_word' id='word_1_267' title='bbox 914 3691 1029 3754; x_wconf 89' lang='lat' dir='ltr'><strong>vestris</strong></span> <span class='ocrx_word' id='word_1_268' title='bbox 1051 3693 1147 3774; x_wconf 90' lang='lat' dir='ltr'><strong>justis</strong></span> <span class='ocrx_word' id='word_1_269' title='bbox 1170 3694 1319 3778; x_wconf 89' lang='lat' dir='ltr'><strong>precibus</strong></span> <span class='ocrx_word' id='word_1_270' title='bbox 1343 3695 1508 3778; x_wconf 84' lang='lat' dir='ltr'><strong>inclinatj,</strong></span> <span class='ocrx_word' id='word_1_271' title='bbox 1534 3693 1663 3758; x_wconf 83' lang='lat' dir='ltr'><strong>Stntnts</strong></span> <span class='ocrx_word' id='word_1_272' title='bbox 1687 3694 1773 3779; x_wconf 85' lang='lat' dir='ltr'><strong>ipsa,</strong></span> <span class='ocrx_word' id='word_1_273' title='bbox 1797 3694 1880 3757; x_wconf 91' lang='lat' dir='ltr'><strong>siout</strong></span> <span class='ocrx_word' id='word_1_274' title='bbox 1902 3701 1976 3756; x_wconf 90' lang='lat' dir='ltr'><strong>sunt</strong></span> <span class='ocrx_word' id='word_1_275' title='bbox 1999 3693 2135 3778; x_wconf 83' lang='lat' dir='ltr'><strong>provide</strong></span> 
     </span>
     <span class='ocr_line' id='line_1_26' title="bbox 319 3796 2135 3887; baseline 0.003 -29"><span class='ocrx_word' id='word_1_276' title='bbox 319 3803 350 3858; x_wconf 89' lang='lat' dir='ltr'><strong>ct</strong></span> <span class='ocrx_word' id='word_1_277' title='bbox 375 3796 519 3878; x_wconf 84' lang='lat' dir='ltr'><strong>honesta,</strong></span> <span class='ocrx_word' id='word_1_278' title='bbox 536 3804 632 3882; x_wconf 90' lang='lat' dir='ltr'><strong>prout</strong></span> <span class='ocrx_word' id='word_1_279' title='bbox 655 3796 687 3860; x_wconf 94' lang='lat' dir='ltr'><strong>in</strong></span> <span class='ocrx_word' id='word_1_280' title='bbox 712 3798 900 3861; x_wconf 89' lang='lat' dir='ltr'><strong>istrumento</strong></span> <span class='ocrx_word' id='word_1_281' title='bbox 924 3798 1053 3883; x_wconf 93' lang='lat' dir='ltr'><strong>publico</strong></span> <span class='ocrx_word' id='word_1_282' title='bbox 1078 3799 1194 3863; x_wconf 80' lang='lat' dir='ltr'><strong>exinde</strong></span> <span class='ocrx_word' id='word_1_283' title='bbox 1212 3801 1356 3865; x_wconf 88' lang='lat' dir='ltr'><strong>confecto</strong></span> <span class='ocrx_word' id='word_1_284' title='bbox 1373 3802 1499 3887; x_wconf 90' lang='lat' dir='ltr'><strong>plenius</strong></span> <span class='ocrx_word' id='word_1_285' title='bbox 1517 3802 1729 3882; x_wconf 89' lang='lat' dir='ltr'><strong>continentur,</strong></span> <span class='ocrx_word' id='word_1_286' title='bbox 1747 3800 1937 3864; x_wconf 89' lang='lat' dir='ltr'><strong>auctoritate</strong></span> <span class='ocrx_word' id='word_1_287' title='bbox 1959 3800 2135 3885; x_wconf 83' lang='lat' dir='ltr'><strong>apostolica</strong></span> 
     </span>
     <span class='ocr_line' id='line_1_27' title="bbox 320 3903 2135 3994; baseline 0.002 -27"><span class='ocrx_word' id='word_1_288' title='bbox 320 3903 544 3967; x_wconf 85' lang='lat' dir='ltr'><strong>confirmamus</strong></span> <span class='ocrx_word' id='word_1_289' title='bbox 569 3911 601 3967; x_wconf 91' lang='lat' dir='ltr'><strong>et</strong></span> <span class='ocrx_word' id='word_1_290' title='bbox 624 3905 782 3990; x_wconf 89' lang='lat' dir='ltr'><strong>presentis</strong></span> <span class='ocrx_word' id='word_1_291' title='bbox 806 3905 916 3991; x_wconf 88' lang='lat' dir='ltr'><strong>scripti</strong></span> <span class='ocrx_word' id='word_1_292' title='bbox 940 3907 1117 3991; x_wconf 86' lang='lat' dir='ltr'><strong>patrocinio</strong></span> <span class='ocrx_word' id='word_1_293' title='bbox 1142 3909 1384 3972; x_wconf 89' lang='lat' dir='ltr'><strong>communimus.</strong></span> <span class='ocrx_word' id='word_1_294' title='bbox 1403 3909 1455 3973; x_wconf 80' lang='lat' dir='ltr'><strong>Ad</strong></span> <span class='ocrx_word' id='word_1_295' title='bbox 1472 3909 1518 3974; x_wconf 89' lang='lat' dir='ltr'><strong>rei</strong></span> <span class='ocrx_word' id='word_1_296' title='bbox 1534 3916 1642 3972; x_wconf 83' lang='lat' dir='ltr'><strong>autem</strong></span> <span class='ocrx_word' id='word_1_297' title='bbox 1658 3908 1851 3972; x_wconf 87' lang='lat' dir='ltr'><strong>evidentium</strong></span> <span class='ocrx_word' id='word_1_298' title='bbox 1869 3909 2046 3994; x_wconf 90' lang='lat' dir='ltr'><strong>pleniorem</strong></span> <span class='ocrx_word' id='word_1_299' title='bbox 2064 3907 2135 3972; x_wconf 85' lang='lat' dir='ltr'><strong>Sta·</strong></span> 
     </span>
     <span class='ocr_line' id='line_1_28' title="bbox 316 4011 2133 4102; baseline 0.002 -28"><span class='ocrx_word' id='word_1_300' title='bbox 316 4017 386 4074; x_wconf 87' lang='lat' dir='ltr'><strong>tutu</strong></span> <span class='ocrx_word' id='word_1_301' title='bbox 411 4011 480 4096; x_wconf 84' lang='lat' dir='ltr'><strong>ipsa</strong></span> <span class='ocrx_word' id='word_1_302' title='bbox 503 4012 707 4097; x_wconf 88' lang='lat' dir='ltr'><strong>presentibus</strong></span> <span class='ocrx_word' id='word_1_303' title='bbox 732 4012 771 4075; x_wconf 91' lang='lat' dir='ltr'><strong>de</strong></span> <span class='ocrx_word' id='word_1_304' title='bbox 794 4013 893 4076; x_wconf 83' lang='lat' dir='ltr'><strong>verbo</strong></span> <span class='ocrx_word' id='word_1_305' title='bbox 918 4013 959 4077; x_wconf 87' lang='lat' dir='ltr'><strong>ed</strong></span> <span class='ocrx_word' id='word_1_306' title='bbox 982 4015 1118 4078; x_wconf 84' lang='lat' dir='ltr'><strong>verbum</strong></span> <span class='ocrx_word' id='word_1_307' title='bbox 1141 4015 1292 4079; x_wconf 86' lang='lat' dir='ltr'><strong>duximus</strong></span> <span class='ocrx_word' id='word_1_308' title='bbox 1317 4017 1497 4098; x_wconf 83' lang='lat' dir='ltr'><strong>inserenda,</strong></span> <span class='ocrx_word' id='word_1_309' title='bbox 1521 4038 1582 4102; x_wconf 91' lang='lat' dir='ltr'><strong>quc</strong></span> <span class='ocrx_word' id='word_1_310' title='bbox 1608 4016 1686 4080; x_wconf 86' lang='lat' dir='ltr'><strong>talis</strong></span> <span class='ocrx_word' id='word_1_311' title='bbox 1711 4023 1802 4079; x_wconf 91' lang='lat' dir='ltr'><strong>sunt:</strong></span> <span class='ocrx_word' id='word_1_312' title='bbox 1832 4042 1846 4071; x_wconf 69' lang='grc' dir='ltr'><em>α</em></span> <span class='ocrx_word' id='word_1_313' title='bbox 1870 4015 1937 4101; x_wconf 81' lang='lat' dir='ltr'><strong>Epo</strong></span> <span class='ocrx_word' id='word_1_314' title='bbox 1961 4064 2100 4079; x_wconf 94' lang='grc'><strong>.....</strong></span> <span class='ocrx_word' id='word_1_315' title='bbox 2109 4063 2133 4094; x_wconf 58' lang='grc'><strong>,.</strong></span> 
     </span>
     <span class='ocr_line' id='line_1_29' title="bbox 317 4118 2136 4209; baseline 0.002 -29"><span class='ocrx_word' id='word_1_316' title='bbox 317 4118 561 4183; x_wconf 82' lang='lat' dir='ltr'><strong>Arclridiaconus</strong></span> <span class='ocrx_word' id='word_1_317' title='bbox 585 4118 723 4183; x_wconf 80' lang='lat' dir='ltr'><strong>Bononio</strong></span> <span class='ocrx_word' id='word_1_318' title='bbox 745 4121 871 4185; x_wconf 87' lang='lat' dir='ltr'><strong>consilia</strong></span> <span class='ocrx_word' id='word_1_319' title='bbox 895 4128 921 4186; x_wconf 92' lang='lat' dir='ltr'><strong>et</strong></span> <span class='ocrx_word' id='word_1_320' title='bbox 943 4129 1056 4186; x_wconf 86' lang='lat' dir='ltr'><strong>secreta</strong></span> <span class='ocrx_word' id='word_1_321' title='bbox 1082 4121 1218 4207; x_wconf 77' lang='lat' dir='ltr'><strong>Capituli</strong></span> <span class='ocrx_word' id='word_1_322' title='bbox 1244 4123 1463 4207; x_wconf 86' lang='lat' dir='ltr'><strong>Bononiensis,</strong></span> <span class='ocrx_word' id='word_1_323' title='bbox 1488 4147 1545 4209; x_wconf 81' lang='lat' dir='ltr'><strong>pue</strong></span> <span class='ocrx_word' id='word_1_324' title='bbox 1569 4132 1713 4209; x_wconf 88' lang='lat' dir='ltr'><strong>precepta</strong></span> <span class='ocrx_word' id='word_1_325' title='bbox 1742 4132 1834 4189; x_wconf 90' lang='lat' dir='ltr'><strong>erunt</strong></span> <span class='ocrx_word' id='word_1_326' title='bbox 1865 4145 1924 4188; x_wconf 80' lang='lat' dir='ltr'><strong>asse</strong></span> <span class='ocrx_word' id='word_1_327' title='bbox 1946 4131 2057 4187; x_wconf 87' lang='lat' dir='ltr'><strong>secreta</strong></span> <span class='ocrx_word' id='word_1_328' title='bbox 2075 4145 2136 4208; x_wconf 91' lang='lat' dir='ltr'><strong>per</strong></span> 
     </span>
     <span class='ocr_line' id='line_1_30' title="bbox 316 4213 2134 4317; baseline 0.003 -29"><span class='ocrx_word' id='word_1_329' title='bbox 316 4225 576 4290; x_wconf 80' lang='lat' dir='ltr'><strong>Arclridiaconum</strong></span> <span class='ocrx_word' id='word_1_330' title='bbox 601 4235 628 4290; x_wconf 90' lang='lat' dir='ltr'><strong>et</strong></span> <span class='ocrx_word' id='word_1_331' title='bbox 650 4227 949 4311; x_wconf 77' lang='lat' dir='ltr'><strong>Arabipresbiterum</strong></span> <span class='ocrx_word' id='word_1_332' title='bbox 976 4231 1019 4293; x_wconf 87' lang='lat' dir='ltr'><strong>rel</strong></span> <span class='ocrx_word' id='word_1_333' title='bbox 1042 4251 1147 4294; x_wconf 79' lang='lat' dir='ltr'><strong>cortun</strong></span> <span class='ocrx_word' id='word_1_334' title='bbox 1170 4233 1312 4314; x_wconf 87' lang='lat' dir='ltr'><strong>alterum,</strong></span> <span class='ocrx_word' id='word_1_335' title='bbox 1332 4233 1383 4314; x_wconf 85' lang='lat' dir='ltr'><strong>rel,</strong></span> <span class='ocrx_word' id='word_1_336' title='bbox 1409 4234 1450 4294; x_wconf 87' lang='lat' dir='ltr'><strong>eis</strong></span> <span class='ocrx_word' id='word_1_337' title='bbox 1473 4231 1654 4312; x_wconf 87' lang='lat' dir='ltr'><strong>absentibus,</strong></span> <span class='ocrx_word' id='word_1_338' title='bbox 1664 4253 1726 4317; x_wconf 86' lang='lat' dir='ltr'><strong>per</strong></span> <span class='ocrx_word' id='word_1_339' title='bbox 1748 4231 1937 4316; x_wconf 89' lang='lat' dir='ltr'><strong>Capitulum,</strong></span> <span class='ocrx_word' id='word_1_340' title='bbox 1954 4231 2034 4294; x_wconf 91' lang='lat' dir='ltr'><strong>nulli</strong></span> <span class='ocrx_word' id='word_1_341' title='bbox 2052 4213 2134 4314; x_wconf 84' lang='lat' dir='ltr'><strong>pan·</strong></span> 
     </span>
     <span class='ocr_line' id='line_1_31' title="bbox 317 4333 2136 4421; baseline 0.003 -27"><span class='ocrx_word' id='word_1_342' title='bbox 317 4333 400 4415; x_wconf 75' lang='lat' dir='ltr'><strong>datin,</strong></span> <span class='ocrx_word' id='word_1_343' title='bbox 419 4335 502 4398; x_wconf 88' lang='lat' dir='ltr'><strong>ultra</strong></span> <span class='ocrx_word' id='word_1_344' title='bbox 517 4341 653 4398; x_wconf 88' lang='lat' dir='ltr'><strong>actarum</strong></span> <span class='ocrx_word' id='word_1_345' title='bbox 670 4334 820 4398; x_wconf 75' lang='lat' dir='ltr'><strong>dacianum</strong></span> <span class='ocrx_word' id='word_1_346' title='bbox 840 4333 1063 4399; x_wconf 85' lang='lat' dir='ltr'><strong>Canonirorurn</strong></span> <span class='ocrx_word' id='word_1_347' title='bbox 1085 4358 1250 4401; x_wconf 87' lang='lat' dir='ltr'><strong>rnunerum</strong></span> <span class='ocrx_word' id='word_1_348' title='bbox 1267 4340 1298 4400; x_wconf 92' lang='lat' dir='ltr'><strong>in</strong></span> <span class='ocrx_word' id='word_1_349' title='bbox 1315 4337 1490 4402; x_wconf 81' lang='lat' dir='ltr'><strong>bononiensi</strong></span> <span class='ocrx_word' id='word_1_350' title='bbox 1508 4337 1644 4402; x_wconf 87' lang='lat' dir='ltr'><strong>Ecclesia</strong></span> <span class='ocrx_word' id='word_1_351' title='bbox 1667 4341 1861 4402; x_wconf 79' lang='lat' dir='ltr'><strong>coristitutum</strong></span> <span class='ocrx_word' id='word_1_352' title='bbox 1884 4338 2007 4402; x_wconf 87' lang='lat' dir='ltr'><strong>rudium</strong></span> <span class='ocrx_word' id='word_1_353' title='bbox 2027 4338 2136 4421; x_wconf 82' lang='lat' dir='ltr'><strong>elipam</strong></span> 
     </span>
     <span class='ocr_line' id='line_1_32' title="bbox 317 4441 2136 4530; baseline 0.002 -28"><span class='ocrx_word' id='word_1_354' title='bbox 317 4441 361 4508; x_wconf 87' lang='lat' dir='ltr'><strong>rel</strong></span> <span class='ocrx_word' id='word_1_355' title='bbox 386 4442 530 4524; x_wconf 86' lang='lat' dir='ltr'><strong>recipiam</strong></span> <span class='ocrx_word' id='word_1_356' title='bbox 553 4443 587 4504; x_wconf 89' lang='lat' dir='ltr'><strong>in</strong></span> <span class='ocrx_word' id='word_1_357' title='bbox 621 4441 809 4506; x_wconf 80' lang='lat' dir='ltr'><strong>Carionicnm</strong></span> <span class='ocrx_word' id='word_1_358' title='bbox 839 4442 1067 4526; x_wconf 82' lang='lat' dir='ltr'><strong>bononiensem,</strong></span> <span class='ocrx_word' id='word_1_359' title='bbox 1091 4447 1152 4508; x_wconf 87' lang='lat' dir='ltr'><strong>nisi</strong></span> <span class='ocrx_word' id='word_1_360' title='bbox 1174 4445 1216 4508; x_wconf 89' lang='lat' dir='ltr'><strong>ad</strong></span> <span class='ocrx_word' id='word_1_361' title='bbox 1239 4467 1308 4508; x_wconf 91' lang='lat' dir='ltr'><strong>eum</strong></span> <span class='ocrx_word' id='word_1_362' title='bbox 1332 4467 1421 4530; x_wconf 79' lang='lat' dir='ltr'><strong>quern</strong></span> <span class='ocrx_word' id='word_1_363' title='bbox 1443 4468 1503 4529; x_wconf 89' lang='lat' dir='ltr'><strong>per</strong></span> <span class='ocrx_word' id='word_1_364' title='bbox 1535 4454 1658 4510; x_wconf 87' lang='lat' dir='ltr'><strong>ruortem</strong></span> <span class='ocrx_word' id='word_1_365' title='bbox 1682 4447 1814 4528; x_wconf 85' lang='lat' dir='ltr'><strong>alicujus</strong></span> <span class='ocrx_word' id='word_1_366' title='bbox 1839 4445 1986 4510; x_wconf 77' lang='lat' dir='ltr'><strong>Ceretanici</strong></span> <span class='ocrx_word' id='word_1_367' title='bbox 2009 4447 2052 4508; x_wconf 88' lang='lat' dir='ltr'><strong>rel</strong></span> <span class='ocrx_word' id='word_1_368' title='bbox 2075 4445 2136 4508; x_wconf 90' lang='lat' dir='ltr'><strong>alio</strong></span> 
     </span>
     <span class='ocr_line' id='line_1_33' title="bbox 317 4547 2135 4638; baseline 0.003 -30"><span class='ocrx_word' id='word_1_369' title='bbox 317 4547 447 4630; x_wconf 82' lang='lat' dir='ltr'><strong>lepitimo</strong></span> <span class='ocrx_word' id='word_1_370' title='bbox 470 4549 558 4612; x_wconf 82' lang='lat' dir='ltr'><strong>ruodo</strong></span> <span class='ocrx_word' id='word_1_371' title='bbox 586 4571 694 4613; x_wconf 84' lang='lat' dir='ltr'><strong>uacare</strong></span> <span class='ocrx_word' id='word_1_372' title='bbox 720 4552 877 4635; x_wconf 77' lang='lat' dir='ltr'><strong>contiperit</strong></span> <span class='ocrx_word' id='word_1_373' title='bbox 903 4551 1040 4614; x_wconf 80' lang='lat' dir='ltr'><strong>ordinem</strong></span> <span class='ocrx_word' id='word_1_374' title='bbox 1074 4553 1120 4615; x_wconf 86' lang='lat' dir='ltr'><strong>rel</strong></span> <span class='ocrx_word' id='word_1_375' title='bbox 1149 4553 1345 4636; x_wconf 86' lang='lat' dir='ltr'><strong>superiorem.</strong></span> <span class='ocrx_word' id='word_1_376' title='bbox 1370 4551 1504 4616; x_wconf 76' lang='lat' dir='ltr'><strong>Nullum</strong></span> <span class='ocrx_word' id='word_1_377' title='bbox 1528 4574 1645 4638; x_wconf 76' lang='lat' dir='ltr'><strong>quoque</strong></span> <span class='ocrx_word' id='word_1_378' title='bbox 1668 4554 1791 4617; x_wconf 88' lang='lat' dir='ltr'><strong>electu-m</strong></span> <span class='ocrx_word' id='word_1_379' title='bbox 1817 4561 1843 4618; x_wconf 90' lang='lat' dir='ltr'><strong>et</strong></span> <span class='ocrx_word' id='word_1_380' title='bbox 1865 4553 2079 4636; x_wconf 75' lang='lat' dir='ltr'><strong>corrftrmuturn</strong></span> <span class='ocrx_word' id='word_1_381' title='bbox 2102 4554 2135 4614; x_wconf 91' lang='lat' dir='ltr'><strong>in</strong></span> 
     </span>
     <span class='ocr_line' id='line_1_34' title="bbox 320 4653 2137 4746; baseline 0.003 -29"><span class='ocrx_word' id='word_1_382' title='bbox 320 4653 509 4719; x_wconf 87' lang='lat' dir='ltr'><strong>Canonicum</strong></span> <span class='ocrx_word' id='word_1_383' title='bbox 532 4657 692 4720; x_wconf 87' lang='lat' dir='ltr'><strong>admittam</strong></span> <span class='ocrx_word' id='word_1_384' title='bbox 716 4657 759 4720; x_wconf 92' lang='lat' dir='ltr'><strong>ad</strong></span> <span class='ocrx_word' id='word_1_385' title='bbox 774 4659 998 4741; x_wconf 76' lang='lat' dir='ltr'><strong>perceptionem</strong></span> <span class='ocrx_word' id='word_1_386' title='bbox 1020 4658 1164 4741; x_wconf 77' lang='lat' dir='ltr'><strong>berreficii,</strong></span> <span class='ocrx_word' id='word_1_387' title='bbox 1188 4661 1249 4722; x_wconf 74' lang='lat' dir='ltr'><strong>ruisi</strong></span> <span class='ocrx_word' id='word_1_388' title='bbox 1265 4661 1370 4744; x_wconf 85' lang='lat' dir='ltr'><strong>primo</strong></span> <span class='ocrx_word' id='word_1_389' title='bbox 1394 4661 1536 4744; x_wconf 85' lang='lat' dir='ltr'><strong>receperit</strong></span> <span class='ocrx_word' id='word_1_390' title='bbox 1558 4661 1697 4724; x_wconf 84' lang='lat' dir='ltr'><strong>ordinem</strong></span> <span class='ocrx_word' id='word_1_391' title='bbox 1719 4661 1761 4724; x_wconf 88' lang='lat' dir='ltr'><strong>ad</strong></span> <span class='ocrx_word' id='word_1_392' title='bbox 1785 4682 1873 4746; x_wconf 82' lang='lat' dir='ltr'><strong>quem</strong></span> <span class='ocrx_word' id='word_1_393' title='bbox 1895 4667 2069 4724; x_wconf 87' lang='lat' dir='ltr'><strong>assumetur</strong></span> <span class='ocrx_word' id='word_1_394' title='bbox 2092 4659 2137 4722; x_wconf 87' lang='lat' dir='ltr'><strong>cel</strong></span> 
     </span>
     <span class='ocr_line' id='line_1_35' title="bbox 317 4763 2135 4852; baseline 0.002 -27"><span class='ocrx_word' id='word_1_395' title='bbox 317 4763 454 4846; x_wconf 81' lang='lat' dir='ltr'><strong>elipetur,</strong></span> <span class='ocrx_word' id='word_1_396' title='bbox 474 4785 537 4827; x_wconf 89' lang='lat' dir='ltr'><strong>uon</strong></span> <span class='ocrx_word' id='word_1_397' title='bbox 554 4767 734 4848; x_wconf 70' lang='lat' dir='ltr'><strong>perstultum</strong></span> <span class='ocrx_word' id='word_1_398' title='bbox 760 4763 948 4828; x_wconf 82' lang='lat' dir='ltr'><strong>Cortonicum</strong></span> <span class='ocrx_word' id='word_1_399' title='bbox 972 4768 1002 4828; x_wconf 92' lang='lat' dir='ltr'><strong>in</strong></span> <span class='ocrx_word' id='word_1_400' title='bbox 1022 4767 1128 4850; x_wconf 89' lang='lat' dir='ltr'><strong>primo</strong></span> <span class='ocrx_word' id='word_1_401' title='bbox 1151 4768 1201 4830; x_wconf 88' lang='lat' dir='ltr'><strong>sui</strong></span> <span class='ocrx_word' id='word_1_402' title='bbox 1219 4765 1423 4830; x_wconf 88' lang='lat' dir='ltr'><strong>Canonicatus</strong></span> <span class='ocrx_word' id='word_1_403' title='bbox 1437 4788 1518 4830; x_wconf 76' lang='lat' dir='ltr'><strong>tireno</strong></span> <span class='ocrx_word' id='word_1_404' title='bbox 1528 4771 1686 4852; x_wconf 78' lang='lat' dir='ltr'><strong>percipere</strong></span> <span class='ocrx_word' id='word_1_405' title='bbox 1702 4767 1875 4850; x_wconf 76' lang='lat' dir='ltr'><strong>beneficium</strong></span> <span class='ocrx_word' id='word_1_406' title='bbox 1893 4766 2135 4851; x_wconf 80' lang='lat' dir='ltr'><strong>adprehendam</strong></span> 
     </span>
     <span class='ocr_line' id='line_1_36' title="bbox 310 4872 2137 4958; baseline 0.002 -26"><span class='ocrx_word' id='word_1_407' title='bbox 310 4877 417 4953; x_wconf 87' lang='lat' dir='ltr'><strong>preter</strong></span> <span class='ocrx_word' id='word_1_408' title='bbox 442 4872 585 4934; x_wconf 81' lang='lat' dir='ltr'><strong>victualia</strong></span> <span class='ocrx_word' id='word_1_409' title='bbox 608 4873 682 4954; x_wconf 91' lang='lat' dir='ltr'><strong>sola,</strong></span> <span class='ocrx_word' id='word_1_410' title='bbox 699 4872 751 4936; x_wconf 88' lang='lat' dir='ltr'><strong>sed</strong></span> <span class='ocrx_word' id='word_1_411' title='bbox 774 4873 858 4936; x_wconf 90' lang='lat' dir='ltr'><strong>illius</strong></span> <span class='ocrx_word' id='word_1_412' title='bbox 880 4875 958 4936; x_wconf 91' lang='lat' dir='ltr'><strong>anni</strong></span> <span class='ocrx_word' id='word_1_413' title='bbox 976 4872 1151 4956; x_wconf 77' lang='lat' dir='ltr'><strong>beneficium</strong></span> <span class='ocrx_word' id='word_1_414' title='bbox 1168 4875 1212 4938; x_wconf 83' lang='lat' dir='ltr'><strong>acl</strong></span> <span class='ocrx_word' id='word_1_415' title='bbox 1222 4874 1376 4958; x_wconf 86' lang='lat' dir='ltr'><strong>prebende</strong></span> <span class='ocrx_word' id='word_1_416' title='bbox 1393 4876 1424 4938; x_wconf 88' lang='lat' dir='ltr'><strong>iu</strong></span> <span class='ocrx_word' id='word_1_417' title='bbox 1440 4896 1580 4940; x_wconf 78' lang='lat' dir='ltr'><strong>corrinnes</strong></span> <span class='ocrx_word' id='word_1_418' title='bbox 1597 4877 1742 4939; x_wconf 79' lang='lat' dir='ltr'><strong>utilitates</strong></span> <span class='ocrx_word' id='word_1_419' title='bbox 1757 4883 1783 4940; x_wconf 86' lang='lat' dir='ltr'><strong>et</strong></span> <span class='ocrx_word' id='word_1_420' title='bbox 1798 4877 1983 4939; x_wconf 85' lang='lat' dir='ltr'><strong>necessitates</strong></span> <span class='ocrx_word' id='word_1_421' title='bbox 2001 4874 2137 4958; x_wconf 88' lang='lat' dir='ltr'><strong>Capituli</strong></span> 
     </span>
     <span class='ocr_line' id='line_1_37' title="bbox 317 4979 2137 5066; baseline 0.002 -26"><span class='ocrx_word' id='word_1_422' title='bbox 317 4979 541 5060; x_wconf 82' lang='lat' dir='ltr'><strong>erpendautur,</strong></span> <span class='ocrx_word' id='word_1_423' title='bbox 554 4981 598 5042; x_wconf 89' lang='lat' dir='ltr'><strong>ita</strong></span> <span class='ocrx_word' id='word_1_424' title='bbox 613 4987 714 5042; x_wconf 82' lang='lat' dir='ltr'><strong>tauron</strong></span> <span class='ocrx_word' id='word_1_425' title='bbox 732 4980 813 5064; x_wconf 83' lang='lat' dir='ltr'><strong>quod</strong></span> <span class='ocrx_word' id='word_1_426' title='bbox 827 4982 909 5044; x_wconf 88' lang='lat' dir='ltr'><strong>inter</strong></span> <span class='ocrx_word' id='word_1_427' title='bbox 926 4979 1093 5044; x_wconf 87' lang='lat' dir='ltr'><strong>Canonicos</strong></span> <span class='ocrx_word' id='word_1_428' title='bbox 1108 5002 1170 5044; x_wconf 80' lang='lat' dir='ltr'><strong>nori</strong></span> <span class='ocrx_word' id='word_1_429' title='bbox 1186 4981 1219 5044; x_wconf 89' lang='lat' dir='ltr'><strong>di</strong></span> <span class='ocrx_word' id='word_1_430' title='bbox 1223 4982 1315 5066; x_wconf 87' lang='lat' dir='ltr'><strong>rida[</strong></span> <span class='ocrx_word' id='word_1_431' title='bbox 1312 5003 1332 5044; x_wconf 92' lang='lat' dir='ltr'><strong>n</strong></span> <span class='ocrx_word' id='word_1_432' title='bbox 1329 4981 1407 5063; x_wconf 83' lang='lat' dir='ltr'><strong>Jtur</strong></span> <span class='ocrx_word' id='word_1_433' title='bbox 1419 4984 1719 5066; x_wconf 66' lang='lat' dir='ltr'><strong>possessionesjura</strong></span> <span class='ocrx_word' id='word_1_434' title='bbox 1735 4991 1761 5047; x_wconf 88' lang='lat' dir='ltr'><strong>et</strong></span> <span class='ocrx_word' id='word_1_435' title='bbox 1781 4983 1919 5064; x_wconf 86' lang='lat' dir='ltr'><strong>bonores,</strong></span> <span class='ocrx_word' id='word_1_436' title='bbox 1933 4985 2137 5046; x_wconf 89' lang='lat' dir='ltr'><strong>instrumenta</strong></span> 
     </span>
     <span class='ocr_line' id='line_1_38' title="bbox 316 5086 2134 5173; baseline 0.002 -27"><span class='ocrx_word' id='word_1_437' title='bbox 316 5105 368 5147; x_wconf 90' lang='lat' dir='ltr'><strong>seu</strong></span> <span class='ocrx_word' id='word_1_438' title='bbox 392 5093 493 5148; x_wconf 75' lang='lat' dir='ltr'><strong>credas</strong></span> <span class='ocrx_word' id='word_1_439' title='bbox 516 5088 575 5149; x_wconf 86' lang='lat' dir='ltr'><strong>sire</strong></span> <span class='ocrx_word' id='word_1_440' title='bbox 592 5087 757 5171; x_wconf 81' lang='lat' dir='ltr'><strong>pririlepia</strong></span> <span class='ocrx_word' id='word_1_441' title='bbox 783 5086 926 5171; x_wconf 88' lang='lat' dir='ltr'><strong>Capituli.</strong></span> <span class='ocrx_word' id='word_1_442' title='bbox 955 5086 1071 5151; x_wconf 87' lang='lat' dir='ltr'><strong>Contra</strong></span> <span class='ocrx_word' id='word_1_443' title='bbox 1094 5109 1196 5152; x_wconf 87' lang='lat' dir='ltr'><strong>omrres</strong></span> <span class='ocrx_word' id='word_1_444' title='bbox 1217 5089 1353 5153; x_wconf 80' lang='lat' dir='ltr'><strong>domines</strong></span> <span class='ocrx_word' id='word_1_445' title='bbox 1375 5089 1501 5172; x_wconf 73' lang='lat' dir='ltr'><strong>(adjutor</strong></span> <span class='ocrx_word' id='word_1_446' title='bbox 1517 5111 1567 5154; x_wconf 90' lang='lat' dir='ltr'><strong>ero</strong></span> <span class='ocrx_word' id='word_1_447' title='bbox 1582 5091 1624 5154; x_wconf 87' lang='lat' dir='ltr'><strong>ad</strong></span> <span class='ocrx_word' id='word_1_448' title='bbox 1639 5090 1891 5173; x_wconf 83' lang='lat' dir='ltr'><strong>correereundurn,</strong></span> <span class='ocrx_word' id='word_1_449' title='bbox 1908 5089 2134 5171; x_wconf 83' lang='lat' dir='ltr'><strong>defendendum</strong></span> 
     </span>
     <span class='ocr_line' id='line_1_39' title="bbox 317 5193 2137 5281; baseline 0.003 -28"><span class='ocrx_word' id='word_1_450' title='bbox 317 5198 344 5254; x_wconf 89' lang='lat' dir='ltr'><strong>et</strong></span> <span class='ocrx_word' id='word_1_451' title='bbox 367 5193 623 5276; x_wconf 85' lang='lat' dir='ltr'><strong>recuperandum,</strong></span> <span class='ocrx_word' id='word_1_452' title='bbox 639 5195 716 5257; x_wconf 78' lang='lat' dir='ltr'><strong>siccet</strong></span> <span class='ocrx_word' id='word_1_453' title='bbox 735 5193 877 5278; x_wconf 81' lang='lat' dir='ltr'><strong>Capitale</strong></span> <span class='ocrx_word' id='word_1_454' title='bbox 893 5194 938 5258; x_wconf 86' lang='lat' dir='ltr'><strong>rel</strong></span> <span class='ocrx_word' id='word_1_455' title='bbox 954 5195 1066 5277; x_wconf 85' lang='lat' dir='ltr'><strong>majori</strong></span> <span class='ocrx_word' id='word_1_456' title='bbox 1083 5198 1172 5279; x_wconf 84' lang='lat' dir='ltr'><strong>parti</strong></span> <span class='ocrx_word' id='word_1_457' title='bbox 1194 5197 1302 5259; x_wconf 90' lang='lat' dir='ltr'><strong>melius</strong></span> <span class='ocrx_word' id='word_1_458' title='bbox 1325 5204 1352 5259; x_wconf 90' lang='lat' dir='ltr'><strong>et</strong></span> <span class='ocrx_word' id='word_1_459' title='bbox 1374 5197 1483 5260; x_wconf 87' lang='lat' dir='ltr'><strong>utilius</strong></span> <span class='ocrx_word' id='word_1_460' title='bbox 1506 5197 1672 5261; x_wconf 85' lang='lat' dir='ltr'><strong>ridebitur:</strong></span> <span class='ocrx_word' id='word_1_461' title='bbox 1684 5201 1886 5281; x_wconf 86' lang='lat' dir='ltr'><strong>possessiones</strong></span> <span class='ocrx_word' id='word_1_462' title='bbox 1908 5196 2072 5260; x_wconf 88' lang='lat' dir='ltr'><strong>immobiles</strong></span> <span class='ocrx_word' id='word_1_463' title='bbox 2095 5194 2137 5258; x_wconf 90' lang='lat' dir='ltr'><strong>od</strong></span> 
     </span>
     <span class='ocr_line' id='line_1_40' title="bbox 317 5297 2136 5392; baseline 0.003 -32"><span class='ocrx_word' id='word_1_464' title='bbox 317 5297 496 5363; x_wconf 85' lang='lat' dir='ltr'><strong>bononiense</strong></span> <span class='ocrx_word' id='word_1_465' title='bbox 522 5298 700 5383; x_wconf 82' lang='lat' dir='ltr'><strong>Capitulum</strong></span> <span class='ocrx_word' id='word_1_466' title='bbox 718 5303 906 5384; x_wconf 81' lang='lat' dir='ltr'><strong>pertinentes</strong></span> <span class='ocrx_word' id='word_1_467' title='bbox 928 5322 990 5364; x_wconf 91' lang='lat' dir='ltr'><strong>non</strong></span> <span class='ocrx_word' id='word_1_468' title='bbox 1012 5301 1160 5384; x_wconf 88' lang='lat' dir='ltr'><strong>alienabo,</strong></span> <span class='ocrx_word' id='word_1_469' title='bbox 1185 5324 1238 5366; x_wconf 82' lang='lat' dir='ltr'><strong>ricc</strong></span> <span class='ocrx_word' id='word_1_470' title='bbox 1260 5304 1393 5366; x_wconf 86' lang='lat' dir='ltr'><strong>alienari</strong></span> <span class='ocrx_word' id='word_1_471' title='bbox 1419 5306 1613 5386; x_wconf 77' lang='lat' dir='ltr'><strong>coissentiarn,</strong></span> <span class='ocrx_word' id='word_1_472' title='bbox 1635 5307 1696 5392; x_wconf 85' lang='lat' dir='ltr'><strong>nisi</strong></span> <span class='ocrx_word' id='word_1_473' title='bbox 1712 5326 1774 5388; x_wconf 89' lang='lat' dir='ltr'><strong>pro</strong></span> <span class='ocrx_word' id='word_1_474' title='bbox 1796 5305 1980 5368; x_wconf 81' lang='lat' dir='ltr'><strong>alienatione</strong></span> <span class='ocrx_word' id='word_1_475' title='bbox 2002 5306 2047 5368; x_wconf 85' lang='lat' dir='ltr'><strong>nel</strong></span> <span class='ocrx_word' id='word_1_476' title='bbox 2064 5325 2136 5388; x_wconf 89' lang='lat' dir='ltr'><strong>per-</strong></span> 
     </span>
     <span class='ocr_line' id='line_1_41' title="bbox 318 5408 2138 5496; baseline 0.005 -29"><span class='ocrx_word' id='word_1_477' title='bbox 318 5408 483 5470; x_wconf 87' lang='lat' dir='ltr'><strong>mutatione</strong></span> <span class='ocrx_word' id='word_1_478' title='bbox 505 5408 633 5470; x_wconf 83' lang='lat' dir='ltr'><strong>alterius</strong></span> <span class='ocrx_word' id='word_1_479' title='bbox 650 5409 846 5491; x_wconf 83' lang='lat' dir='ltr'><strong>possessionis</strong></span> <span class='ocrx_word' id='word_1_480' title='bbox 869 5408 1029 5472; x_wconf 80' lang='lat' dir='ltr'><strong>incurabilis</strong></span> <span class='ocrx_word' id='word_1_481' title='bbox 1052 5410 1184 5472; x_wconf 89' lang='lat' dir='ltr'><strong>utilioris</strong></span> <span class='ocrx_word' id='word_1_482' title='bbox 1207 5410 1252 5472; x_wconf 88' lang='lat' dir='ltr'><strong>rel</strong></span> <span class='ocrx_word' id='word_1_483' title='bbox 1275 5432 1348 5494; x_wconf 77' lang='lat' dir='ltr'><strong>eque</strong></span> <span class='ocrx_word' id='word_1_484' title='bbox 1369 5412 1473 5493; x_wconf 90' lang='lat' dir='ltr'><strong>utilis,</strong></span> <span class='ocrx_word' id='word_1_485' title='bbox 1494 5411 1538 5474; x_wconf 87' lang='lat' dir='ltr'><strong>ael</strong></span> <span class='ocrx_word' id='word_1_486' title='bbox 1561 5414 1779 5475; x_wconf 75' lang='lat' dir='ltr'><strong>calistructione</strong></span> <span class='ocrx_word' id='word_1_487' title='bbox 1801 5413 1935 5494; x_wconf 83' lang='lat' dir='ltr'><strong>alicujus</strong></span> <span class='ocrx_word' id='word_1_488' title='bbox 1963 5413 2073 5496; x_wconf 78' lang='lat' dir='ltr'><strong>edificii</strong></span> <span class='ocrx_word' id='word_1_489' title='bbox 2095 5413 2138 5476; x_wconf 93' lang='lat' dir='ltr'><strong>ad</strong></span> 
     </span>
    </p>

    <p class='ocr_par' dir='ltr' id='par_1_8' title="bbox 294 5499 2139 6354">
     <span class='ocr_line' id='line_1_42' title="bbox 294 5499 2136 5603; baseline 0.005 -30"><span class='ocrx_word' id='word_1_490' title='bbox 294 5533 472 5594; x_wconf 76' lang='lat' dir='ltr'><strong>¹corrinnem</strong></span> <span class='ocrx_word' id='word_1_491' title='bbox 496 5514 658 5578; x_wconf 87' lang='lat' dir='ltr'><strong>utilitatem</strong></span> <span class='ocrx_word' id='word_1_492' title='bbox 684 5499 820 5598; x_wconf 85' lang='lat' dir='ltr'><strong>Capituli</strong></span> <span class='ocrx_word' id='word_1_493' title='bbox 836 5517 1030 5598; x_wconf 85' lang='lat' dir='ltr'><strong>pertinentis,</strong></span> <span class='ocrx_word' id='word_1_494' title='bbox 1047 5517 1092 5580; x_wconf 88' lang='lat' dir='ltr'><strong>uel</strong></span> <span class='ocrx_word' id='word_1_495' title='bbox 1106 5517 1171 5580; x_wconf 91' lang='lat' dir='ltr'><strong>alia</strong></span> <span class='ocrx_word' id='word_1_496' title='bbox 1187 5516 1317 5580; x_wconf 77' lang='lat' dir='ltr'><strong>euidenti</strong></span> <span class='ocrx_word' id='word_1_497' title='bbox 1333 5518 1462 5582; x_wconf 87' lang='lat' dir='ltr'><strong>utilitate</strong></span> <span class='ocrx_word' id='word_1_498' title='bbox 1484 5520 1621 5600; x_wconf 82' lang='lat' dir='ltr'><strong>coruunt,</strong></span> <span class='ocrx_word' id='word_1_499' title='bbox 1637 5521 1680 5582; x_wconf 90' lang='lat' dir='ltr'><strong>ita</strong></span> <span class='ocrx_word' id='word_1_500' title='bbox 1703 5527 1802 5582; x_wconf 85' lang='lat' dir='ltr'><strong>tarrren</strong></span> <span class='ocrx_word' id='word_1_501' title='bbox 1829 5520 1910 5603; x_wconf 76' lang='lat' dir='ltr'><strong>quod</strong></span> <span class='ocrx_word' id='word_1_502' title='bbox 1933 5522 2014 5584; x_wconf 89' lang='lat' dir='ltr'><strong>iuter</strong></span> <span class='ocrx_word' id='word_1_503' title='bbox 2039 5519 2136 5583; x_wconf 85' lang='lat' dir='ltr'><strong>Carra-</strong></span> 
     </span>
     <span class='ocr_line' id='line_1_43' title="bbox 316 5621 2139 5712; baseline 0.004 -31"><span class='ocrx_word' id='word_1_504' title='bbox 316 5621 398 5682; x_wconf 88' lang='lat' dir='ltr'><strong>nicos</strong></span> <span class='ocrx_word' id='word_1_505' title='bbox 422 5640 483 5683; x_wconf 90' lang='lat' dir='ltr'><strong>uon</strong></span> <span class='ocrx_word' id='word_1_506' title='bbox 505 5621 561 5702; x_wconf 80' lang='lat' dir='ltr'><strong>fiat</strong></span> <span class='ocrx_word' id='word_1_507' title='bbox 585 5621 692 5684; x_wconf 84' lang='lat' dir='ltr'><strong>diuisio</strong></span> <span class='ocrx_word' id='word_1_508' title='bbox 708 5623 805 5705; x_wconf 89' lang='lat' dir='ltr'><strong>pretii</strong></span> <span class='ocrx_word' id='word_1_509' title='bbox 828 5621 865 5686; x_wconf 89' lang='lat' dir='ltr'><strong>de</strong></span> <span class='ocrx_word' id='word_1_510' title='bbox 888 5625 1072 5706; x_wconf 89' lang='lat' dir='ltr'><strong>possessione</strong></span> <span class='ocrx_word' id='word_1_511' title='bbox 1102 5625 1213 5707; x_wconf 83' lang='lat' dir='ltr'><strong>recepti</strong></span> <span class='ocrx_word' id='word_1_512' title='bbox 1220 5648 1232 5708; x_wconf 89' lang='lat'><em>;</em></span> <span class='ocrx_word' id='word_1_513' title='bbox 1255 5645 1347 5708; x_wconf 89' lang='lat' dir='ltr'><strong>snper</strong></span> <span class='ocrx_word' id='word_1_514' title='bbox 1369 5625 1495 5710; x_wconf 77' lang='lat' dir='ltr'><strong>apcrrdis</strong></span> <span class='ocrx_word' id='word_1_515' title='bbox 1519 5633 1546 5688; x_wconf 91' lang='lat' dir='ltr'><strong>et</strong></span> <span class='ocrx_word' id='word_1_516' title='bbox 1568 5625 1698 5690; x_wconf 90' lang='lat' dir='ltr'><strong>utilitate</strong></span> <span class='ocrx_word' id='word_1_517' title='bbox 1725 5625 1870 5710; x_wconf 86' lang='lat' dir='ltr'><strong>Capituli,</strong></span> <span class='ocrx_word' id='word_1_518' title='bbox 1895 5649 1988 5712; x_wconf 84' lang='lat' dir='ltr'><strong>quum</strong></span> <span class='ocrx_word' id='word_1_519' title='bbox 2011 5629 2139 5690; x_wconf 88' lang='lat' dir='ltr'><strong>scienter</strong></span> 
     </span>
     <span class='ocr_line' id='line_1_44' title="bbox 317 5727 2135 5818; baseline 0.004 -30"><span class='ocrx_word' id='word_1_520' title='bbox 317 5747 378 5789; x_wconf 88' lang='lat' dir='ltr'><strong>non</strong></span> <span class='ocrx_word' id='word_1_521' title='bbox 403 5727 577 5810; x_wconf 86' lang='lat' dir='ltr'><strong>impediam,</strong></span> <span class='ocrx_word' id='word_1_522' title='bbox 596 5730 770 5812; x_wconf 80' lang='lat' dir='ltr'><strong>requisitus,</strong></span> <span class='ocrx_word' id='word_1_523' title='bbox 787 5730 868 5814; x_wconf 83' lang='lat' dir='ltr'><strong>pund</strong></span> <span class='ocrx_word' id='word_1_524' title='bbox 886 5732 984 5816; x_wconf 78' lang='lat' dir='ltr'><strong>mapis</strong></span> <span class='ocrx_word' id='word_1_525' title='bbox 1007 5731 1081 5794; x_wconf 87' lang='lat' dir='ltr'><strong>utile</strong></span> <span class='ocrx_word' id='word_1_526' title='bbox 1102 5731 1224 5796; x_wconf 86' lang='lat' dir='ltr'><strong>credam</strong></span> <span class='ocrx_word' id='word_1_527' title='bbox 1253 5733 1413 5795; x_wconf 87' lang='lat' dir='ltr'><strong>consilium</strong></span> <span class='ocrx_word' id='word_1_528' title='bbox 1436 5731 1524 5814; x_wconf 88' lang='lat' dir='ltr'><strong>dabo,</strong></span> <span class='ocrx_word' id='word_1_529' title='bbox 1540 5735 1667 5796; x_wconf 85' lang='lat' dir='ltr'><strong>scienter</strong></span> <span class='ocrx_word' id='word_1_530' title='bbox 1691 5754 1751 5796; x_wconf 83' lang='lat' dir='ltr'><strong>rron</strong></span> <span class='ocrx_word' id='word_1_531' title='bbox 1773 5733 1929 5816; x_wconf 82' lang='lat' dir='ltr'><strong>fraudabo</strong></span> <span class='ocrx_word' id='word_1_532' title='bbox 1948 5734 2135 5818; x_wconf 82' lang='lat' dir='ltr'><strong>Capitulum,</strong></span> 
     </span>
     <span class='ocr_line' id='line_1_45' title="bbox 316 5833 2137 5923; baseline 0.004 -28"><span class='ocrx_word' id='word_1_533' title='bbox 316 5835 376 5896; x_wconf 86' lang='lat' dir='ltr'><strong>sire</strong></span> <span class='ocrx_word' id='word_1_534' title='bbox 398 5833 534 5916; x_wconf 77' lang='lat' dir='ltr'><strong>officium</strong></span> <span class='ocrx_word' id='word_1_535' title='bbox 557 5834 684 5898; x_wconf 86' lang='lat' dir='ltr'><strong>babeam</strong></span> <span class='ocrx_word' id='word_1_536' title='bbox 704 5837 765 5899; x_wconf 87' lang='lat' dir='ltr'><strong>sire</strong></span> <span class='ocrx_word' id='word_1_537' title='bbox 788 5857 860 5920; x_wconf 82' lang='lat' dir='ltr'><strong>narr,</strong></span> <span class='ocrx_word' id='word_1_538' title='bbox 884 5837 921 5900; x_wconf 90' lang='lat' dir='ltr'><strong>de</strong></span> <span class='ocrx_word' id='word_1_539' title='bbox 943 5836 1003 5901; x_wconf 86' lang='lat' dir='ltr'><strong>biis</strong></span> <span class='ocrx_word' id='word_1_540' title='bbox 1027 5859 1084 5922; x_wconf 79' lang='lat' dir='ltr'><strong>pne</strong></span> <span class='ocrx_word' id='word_1_541' title='bbox 1106 5839 1224 5902; x_wconf 85' lang='lat' dir='ltr'><strong>eerrient</strong></span> <span class='ocrx_word' id='word_1_542' title='bbox 1247 5838 1290 5901; x_wconf 94' lang='lat' dir='ltr'><strong>ad</strong></span> <span class='ocrx_word' id='word_1_543' title='bbox 1313 5860 1424 5902; x_wconf 88' lang='lat' dir='ltr'><strong>rnarrus</strong></span> <span class='ocrx_word' id='word_1_544' title='bbox 1447 5860 1529 5903; x_wconf 88' lang='lat' dir='ltr'><strong>rrreas</strong></span> <span class='ocrx_word' id='word_1_545' title='bbox 1545 5860 1607 5922; x_wconf 90' lang='lat' dir='ltr'><strong>pro</strong></span> <span class='ocrx_word' id='word_1_546' title='bbox 1626 5838 1777 5923; x_wconf 81' lang='lat' dir='ltr'><strong>Capitale,</strong></span> <span class='ocrx_word' id='word_1_547' title='bbox 1795 5841 1839 5904; x_wconf 88' lang='lat' dir='ltr'><strong>rel</strong></span> <span class='ocrx_word' id='word_1_548' title='bbox 1855 5841 1897 5904; x_wconf 89' lang='lat' dir='ltr'><strong>ad</strong></span> <span class='ocrx_word' id='word_1_549' title='bbox 1915 5841 2137 5905; x_wconf 85' lang='lat' dir='ltr'><strong>Cornuuitatem</strong></span> 
     </span>
     <span class='ocr_line' id='line_1_46' title="bbox 312 5940 2136 6032; baseline 0.005 -31"><span class='ocrx_word' id='word_1_550' title='bbox 312 5943 467 6022; x_wconf 87' lang='lat' dir='ltr'><strong>pertinent</strong></span> <span class='ocrx_word' id='word_1_551' title='bbox 500 5942 545 6004; x_wconf 85' lang='lat' dir='ltr'><strong>rel</strong></span> <span class='ocrx_word' id='word_1_552' title='bbox 568 5941 776 6025; x_wconf 89' lang='lat' dir='ltr'><strong>pertinebunt.</strong></span> <span class='ocrx_word' id='word_1_553' title='bbox 802 5940 935 6006; x_wconf 83' lang='lat' dir='ltr'><strong>Nullum</strong></span> <span class='ocrx_word' id='word_1_554' title='bbox 964 5945 1087 6008; x_wconf 90' lang='lat' dir='ltr'><strong>electum</strong></span> <span class='ocrx_word' id='word_1_555' title='bbox 1111 5953 1138 6008; x_wconf 87' lang='lat' dir='ltr'><strong>et</strong></span> <span class='ocrx_word' id='word_1_556' title='bbox 1161 5945 1375 6028; x_wconf 82' lang='lat' dir='ltr'><strong>corrfirmatum</strong></span> <span class='ocrx_word' id='word_1_557' title='bbox 1399 5949 1430 6009; x_wconf 90' lang='lat' dir='ltr'><strong>in</strong></span> <span class='ocrx_word' id='word_1_558' title='bbox 1458 5945 1645 6009; x_wconf 79' lang='lat' dir='ltr'><strong>Cerrrouirurn</strong></span> <span class='ocrx_word' id='word_1_559' title='bbox 1672 5948 1833 6010; x_wconf 78' lang='lat' dir='ltr'><strong>errlmittarn</strong></span> <span class='ocrx_word' id='word_1_560' title='bbox 1856 5947 1898 6010; x_wconf 84' lang='lat' dir='ltr'><strong>ad</strong></span> <span class='ocrx_word' id='word_1_561' title='bbox 1914 5951 2136 6032; x_wconf 85' lang='lat' dir='ltr'><strong>perceptionem</strong></span> 
     </span>
     <span class='ocr_line' id='line_1_47' title="bbox 317 6045 2137 6148; baseline 0.005 -40"><span class='ocrx_word' id='word_1_562' title='bbox 317 6045 451 6129; x_wconf 79' lang='lat' dir='ltr'><strong>bcnefirij</strong></span> <span class='ocrx_word' id='word_1_563' title='bbox 470 6049 515 6110; x_wconf 85' lang='lat' dir='ltr'><strong>rel</strong></span> <span class='ocrx_word' id='word_1_564' title='bbox 537 6050 663 6112; x_wconf 87' lang='lat' dir='ltr'><strong>consilia</strong></span> <span class='ocrx_word' id='word_1_565' title='bbox 689 6048 835 6134; x_wconf 74' lang='lat' dir='ltr'><strong>Cepritnli,</strong></span> <span class='ocrx_word' id='word_1_566' title='bbox 859 6052 920 6113; x_wconf 92' lang='lat' dir='ltr'><strong>nisi</strong></span> <span class='ocrx_word' id='word_1_567' title='bbox 939 6053 1042 6134; x_wconf 88' lang='lat' dir='ltr'><strong>primo</strong></span> <span class='ocrx_word' id='word_1_568' title='bbox 1056 6053 1213 6134; x_wconf 84' lang='lat' dir='ltr'><strong>jurarerit</strong></span> <span class='ocrx_word' id='word_1_569' title='bbox 1236 6053 1279 6116; x_wconf 87' lang='lat' dir='ltr'><strong>ad</strong></span> <span class='ocrx_word' id='word_1_570' title='bbox 1301 6061 1404 6116; x_wconf 89' lang='lat' dir='ltr'><strong>sanctu</strong></span> <span class='ocrx_word' id='word_1_571' title='bbox 1428 6052 1489 6117; x_wconf 89' lang='lat' dir='ltr'><strong>Dei</strong></span> <span class='ocrx_word' id='word_1_572' title='bbox 1512 6053 1681 6138; x_wconf 81' lang='lat' dir='ltr'><strong>Errrnpeb&#39;a</strong></span> <span class='ocrx_word' id='word_1_573' title='bbox 1700 6057 1802 6118; x_wconf 83' lang='lat' dir='ltr'><strong>ornrria</strong></span> <span class='ocrx_word' id='word_1_574' title='bbox 1823 6063 1850 6119; x_wconf 89' lang='lat' dir='ltr'><strong>et</strong></span> <span class='ocrx_word' id='word_1_575' title='bbox 1865 6057 1986 6140; x_wconf 80' lang='lat' dir='ltr'><strong>sinpnlu</strong></span> <span class='ocrx_word' id='word_1_576' title='bbox 1997 6056 2137 6148; x_wconf 82' lang='lat' dir='ltr'><strong>predicta</strong></span> 
     </span>
     <span class='ocr_line' id='line_1_48' title="bbox 321 6153 2138 6246; baseline 0.005 -30"><span class='ocrx_word' id='word_1_577' title='bbox 321 6153 464 6237; x_wconf 73' lang='lat' dir='ltr'><strong>tlrpritula</strong></span> <span class='ocrx_word' id='word_1_578' title='bbox 487 6153 652 6220; x_wconf 79' lang='lat' dir='ltr'><strong>obseruare.</strong></span> <span class='ocrx_word' id='word_1_579' title='bbox 672 6156 722 6220; x_wconf 85' lang='lat' dir='ltr'><strong>Sic</strong></span> <span class='ocrx_word' id='word_1_580' title='bbox 739 6177 785 6222; x_wconf 82' lang='lat' dir='ltr'><strong>rna</strong></span> <span class='ocrx_word' id='word_1_581' title='bbox 799 6157 888 6221; x_wconf 88' lang='lat' dir='ltr'><strong>Deus</strong></span> <span class='ocrx_word' id='word_1_582' title='bbox 902 6159 1025 6240; x_wconf 76' lang='lat' dir='ltr'><strong>adjuret</strong></span> <span class='ocrx_word' id='word_1_583' title='bbox 1041 6167 1068 6222; x_wconf 88' lang='lat' dir='ltr'><strong>et</strong></span> <span class='ocrx_word' id='word_1_584' title='bbox 1083 6159 1135 6223; x_wconf 83' lang='lat' dir='ltr'><strong>bec</strong></span> <span class='ocrx_word' id='word_1_585' title='bbox 1149 6168 1254 6224; x_wconf 80' lang='lat' dir='ltr'><strong>serrula</strong></span> <span class='ocrx_word' id='word_1_586' title='bbox 1272 6160 1332 6223; x_wconf 85' lang='lat' dir='ltr'><strong>Dei</strong></span> <span class='ocrx_word' id='word_1_587' title='bbox 1348 6160 1517 6246; x_wconf 84' lang='lat' dir='ltr'><strong>Erarrpelio</strong></span> <span class='ocrx_word' id='word_1_588' title='bbox 1530 6163 1579 6225; x_wconf 83' lang='lat' dir='ltr'><strong>(ll.</strong></span> <span class='ocrx_word' id='word_1_589' title='bbox 1598 6161 1772 6226; x_wconf 87' lang='lat' dir='ltr'><strong>Secundum</strong></span> <span class='ocrx_word' id='word_1_590' title='bbox 1784 6165 1986 6246; x_wconf 88' lang='lat' dir='ltr'><strong>prescriptam</strong></span> <span class='ocrx_word' id='word_1_591' title='bbox 2001 6163 2138 6245; x_wconf 78' lang='lat' dir='ltr'><strong>farinam</strong></span> 
     </span>
     <span class='ocr_line' id='line_1_49' title="bbox 315 6263 2138 6354; baseline 0.005 -31"><span class='ocrx_word' id='word_1_592' title='bbox 315 6263 500 6324; x_wconf 79' lang='lat' dir='ltr'><strong>iurauerunt</strong></span> <span class='ocrx_word' id='word_1_593' title='bbox 524 6263 769 6347; x_wconf 79' lang='lat' dir='ltr'><strong>Arclripresbiter</strong></span> <span class='ocrx_word' id='word_1_594' title='bbox 791 6271 817 6328; x_wconf 91' lang='lat' dir='ltr'><strong>et</strong></span> <span class='ocrx_word' id='word_1_595' title='bbox 840 6285 942 6329; x_wconf 89' lang='lat' dir='ltr'><strong>onmes</strong></span> <span class='ocrx_word' id='word_1_596' title='bbox 966 6273 993 6329; x_wconf 89' lang='lat' dir='ltr'><strong>ct</strong></span> <span class='ocrx_word' id='word_1_597' title='bbox 1015 6267 1131 6350; x_wconf 87' lang='lat' dir='ltr'><strong>sinpuli</strong></span> <span class='ocrx_word' id='word_1_598' title='bbox 1153 6268 1210 6330; x_wconf 87' lang='lat' dir='ltr'><strong>alii</strong></span> <span class='ocrx_word' id='word_1_599' title='bbox 1236 6266 1381 6331; x_wconf 89' lang='lat' dir='ltr'><strong>Canonici</strong></span> <span class='ocrx_word' id='word_1_600' title='bbox 1406 6293 1434 6331; x_wconf 75' lang='grc' dir='ltr'><strong>ι.</strong></span> <span class='ocrx_word' id='word_1_601' title='bbox 1459 6267 1550 6330; x_wconf 92' lang='lat' dir='ltr'><strong>Nulli</strong></span> <span class='ocrx_word' id='word_1_602' title='bbox 1575 6290 1653 6354; x_wconf 89' lang='lat' dir='ltr'><strong>ergo</strong></span> <span class='ocrx_word' id='word_1_603' title='bbox 1685 6269 1813 6332; x_wconf 90' lang='lat' dir='ltr'><strong>omnino</strong></span> <span class='ocrx_word' id='word_1_604' title='bbox 1845 6268 2009 6333; x_wconf 91' lang='lat' dir='ltr'><strong>hominum</strong></span> <span class='ocrx_word' id='word_1_605' title='bbox 2043 6269 2138 6333; x_wconf 85' lang='lat' dir='ltr'><strong>licent</strong></span> 
     </span>
    </p>
   </div>
   <div class='ocr_carea' id='block_1_6' title="bbox 397 6491 1976 6564">
    <p class='ocr_par' dir='ltr' id='par_1_9' title="bbox 397 6491 1976 6564">
     <span class='ocr_line' id='line_1_50' title="bbox 397 6491 1976 6564; baseline 0.006 -23"><span class='ocrx_word' id='word_1_606' title='bbox 397 6493 436 6558; x_wconf 83' lang='lat'><strong>(1)</strong></span> <span class='ocrx_word' id='word_1_607' title='bbox 457 6491 488 6542; x_wconf 92' lang='lat' dir='ltr'><strong>In</strong></span> <span class='ocrx_word' id='word_1_608' title='bbox 511 6493 649 6561; x_wconf 83' lang='lat' dir='ltr'><strong>margine:</strong></span> <span class='ocrx_word' id='word_1_609' title='bbox 670 6511 684 6543; x_wconf 78' lang='lat' dir='ltr'><strong>a</strong></span> <span class='ocrx_word' id='word_1_610' title='bbox 706 6493 808 6545; x_wconf 84' lang='lat' dir='ltr'><strong>Forma</strong></span> <span class='ocrx_word' id='word_1_611' title='bbox 822 6495 978 6560; x_wconf 86' lang='lat' dir='ltr'><strong>juramenti</strong></span> <span class='ocrx_word' id='word_1_612' title='bbox 995 6496 1187 6562; x_wconf 79' lang='lat' dir='ltr'><strong>satimrdapcr</strong></span> <span class='ocrx_word' id='word_1_613' title='bbox 1206 6499 1452 6562; x_wconf 73' lang='lat' dir='ltr'><strong>trecassenorum,</strong></span> <span class='ocrx_word' id='word_1_614' title='bbox 1470 6499 1554 6563; x_wconf 76' lang='lat' dir='ltr'><strong>fierrdi</strong></span> <span class='ocrx_word' id='word_1_615' title='bbox 1572 6504 1633 6549; x_wconf 87' lang='lat' dir='ltr'><strong>oute</strong></span> <span class='ocrx_word' id='word_1_616' title='bbox 1651 6515 1731 6564; x_wconf 85' lang='lat' dir='ltr'><strong>quam</strong></span> <span class='ocrx_word' id='word_1_617' title='bbox 1752 6499 1933 6550; x_wconf 83' lang='lat' dir='ltr'><strong>arlrrrittantur</strong></span> <span class='ocrx_word' id='word_1_618' title='bbox 1953 6516 1976 6550; x_wconf 82' lang='lat' dir='ltr'><strong>u.</strong></span> 
     </span>
    </p>
   </div>
   <div class='ocr_carea' id='block_1_7' title="bbox 469 6720 589 6758">
    <p class='ocr_par' dir='ltr' id='par_1_10' title="bbox 469 6720 589 6758">
     <span class='ocr_line' id='line_1_51' title="bbox 469 6720 589 6758; baseline 0.017 -2"><span class='ocrx_word' id='word_1_619' title='bbox 469 6720 536 6757; x_wconf 76' lang='grc' dir='ltr'>ΤΟΜ.</span> <span class='ocrx_word' id='word_1_620' title='bbox 556 6722 589 6758; x_wconf 90' lang='lat'><strong>11.</strong></span> 
     </span>
    </p>
   </div>
   <div class='ocr_carea' id='block_1_8' title="bbox 0 0 2748 7746">
    <p class='ocr_par' dir='ltr' id='par_1_11' title="bbox 0 0 2748 7746">
     <span class='ocr_line' id='line_1_52' title="bbox 0 0 2748 7746; baseline 0 0"><span class='ocrx_word' id='word_1_621' title='bbox 0 0 2748 7746; x_wconf 95' lang='lat' dir='ltr'><strong> </strong></span> 
     </span>
    </p>
   </div>
  </div>
 </body>
</html>
