5484 7746
1435 643 1676 694 monumen

1520 1011 1584 1076 Ill.

1402 1225 1499 1308 1214,
1524 1227 1543 1286 5
1567 1225 1702 1290 octobris.

984 1437 1037 1502 Ex
1060 1437 1158 1501 Arch.
1184 1436 1272 1502 Max.
1297 1437 1389 1521 bon,
1415 1438 1448 1502 in
1472 1437 1612 1523 Reqistro
1638 1438 1761 1522 Groeso,
1785 1439 1840 1503 lib.
1865 1439 1911 1522 I.,
1935 1460 1962 1504 c.
1987 1442 2051 1503 209
2076 1435 2120 1504 v.⁰

729 1650 768 1713 Iu
791 1651 920 1715 nomine
944 1658 1054 1715 sancte
1079 1658 1111 1715 et
1135 1651 1300 1717 individue
1324 1651 1501 1716 Trinitatis.
1525 1652 1622 1716 Anno
1639 1652 1771 1716 Domini
1787 1653 1956 1716 millesimo
1973 1653 2191 1718 ducentesimo
2208 1653 2456 1738 quartodecimo,

641 1757 693 1821 die
716 1757 886 1840 dominico,
912 1759 1023 1844 quinto
1052 1759 1192 1823 intrante
1225 1759 1375 1842 octubro,
1401 1759 1574 1823 indictione
1606 1759 1758 1824 secunda.
1780 1760 1917 1824 Paetum
1941 1760 2172 1824 recordationis
2204 1760 2245 1824 ad
2272 1762 2457 1825 memoriam

641 1865 842 1929 retinendam
866 1865 987 1930 factum
1012 1865 1053 1930 ad
1077 1865 1120 1948 id,
1138 1866 1177 1930 de
1201 1889 1264 1952 quo
1288 1867 1323 1930 fit
1340 1867 1372 1930 in
1389 1887 1426 1932 eo
1444 1866 1563 1931 mentio
1586 1867 1757 1932 firmitatis.
1775 1867 1856 1932 Cum
1878 1875 2011 1954 propter
2032 1868 2265 1932 habitationem
2286 1875 2318 1932 et
2334 1889 2457 1932 moram

642 1973 817 2058 proborum
839 1973 982 2036 virorum
1004 1973 1101 2037 urbes
1123 1980 1155 2037 et
1179 1973 1250 2038 loca
1274 1980 1524 2058 augmententur
1546 1980 1579 2038 et
1602 1975 1732 2038 honoris
1764 1975 1941 2061 suscipiant
1972 1975 2221 2058 incrementum,
2246 1977 2381 2040 accessit
2402 1975 2459 2040 do-

644 2081 748 2144 minus
765 2081 839 2166 Ugo
856 2081 895 2144 de
911 2081 1030 2164 Lucca,
1044 2081 1197 2164 medicus,
1211 2089 1286 2146 aute
1303 2082 1466 2146 dominnm
1483 2081 1659 2146 Rodolfum
1677 2082 1834 2146 Gnidonis
1850 2083 2075 2169 Bergognonis
2092 2085 2251 2166 comitem,
2268 2090 2460 2168 potestatem

640 2187 796 2270 Bououie,
814 2195 846 2251 et
863 2189 1026 2252 dominum
1051 2187 1222 2252 Albertum
1246 2189 1383 2254 Gerardi
1408 2190 1446 2252 de
1472 2189 1574 2272 (liele,
1592 2197 1833 2274 procuratorem
1856 2190 2000 2254 comunis
2015 2190 2173 2272 Bononio,
2191 2211 2274 2253 nunc
2292 2191 2342 2253 sui
2357 2190 2458 2254 vicem

641 2301 807 2380 gerentem
831 2302 862 2359 et
887 2294 1007 2358 domini
1031 2295 1187 2359 Graidani
1212 2295 1474 2378 Jeremiensium,
1498 2296 1569 2380 ejus
1593 2297 1688 2379 socii,
1713 2297 1845 2383 cupiens
1870 2297 1952 2361 effici
1975 2297 2054 2361 civis
2078 2297 2216 2360 civitatis
2239 2297 2402 2380 Bononia,
2426 2304 2459 2361 et

640 2401 898 2488 pro-citadantia
922 2404 982 2467 hec
1005 2402 1211 2488 infrascripta
1235 2402 1296 2466 sibi
1320 2423 1339 2465 a
1363 2403 1491 2468 comuni
1513 2403 1659 2467 Bononie
1683 2404 1751 2467 fieri
1777 2404 1962 2490 postulabat
1986 2404 2018 2467 in
2042 2404 2127 2468 huuc
2157 2403 2305 2468 modum:
2335 2429 2349 2460 ι
2373 2403 2459 2468 Petit

644 2509 792 2573 domiuus
815 2510 899 2594 Ugo,
924 2511 1080 2592 lucensis,
1105 2510 1264 2592 medicus,
1290 2531 1308 2572 a
1333 2510 1460 2574 comuni
1484 2510 1647 2592 Bononie,
1671 2518 1707 2574 ut
1730 2511 1791 2575 sibi
1816 2518 1848 2575 et
1870 2511 1935 2574 suis
1959 2510 2131 2575 heredibus
2155 2533 2290 2575 comune
2313 2511 2458 2575 Bononia

642 2617 796 2683 concedat
821 2618 852 2680 in
876 2616 1007 2681 feudum
1032 2624 1201 2681 sexcentas
1226 2616 1325 2681 libras
1349 2619 1602 2681 bouonenorum.
1628 2618 1703 2704 lpse
1726 2626 1834 2682 autem
1858 2619 1890 2682 in
1913 2619 1999 2682 hune
2022 2618 2151 2682 modum
2168 2619 2293 2704 probis
2310 2618 2459 2682 vultser·

641 2727 708 2789 rire
733 2725 860 2789 comuni
882 2724 1038 2807 Bononie,
1064 2725 1231 2788 annuatim
1254 2746 1313 2789 sex
1336 2746 1462 2788 meuses
1488 2726 1637 2789 continue
1661 2727 1731 2790 vnit
1759 2726 1906 2790 habitare
1934 2748 2005 2790 cum
2038 2747 2097 2789 sna
2124 2726 2248 2790 familia
2273 2726 2459 2789 incivitate

639 2833 803 2914 Bononia,
828 2841 859 2896 et
884 2832 969 2896 ultra
993 2855 1050 2918 per
1073 2833 1153 2896 duos
1177 2855 1303 2896 menses
1327 2833 1460 2896 arbitrio
1484 2833 1659 2897 Potestatis
1684 2834 1738 2918 qui
1762 2855 1819 2920 pro
1843 2841 1987 2921 tempore
2011 2832 2119 2898 luerit.
2145 2833 2180 2897 Si
2208 2840 2317 2897 autem
2351 2833 2457 2918 aliquo

641 2961 717 3004 casn
742 2947 826 3003 esset
850 2947 943 3002 extra
967 2941 1130 3003 civitatem
1160 2962 1197 3004 eo
1221 2947 1365 3026 tempore
1391 2961 1452 3025 qno
1477 2947 1604 3004 tenetur
1628 2947 1714 3004 stare
1739 2941 1771 3004 in
1796 2942 1943 3022 civitate,
1968 2948 2044 3005 tunc
2075 2947 2223 3005 teneatur
2253 2940 2363 3004 venire
2394 2941 2458 3004 suis

640 3047 801 3132 expensis,
826 3048 853 3109 si
876 3068 1006 3110 neeesse
1031 3046 1143 3126 fuerit,
1169 3055 1200 3111 et
1225 3069 1334 3111 omnes
1358 3047 1573 3110 bononienses
1604 3049 1751 3132 jurantes
1780 3049 2015 3134 sequimentnm
2048 3055 2080 3111 et
2111 3070 2222 3112 eorum
2255 3047 2394 3110 familias
2424 3047 2457 3110 in

642 3154 772 3218 civitate
796 3154 979 3218 habitantes
1008 3162 1039 3218 et
1063 3177 1173 3219 omnes
1197 3155 1400 3218 comitatinos
1424 3155 1610 3219 vulneratos
1634 3163 1665 3219 et
1689 3164 1810 3241 ruptos,
1835 3162 1946 3241 ruptos
1970 3155 2092 3219 seilicet
2116 3154 2308 3240 intelligitur
2331 3154 2370 3219 de
2394 3155 2457 3218 eal-

641 3261 731 3325 tretis
748 3268 780 3324 et
804 3261 947 3324 contritis
971 3261 1066 3324 etde
1091 3283 1186 3325 earne
1211 3264 1358 3344 contrita,
1384 3261 1539 3326 facientes
1563 3285 1597 3326 se
1622 3263 1740 3326 deferri
1765 3262 1805 3325 ad
1831 3263 2004 3345 civitatem,
2023 3263 2183 3326 medicare
2208 3271 2240 3326 et
2263 3283 2387 3343 curare,
2404 3283 2459 3325 ex-

639 3369 740 3454 ceptis
763 3368 956 3432 habentibus
981 3375 1185 3453 crepaturam
1210 3369 1352 3450 inferius,
1371 3369 1455 3432 undo
1479 3369 1624 3454 sequitur
1648 3370 1739 3432 cruia
1763 3377 1907 3455 tempore
1929 3369 2141 3455 procedente;
2158 3379 2190 3433 et
2206 3391 2270 3433 nou
2287 3370 2357 3432 vult
2373 3367 2458 3453 quod

641 3476 757 3560 aliquis
781 3475 997 3560 predictorum
1021 3477 1051 3539 ei
1075 3477 1274 3560 astringatur
1296 3483 1391 3562 paeto
1416 3477 1476 3540 sibi
1500 3476 1655 3540 salarium
1679 3477 1766 3558 dare,
1792 3477 1936 3562 exceptis
1961 3477 2202 3559 comitatiuis,a
2225 3476 2341 3562 quibus
2365 3477 2461 3539 liceat

640 3582 686 3646 eis
711 3583 744 3645 in
767 3581 852 3645 huno
878 3581 1007 3645 modum
1031 3582 1212 3668 percipere:
1239 3583 1360 3646 scilicet
1384 3604 1404 3645 a
1427 3583 1624 3668 pauperibus
1649 3583 1757 3665 nichil,
1782 3605 1801 3646 a
1826 3583 2025 3646 mediastinis
2057 3604 2133 3647 vcro
2164 3582 2206 3646 ad
2237 3603 2335 3646 unum
2368 3583 2459 3668 plau·

644 3697 745 3752 strum
769 3689 949 3774 lignorum3
974 3711 993 3752 a
1017 3689 1169 3753 divitibus
1194 3690 1245 3753 vel
1268 3713 1324 3753 xx.
1349 3690 1456 3753 soldos
1480 3691 1531 3754 vel
1556 3691 1735 3776 plaustrum
1760 3691 1844 3773 leni,
1870 3697 1901 3754 et
1924 3691 1986 3754 lroe
2009 3690 2065 3754 fiat
2089 3691 2122 3754 iu
2146 3689 2280 3754 arbitrio
2303 3691 2461 3753 dictorum

642 3797 911 3878 comitatinorum,
929 3806 1037 3860 utrum
1060 3797 1222 3860 voluerint
1239 3797 1299 3860 sibi
1316 3797 1393 3860 dare
1411 3797 1530 3880 fenum,
1548 3797 1600 3860 vel
1623 3798 1739 3882 rigiuti
1755 3798 1861 3861 soldos
1878 3798 2131 3879 bouonenorum,
2148 3804 2180 3860 et
2197 3797 2257 3860 hoo
2274 3797 2300 3860 si
2317 3796 2460 3881 graviter

640 3905 737 3968 suerit
764 3904 970 3986 vulneratus,
996 3905 1047 3968 vel
1071 3904 1221 3967 habuerit
1244 3904 1302 3968 hos
1326 3904 1465 3968 fractum
1489 3904 1541 3968 vel
1565 3904 1765 3986 delecatnm,
1790 3905 1912 3968 scilicet
1936 3903 2021 3989 quod
2045 3904 2141 3968 liceat
2164 3911 2273 3989 petere
2301 3925 2343 3966 ex
2366 3911 2461 3988 pacto

640 4011 680 4075 de
704 4013 773 4076 istis
797 4012 1079 4075 infirmitatibusa
1108 4012 1312 4076 comitatiuis.
1336 4010 1386 4075 De
1419 4012 1491 4074 aliis
1523 4012 1715 4097 supradictis
1750 4012 1990 4075 infirmitatibus
2021 4018 2170 4075 teneatur
2200 4018 2236 4074 ut
2267 4011 2399 4075 civibus.
2424 4009 2462 4074 Si

640 4127 749 4182 autem
773 4119 886 4183 civitas
910 4141 1060 4203 guerram
1085 4119 1229 4201 liaberet,
1246 4119 1298 4182 vel
1323 4118 1350 4181 si
1374 4119 1460 4183 cives
1484 4119 1568 4183 inter
1591 4141 1625 4182 se
1649 4141 1800 4204 guerram
1824 4119 1991 4202 haberent,
2009 4118 2094 4204 quod
2111 4118 2200 4182 Deus
2217 4118 2375 4200 advertat,
2392 4124 2461 4181 toto

639 4233 783 4310 tempore
807 4247 922 4310 guerre
947 4227 1016 4289 vult
1039 4226 1186 4289 habitare
1212 4227 1244 4288 in
1269 4226 1409 4290 civitate.
1436 4227 1470 4290 Si
1494 4233 1602 4290 autem
1627 4234 1720 4290 extra
1745 4227 1908 4290 civitatem
1932 4233 2016 4290 esset
2046 4226 2101 4289 illo
2135 4233 2295 4312 tempore,
2320 4226 2372 4288 vel
2396 4225 2460 4287 illis

640 4332 803 4397 mensibus
821 4333 936 4418 quibus
960 4334 1072 4396 liceret
1095 4334 1125 4396 ei
1149 4333 1296 4398 habitare
1321 4341 1424 4417 extra,
1442 4343 1474 4397 et
1498 4335 1614 4419 aliquis
1634 4334 1841 4398 bononiensis
1857 4334 1909 4398 vel
1934 4335 2138 4397 eomitatinus
2162 4334 2350 4397 vnlneratus
2374 4339 2460 4396 esset

639 4441 691 4503 vel
715 4447 839 4525 ruptus,
864 4441 916 4503 vel
940 4441 1075 4504 haberet
1097 4442 1155 4505 hos
1180 4448 1310 4527 ruptum
1333 4443 1385 4504 vel
1410 4441 1609 4523 delooatnm,
1630 4442 1699 4505 vult
1724 4443 1826 4505 teneri
1850 4441 1890 4505 ad
1915 4441 2110 4504 veniendum
2133 4441 2175 4504 ad
2198 4462 2273 4504 eum
2296 4440 2458 4503 medican-

640 4548 726 4630 dum,
751 4548 827 4610 dum
852 4556 959 4611 tamon
984 4548 1025 4612 ab
1051 4571 1088 4612 eo
1113 4549 1270 4635 percipiat
1293 4571 1394 4634 usque
1419 4549 1460 4612 ad
1485 4557 1555 4612 octo
1579 4549 1678 4612 libras
1703 4549 1946 4612 bouonenorum
1963 4555 1995 4612 et
2011 4570 2075 4611 non
2093 4549 2177 4611 ultra
2192 4570 2251 4633 pro
2268 4569 2325 4612 suo
2342 4548 2460 4611 viatico

638 4655 789 4719 veniendi
813 4663 845 4719 et
869 4655 1035 4738 redeundi,
1061 4657 1123 4720 nisi
1146 4656 1294 4740 egritudo
1318 4658 1367 4720 sui
1391 4656 1501 4719 fratris
1525 4657 1576 4719 vel
1601 4657 1729 4738 sororis,
1751 4657 1802 4720 vel
1827 4656 1886 4718 lilii
1909 4655 2028 4738 fratris,
2046 4655 2099 4719 vel
2123 4655 2231 4718 fratris
2255 4655 2365 4719 uxoris
2386 4677 2461 4718 enm

640 4762 819 4848 impediret.
837 4763 879 4826 Et
903 4764 936 4826 in
960 4764 1046 4827 omni
1070 4765 1215 4827 exercitu
1239 4763 1385 4826 Bononie
1410 4764 1479 4826 vult
1503 4785 1573 4827 csse
1598 4764 1663 4826 suis
1689 4765 1839 4850 expensis
1863 4769 1895 4826 et
1919 4763 2078 4826 medicare
2096 4769 2256 4826 etcurare
2279 4763 2462 4847 omnesqui

640 4877 747 4932 essent
771 4870 804 4933 in
829 4871 990 4952 exercitu,
1016 4871 1047 4933 in
1072 4871 1203 4934 servitio
1228 4871 1371 4934 comunis
1396 4871 1542 4934 Bononie
1567 4871 1688 4934 scilicet
1712 4871 1856 4934 forenses
1881 4869 2017 4933 durante
2042 4870 2196 4933 exercitu.
2222 4868 2256 4933 Si
2287 4891 2364 4933 vero
2395 4890 2462 4932 non

639 4976 774 5040 haberet
797 4978 938 5063 aliquem
962 4978 1130 5054 heredem,
1156 4979 1211 5063 quj
1235 4977 1424 5041 medicando
1449 4979 1545 5042 sciret
1569 4979 1730 5042 deservire
1760 4978 1891 5041 seudum
1922 4978 2066 5060 eomnni,
2091 4985 2167 5041 tunc
2190 4984 2394 5040 revertantur
2417 4977 2460 5040 ad

640 5105 775 5148 conrune
812 5085 967 5149 ducentas
1003 5085 1103 5148 libras
1140 5085 1179 5148 de
1215 5084 1376 5170 predictis.
1409 5086 1634 5150 Possessiones
1665 5092 1771 5172 empto
1804 5085 1843 5148 de
1875 5084 2011 5148 residuis
2043 5106 2125 5149 ccco.
2157 5084 2239 5149 libre
2273 5089 2463 5147 remaneant

639 5193 670 5254 iu
697 5191 828 5255 seudum
852 5193 925 5255 filiis
950 5192 1033 5274 suis,
1058 5193 1110 5256 vel
1143 5192 1412 5256 descendentibus
1444 5193 1595 5256 masculis
1629 5193 1801 5277 legitimis,
1826 5193 1881 5277 qui
1904 5199 2076 5255 teneantur
2100 5193 2221 5255 servire
2246 5191 2373 5255 comuni
2396 5190 2460 5254 Bo·

639 5299 744 5380 nonia,
769 5305 804 5361 ut
828 5299 884 5361 alii
907 5297 1026 5361 vasalli
1049 5305 1200 5361 tenentur
1223 5299 1344 5362 serviro
1368 5299 1504 5361 dominis
1529 5299 1611 5380 suis,
1637 5306 1669 5362 et
1692 5299 1762 5361 vult
1786 5298 1870 5383 quod
1894 5303 1962 5361 tota
1982 5299 2051 5382 jam
2068 5296 2153 5361 dicta
2169 5297 2306 5383 pecunia
2322 5303 2462 5383 ponatur

639 5407 671 5469 in
696 5406 910 5490 emptionibus
941 5405 1158 5491 predictorum
1187 5406 1219 5468 in
1252 5406 1405 5469 comitatu
1430 5406 1481 5469 vel
1506 5406 1635 5468 civitate
1659 5405 1805 5469 Bononia
1830 5405 1998 5486 decenter,
2024 5405 2092 5468 sinc
2115 5404 2268 5490 predictis
2301 5404 2460 5467 sexcentis

638 5512 748 5594 libris,
773 5520 806 5576 et
828 5513 925 5576 debet
948 5533 1125 5598 conparare
1152 5512 1204 5576 vel
1236 5513 1355 5576 habore
1379 5514 1543 5599 propriam
1568 5513 1698 5576 domum
1722 5513 1754 5576 in
1778 5513 1907 5576 civitate
1930 5512 2077 5577 Bononia
2101 5512 2142 5575 ab
2166 5533 2251 5575 anno
2280 5533 2362 5574 novo
2387 5532 2460 5598 pro·

639 5621 727 5684 ximo
753 5620 795 5683 ad
819 5642 918 5683 unum
942 5641 1071 5682 annum.
1096 5619 1257 5684 Peccunia
1282 5629 1390 5684 antem
1415 5620 1550 5684 debetur
1573 5620 1632 5684 sibi
1664 5620 1735 5683 dari
1760 5643 1779 5682 a
1804 5620 1931 5684 comuni
1964 5620 2110 5684 Bononia
2140 5619 2215 5683 hino
2240 5619 2281 5682 nd
2304 5617 2460 5682 kalendas

636 5728 721 5813 junij
748 5728 904 5813 proximi,
929 5734 961 5789 et
985 5748 1136 5812 compara
1170 5729 1407 5812 possessionum
1432 5727 1527 5791 debet
1552 5727 1637 5791 dicto
1662 5728 1798 5791 termino
1822 5727 1901 5790 lieri.
1926 5726 1968 5790 Et
1992 5727 2019 5789 si
2043 5747 2195 5812 compara
2222 5726 2461 5812 possessionum

638 5856 702 5899 uon
726 5842 835 5921 posset
859 5835 928 5897 fieri
953 5834 1084 5898 comode
1110 5835 1247 5898 termino
1269 5837 1338 5919 jam
1362 5835 1465 5917 dicto,
1489 5835 1607 5898 debeat
1630 5835 1699 5899 lieri
1724 5857 1743 5897 a
1767 5835 1903 5898 termino
1932 5834 2089 5898 kalendas
2110 5834 2195 5918 junii
2214 5835 2284 5917 jam
2309 5833 2392 5898 dicto
2416 5833 2459 5895 ad

638 5965 738 6006 uuum
755 5963 885 6005 annum.
905 5941 939 6006 Si
956 5947 1064 6004 tamen
1083 5943 1237 6026 peccunia
1255 5943 1340 6005 dicta
1357 5943 1474 6005 debeat
1498 5942 1567 6005 dari
1593 5943 1720 6005 interim
1745 5942 1938 6026 quibusdam
1962 5941 2001 6004 de
2019 5941 2148 6004 civitate
2165 5939 2322 6022 Bononio,
2341 5941 2394 6025 qui
2409 5961 2461 6002 re-

637 6051 763 6114 tineant
787 6071 859 6114 eam
882 6071 941 6136 pro
966 6049 1112 6132 Comuni,
1131 6056 1162 6112 et
1186 6071 1244 6135 pro
1268 6072 1306 6113 eo
1330 6058 1361 6113 et
1386 6050 1454 6135 ipse
1480 6051 1634 6134 magister
1657 6049 1731 6133 U'go
1756 6049 1875 6112 habeat
1898 6049 2072 6112 utilitatem
2097 6048 2313 6130 denariorum,
2337 6047 2461 6110 tamdiu

637 6168 670 6224 et
693 6159 724 6222 in
750 6180 788 6223 eo
806 6159 942 6221 termino
960 6165 1108 6221 tenentur
1126 6180 1242 6222 emere.
1260 6158 1310 6222 De
1328 6180 1391 6244 qua
1408 6159 1570 6243 emptione
1587 6179 1721 6222 comune
1739 6158 1885 6222 Bononie
1902 6179 2000 6220 unum
2019 6158 2267 6220 instrumentum
2282 6157 2410 6238 habeat,
2427 6163 2462 6219 et

637 6267 794 6350 magister
817 6265 891 6351 Ugo
917 6265 1006 6329 aliud
1031 6291 1060 6328 ».
1087 6265 1156 6340 Qus
1177 6267 1284 6329 omnia
1305 6266 1534 6352 suprascripta,
1552 6266 1634 6328 utin
1652 6265 1870 6351 suprascripto
1895 6265 2106 6328 instrumento
2131 6265 2334 6328 continentur
2358 6263 2461 6327 dietus

638 6375 793 6458 magister
809 6372 885 6457 Ugo
899 6372 1023 6457 juravit
1041 6379 1073 6437 et
1089 6373 1236 6460 promisit
1252 6395 1310 6459 per
1326 6395 1371 6456 sc,
1389 6395 1528 6457 suosque
1552 6372 1687 6436 heredes
1711 6373 1877 6436 attendere
1902 6378 1934 6436 et
1958 6390 2088 6436 servare
2106 6378 2138 6435 et
2153 6392 2216 6436 non
2238 6371 2460 6436 contravenire

637 6480 698 6544 sub
722 6501 806 6566 pena
831 6478 921 6566 dupli
944 6480 1043 6545 totius
1067 6480 1285 6567 suprascripte
1309 6481 1443 6565 pecunie
1468 6488 1500 6542 et
1524 6480 1721 6564 obligatione
1746 6501 1877 6543 suorum
1897 6479 2065 6560 bonorum,
2082 6478 2311 6563 stipulantibus
2332 6477 2459 6541 domino
