5490 7750
592 594 665 664 112
1374 623 1621 676 ιιοιιιιιιιιιιιι

586 768 665 832 libet
688 771 890 854 eorumdem,
916 795 973 836 seu
1004 773 1175 860 deputatos
1207 777 1248 840 ab
1280 778 1344 860 eis,
1369 780 1421 843 vel
1444 779 1645 865 deputandos
1671 782 1893 867 permitterent
1916 791 2025 848 nostro
2049 793 2081 850 et
2105 787 2251 871 ejusdem
2274 811 2405 856 romane

582 875 726 941 Ecclesie
751 879 878 943 nomine
902 881 1003 945 libere
1027 889 1137 947 tenere
1161 891 1193 948 et
1215 885 1379 971 possidere
1403 895 1435 950 et
1459 909 1633 970 exercere,
1656 909 1830 974 eorumque
1853 890 1970 972 libera,
1988 893 2097 976 quieta
2120 900 2152 958 et
2175 896 2310 980 pacifica
2333 919 2406 983 pos·

582 987 723 1050 sessione
748 988 900 1072 gaudere,
925 989 1007 1054 sicut
1030 990 1116 1054 idem
1139 993 1308 1078 episcopus
1332 995 1490 1077 ostiensis,
1509 1003 1583 1059 ante
1604 1003 1731 1082 tempus
1756 997 1911 1062 suscitate
1935 998 2122 1085 irruptionis
2139 1009 2171 1064 et
2188 1006 2405 1088 aggressionis

581 1095 733 1178 predicte,
751 1096 808 1159 illa
830 1097 963 1183 pacifice
988 1105 1020 1161 et
1043 1100 1149 1185 quiete
1172 1101 1353 1186 possedisse
1377 1101 1569 1166 noscebatur
1591 1104 1720 1166 nomine
1744 1104 1890 1186 ejusdem
1913 1126 2045 1170 romane
2070 1107 2225 1192 Ecclesia,
2251 1118 2283 1175 et
2307 1113 2403 1176 etism

581 1208 721 1272 tenuisse
746 1209 888 1294 alioquin
912 1209 1121 1291 Potestatem,
1146 1209 1369 1296 capitaneum,
1394 1210 1599 1291 Barisellnm,
1623 1209 1766 1293 Judices,
1791 1210 2010 1296 Consiliarios,
2037 1213 2213 1299 Antianos,
2237 1217 2404 1303 Rectores,

582 1315 737 1382 Consules
754 1325 786 1383 et
802 1319 954 1384 officiales
970 1319 1141 1406 predictos,
1155 1340 1356 1405 quocumque
1373 1319 1500 1383 nomine
1517 1323 1734 1398 censerentur,
1749 1317 1991 1403 monitionibus,
2004 1321 2281 1406 requisitionibus,
2295 1325 2404 1390 horta·

582 1425 722 1489 tionibus
743 1434 775 1491 et
791 1427 951 1491 mandatis
975 1427 1091 1491 nostris
1112 1427 1296 1512 hujusmodi
1314 1449 1377 1490 non
1394 1433 1554 1512 parentes,
1572 1426 1802 1510 cujuscumque
1819 1433 1927 1490 essent
1943 1429 2186 1512 preeminontie,
2203 1432 2405 1516 conditionis,

582 1540 638 1596 aut
660 1540 773 1617 status,
790 1535 999 1599 ecelesiastici
1014 1535 1066 1600 vel
1090 1534 1254 1614 mundani,
1275 1532 1615 1598 excommunicationis
1640 1532 1809 1614 sententia,
1832 1554 1930 1617 quam
1954 1534 1987 1596 in
2012 1555 2066 1599 eos
2091 1535 2131 1599 de
2155 1537 2314 1602 dictorum
2338 1540 2404 1604 fra-

581 1647 666 1705 trum
690 1645 822 1711 consilio
846 1665 887 1708 ex
911 1651 988 1708 tuno
1010 1644 1212 1730 protulimus,
1237 1641 1461 1706 innodavimus
1485 1647 1518 1704 et
1541 1639 1676 1726 proinde
1701 1639 1870 1703 innodatos
1894 1661 1965 1704 esse
1989 1642 2201 1727 decrevimus,
2227 1647 2296 1732 ipso
2318 1646 2403 1713 facto

580 1769 618 1814 ae
642 1751 669 1814 si
691 1753 836 1838 expressi
860 1752 1022 1817 ferentin
1046 1751 1123 1816 dicti
1145 1772 1314 1838 processus
1339 1750 1438 1814 nostri
1462 1748 1544 1812 serie
1568 1746 1769 1810 nominatim.
1795 1746 1969 1812 Civitatem
1992 1771 2088 1831 vero,
2113 1753 2316 1836 comitatum,
2340 1762 2405 1820 ter-

580 1857 726 1922 ritorium
750 1866 782 1924 et
805 1859 984 1924 districtum
1007 1860 1162 1946 predicta,
1179 1878 1238 1923 nee
1262 1880 1325 1922 non
1350 1857 1604 1936 universitatem,
1623 1875 1680 1916 seu
1705 1853 1932 1919 universitates
1956 1863 1988 1918 et
2009 1860 2190 1923 eommunia
2206 1861 2401 1944 eorumdem,

581 1987 642 2050 qne
674 1968 743 2050 jam
773 1967 866 2032 dietis
899 1966 1144 2048 monitionibus,
1169 1963 1431 2051 requisitionibus
1456 1970 1488 2028 et
1512 1961 1672 2025 mandatis
1698 1983 1762 2024 non
1786 1969 1956 2047 parerent,
1982 1964 2198 2030 eeclesiastico
2222 1968 2402 2052 interdicto,

581 2075 666 2160 quod
690 2098 731 2142 ex
754 2082 830 2141 tnnc
853 2079 885 2141 in
909 2077 966 2141 illa
995 2076 1282 2164 promulgavimus,
1303 2075 1373 2160 ipso
1402 2073 1487 2136 facto
1511 2071 1674 2135 voluimus
1708 2070 1894 2154 subjacere,
1919 2072 2004 2156 quod
2037 2073 2166 2158 quidem
2198 2076 2403 2141 interdictum

579 2191 666 2248 arete
689 2185 882 2270 precipimus
907 2184 1101 2249 conservari.
1126 2183 1178 2248 Ad
1202 2184 1261 2246 heo
1284 2180 1453 2260 Potestati,
1478 2178 1658 2259 Judieibus,
1684 2175 1872 2262 Capitaneo,
1896 2177 2069 2262 Barisello,
2095 2180 2308 2268 Consiliarijs,
2333 2185 2401 2248 An·

577 2290 691 2368 tinnis,
716 2291 925 2373 Rectoribus,
952 2291 1144 2356 Consulibus
1168 2297 1200 2355 et
1223 2289 1412 2354 officialibus
1444 2309 1482 2350 ac
1513 2284 1715 2349 universitati
1738 2305 1796 2347 seu
1824 2285 2089 2350 universitatibus
2119 2295 2151 2352 et
2175 2292 2398 2356 communibus

578 2399 770 2484 supradictis
786 2400 890 2463 edicto
907 2398 1035 2486 publico
1052 2399 1285 2478 nunciavimus,
1303 2394 1388 2482 quod
1405 2395 1432 2458 si
1447 2392 1598 2479 predictis
1617 2391 1856 2472 monitionibus,
1874 2393 2146 2478 requisitionibus,
2163 2397 2400 2463 hortationibus

577 2511 610 2569 et
632 2506 792 2571 mandatis
815 2507 901 2571 infra
923 2507 1103 2593 predictum
1126 2507 1266 2591 spatium
1289 2504 1425 2568 duorum
1449 2500 1608 2564 mensium
1631 2519 1694 2562 non
1719 2507 1891 2584 parerent,
1917 2506 1950 2563 et
1971 2501 2011 2564 ob
2034 2501 2095 2566 hoc
2119 2524 2174 2568 eos
2198 2526 2298 2589 penas
2323 2528 2398 2571 con-

576 2614 694 2698 tigeret
717 2615 880 2680 incurrere
903 2614 1115 2700 supradictas,
1133 2613 1193 2676 nisi
1217 2612 1302 2676 infra
1325 2632 1424 2675 unum
1449 2628 1591 2672 mensem
1617 2605 1776 2690 predictos
1801 2606 1881 2670 duos
1905 2629 2032 2671 menses
2057 2609 2240 2674 immediate
2261 2633 2397 2697 sequen·

577 2729 651 2803 tem,
676 2723 760 2808 qnod
783 2724 913 2810 quidem
934 2731 1061 2808 tempus
1086 2724 1132 2786 eis
1156 2745 1214 2808 pro
1238 2720 1379 2785 secundo
1404 2717 1540 2782 termino
1565 2714 1785 2801 peremptorio
1809 2716 2057 2799 assignavimus,
2082 2720 2322 2803 monitionibus,
2348 2744 2398 2785 re·

575 2830 811 2914 quisitionibus,
826 2831 1062 2896 hortationibus
1086 2837 1118 2894 et
1141 2828 1300 2892 mandatis
1317 2825 1468 2913 predictis
1485 2828 1646 2909 parerent,
1665 2821 1829 2884 civitatem
1846 2843 1884 2885 ae
1901 2823 2145 2888 universitatem
2160 2826 2390 2892 bononiensem

574 2937 717 3023 prefatas
742 2937 855 3002 Studio
879 2939 1034 3024 generali,
1052 2938 1262 3021 omnibusque
1286 2933 1474 3021 privilegiis
1492 2929 1704 3014 indulgentijs
1729 2935 1761 2991 et
1779 2929 1893 3012 gratijs
1910 2931 2094 3014 apostolicis
2110 2940 2142 2996 et
2159 2934 2390 3020 imperialibus,

574 3044 684 3108 veleb
703 3045 776 3128 alijs
800 3045 1053 3130 quibuscumque
1078 3043 1236 3108 concessis
1261 3042 1381 3106 eisdem
1405 3039 1465 3103 sub
1489 3056 1690 3123 quacumque
1716 3035 1820 3098 forma
1837 3036 2010 3100 verborum
2026 3059 2084 3123 pro
2101 3039 2253 3124 predictis
2271 3041 2395 3125 Studio,

575 3151 752 3237 apostolica
775 3153 981 3232 auctoritate,
1005 3152 1213 3237 privavimus.
1239 3149 1396 3214 Omnibus
1420 3147 1551 3230 insuper
1576 3143 1737 3226 magistris
1762 3149 1794 3205 et
1822 3142 2006 3207 doctoribus
2038 3167 2079 3208 ex
2110 3154 2186 3210 tune
2210 3147 2339 3232 legendi
2363 3161 2395 3214 et

574 3259 710 3324 docendi
733 3259 766 3322 in
790 3260 907 3324 scholis
929 3260 982 3324 vel
1005 3259 1208 3344 magistrales
1233 3263 1323 3321 actus
1348 3257 1380 3319 in
1404 3255 1489 3322 dicto
1514 3250 1627 3316 Studio
1652 3250 1893 3334 quomodolibet
1920 3253 2102 3336 exercendi,
2127 3275 2186 3319 nee
2209 3277 2274 3320 non
2298 3259 2396 3322 scho-

573 3367 696 3431 laribus
720 3374 752 3432 et
775 3366 977 3432 studentibus
1000 3367 1033 3430 in
1057 3367 1141 3430 dicto
1167 3364 1279 3430 Studio
1303 3364 1430 3429 scholas
1453 3359 1609 3438 intrandi,
1635 3358 1687 3421 vel
1716 3357 1841 3442 aliquos
1865 3367 1955 3424 aetus
1980 3360 2188 3426 scholasticos
2212 3363 2245 3426 in
2269 3365 2389 3429 eisdem

573 3475 701 3556 scholis,
724 3476 777 3539 vel
799 3475 878 3540 locis
902 3475 976 3558 alijs
1000 3473 1172 3538 exercendi
1195 3470 1388 3558 disputando
1412 3470 1464 3534 vel
1488 3466 1637 3553 legendo,
1655 3464 1707 3529 vel
1730 3465 1794 3529 alio
1819 3467 1932 3550 quovis
1956 3466 2061 3551 modo,
2087 3470 2147 3533 sub
2171 3474 2391 3536 exeommuni-

573 3581 708 3647 cationis
731 3603 826 3668 pena,
850 3603 947 3667 qnam
970 3603 1012 3646 ex
1034 3587 1111 3645 tunc
1133 3581 1166 3644 in
1190 3580 1276 3665 ipsos
1299 3578 1441 3660 tulimus,
1466 3583 1498 3640 ot
1521 3597 1576 3639 eos
1600 3575 1627 3637 si
1651 3595 1742 3640 secus
1768 3573 1922 3656 facerent,
1948 3575 2110 3640 incurrere
2135 3578 2294 3643 voluimus
2318 3581 2391 3666 ipso

572 3687 657 3754 facto
682 3690 873 3754 auctoritate
895 3689 1041 3775 predicta
1064 3689 1240 3775 quamlibet
1264 3686 1488 3751 interdiximus
1512 3683 1711 3764 facultatem,
1729 3682 1772 3746 ad
1792 3703 1892 3768 penas
1917 3684 1998 3746 alias
2022 3692 2133 3748 contra
2156 3708 2214 3750 eos
2238 3688 2390 3752 infallibi-

571 3796 645 3860 liter
661 3797 851 3882 processuri,
868 3797 895 3861 si
911 3796 1032 3862 forsam
1047 3795 1266 3860 inobedientia
1281 3801 1428 3880 posceret
1444 3791 1639 3856 eorumdem.
1656 3790 1816 3854 Potestati
1832 3811 1919 3874 vere,
1937 3791 2124 3877 Capitaueo,
2141 3793 2312 3877 Barisello,
2329 3796 2387 3860 Ju-

571 3904 703 3987 dicibus,
722 3903 933 3988 Consiliarijs,
950 3903 1112 3984 Antianis,
1128 3903 1320 3968 Rectoribus
1337 3908 1369 3966 et
1386 3899 1575 3966 officialibus
1591 3897 1786 3979 memoratis,
1804 3919 2005 3984 quocumque
2022 3901 2150 3966 nomine
2167 3911 2385 3986 censerentur,

571 4011 630 4075 sub
653 4033 738 4097 pena
760 4012 950 4098 privationis
974 4011 1152 4092 feudorum,
1170 4011 1328 4075 bonorum
1352 4017 1383 4073 et
1403 4009 1526 4092 jurium
1550 4006 1701 4086 omnium,
1720 4026 1781 4089 que
1805 4005 1846 4069 ab
1870 4005 1984 4070 eadem
2007 4028 2140 4072 romana
2158 4010 2209 4073 vel
2225 4010 2299 4094 alijs
2317 4012 2385 4096 qui·

570 4117 768 4204 busoumque
792 4120 946 4183 tenebant
968 4118 1134 4201 Ecclesijs,
1152 4140 1210 4182 nec
1234 4139 1297 4182 non
1321 4116 1574 4203 privilegiorum,
1592 4111 1865 4196 indulgentiarum
1886 4119 1918 4176 et
1934 4115 2111 4197 gratiarum
2128 4118 2199 4200 ejus
2215 4118 2256 4181 ab
2273 4119 2386 4182 eadem

572 4225 655 4289 Sede
678 4227 737 4289 sub
762 4227 875 4311 quavis
899 4227 1002 4291 forma
1026 4247 1260 4308 concessorum,
1277 4247 1373 4311 quam
1398 4245 1452 4288 eos
1475 4229 1507 4287 et
1530 4241 1641 4285 eornm
1665 4220 1850 4304 quemlibet,
1868 4221 1894 4284 si
1918 4221 2089 4306 mandatis,
2108 4225 2337 4290 monitionibus
2355 4236 2388 4290 et

568 4333 831 4418 requisitionibus
855 4332 1039 4418 hujusmodi
1062 4355 1176 4419 parere
1201 4337 1451 4413 contemnerent,
1469 4330 1632 4393 incurrere
1655 4327 1815 4391 voluimus
1832 4328 1901 4413 ipso
1918 4328 2016 4410 facto,
2033 4333 2225 4396 auctoritate
2243 4333 2390 4418 predicta

568 4440 803 4522 mandavimus,
826 4441 1008 4504 monuimus
1031 4447 1064 4504 et
1087 4440 1312 4526 requisivimus
1334 4439 1474 4520 eosdem,
1496 4443 1531 4500 ut
1553 4435 1638 4498 infra
1661 4434 1841 4520 predictum
1865 4435 2036 4500 terminum
2060 4437 2197 4502 duorum
2219 4441 2387 4522 mensium,

570 4568 665 4631 quem
688 4548 734 4611 eis
757 4569 815 4633 pro
838 4548 1053 4633 peremptorio
1078 4548 1324 4632 assignavimus,
1349 4547 1457 4610 omnia
1480 4551 1512 4608 et
1535 4543 1663 4626 singula
1687 4540 1832 4628 predicta
1855 4543 1973 4625 officia,
1999 4565 2060 4628 que
2085 4547 2309 4630 communiter,
2335 4548 2387 4612 vel

568 4653 695 4717 divisim
718 4655 751 4718 in
774 4654 900 4740 prefata
924 4655 1064 4736 civitate,
1082 4676 1139 4719 seu
1163 4654 1390 4719 communitate
1414 4661 1490 4716 tune
1513 4651 1670 4736 gerebant
1694 4657 1726 4713 et
1749 4651 1848 4713 etiam
1871 4651 2067 4715 exercebant
2092 4675 2111 4716 a
2134 4675 2169 4717 se
2193 4654 2272 4739 ipsis
2297 4655 2388 4719 abdi·

566 4767 670 4843 caret,
696 4761 873 4845 abjicerent
907 4768 939 4826 et
970 4762 1192 4844 dimetterent,
1224 4762 1281 4826 illa
1310 4762 1472 4826 ullatenus
1502 4758 1698 4844 resumpturi
1728 4758 1781 4822 vel
1810 4759 1932 4841 gesturi
1964 4780 2020 4822 seu
2052 4760 2226 4824 exercitari
2262 4763 2384 4848 absque

571 4868 717 4952 ejusdem
742 4868 834 4933 Sedis
856 4869 987 4933 lieentia
1010 4869 1152 4955 speciali.
1176 4869 1352 4933 Processus
1375 4866 1519 4954 quoque,
1544 4887 1624 4951 quos
1654 4887 1712 4952 per
1741 4886 1797 4929 eos
1828 4873 1939 4929 contra
1964 4867 2155 4932 monitiones
2179 4876 2212 4931 et
2235 4870 2387 4934 mandata

569 4974 773 5059 hujusmodi,
798 4983 830 5040 et
853 4977 1039 5058 sententias,
1061 4998 1140 5062 quas
1164 4999 1222 5062 per
1244 4977 1330 5062 ipsos
1359 4975 1495 5061 proferri
1527 4975 1737 5058 contingeret,
1761 4973 1884 5036 nullam
1907 4974 2034 5058 penitus
2059 4974 2203 5039 obtinere
2227 4977 2387 5042 voluimus

568 5081 763 5165 firmitatem,
787 5082 844 5147 sed
868 5105 922 5148 eos
947 5089 979 5147 et
1001 5105 1057 5148 eas
1081 5084 1150 5148 fore
1174 5084 1373 5148 decrevimus
1397 5104 1527 5164 vacuos,
1552 5102 1670 5163 cassos,
1691 5082 1797 5145 irritos
1821 5087 1853 5144 et
1876 5081 1999 5145 inanes.
2023 5081 2202 5147 Promissas
2227 5105 2304 5148 vero
2328 5107 2384 5148 en-

569 5190 866 5254 communicationis
890 5190 1083 5272 sententias,
1107 5192 1134 5255 si
1157 5191 1244 5277 ipsos
1272 5192 1436 5255 incurrere
1467 5211 1522 5253 eas
1556 5189 1774 5273 contingeret,
1800 5189 1921 5274 absque
1953 5190 2099 5273 ejusdem
2130 5190 2222 5254 Sedis
2254 5193 2386 5277 speciali

568 5297 738 5380 mandato,
763 5297 824 5362 nisi
847 5298 930 5362 forte
954 5299 987 5361 in
1012 5298 1122 5362 mortis
1147 5299 1300 5381 articulo,
1324 5299 1466 5363 relaxari
1496 5297 1669 5360 districtius
1702 5295 1934 5382 prohibuimus.
1961 5295 2117 5361 Omnibus
2148 5299 2368 5383 penitentiarij

568 5405 685 5468 nostris
709 5413 741 5468 et
764 5405 838 5489 alijs
863 5405 1059 5491 quibuslibet
1083 5406 1319 5470 confessoribus
1343 5404 1532 5470 absolvendi
1555 5404 1737 5489 quempiam
1761 5403 1803 5467 ab
1827 5403 1948 5467 eisdem
1972 5405 2150 5488 sententijs,
2168 5406 2230 5469 nisi
2252 5407 2335 5470 forte
2354 5408 2386 5470 in

568 5512 678 5575 mortis
703 5511 850 5595 articulo,
866 5519 902 5576 ut
925 5518 974 5575 est
997 5512 1127 5594 dictum,
1145 5535 1271 5576 omnem
1295 5534 1425 5599 prorsus
1449 5512 1626 5575 ademimus
1649 5517 1851 5596 potestatem.
1870 5511 1934 5584 Qui
1957 5533 2033 5575 vero
2057 5512 2090 5575 in
2114 5513 2225 5577 mortis
2249 5514 2385 5578 articulo

567 5619 778 5683 absolutionis
802 5619 992 5683 beneficium
1016 5621 1207 5702 obtinerent,
1233 5621 1293 5684 nisi
1317 5620 1401 5684 infra
1424 5621 1504 5683 dnos
1529 5640 1654 5684 menses
1681 5625 1852 5705 postquam
1883 5619 2014 5682 sanitati
2046 5618 2152 5683 forent
2183 5620 2324 5684 restituti
2350 5643 2385 5686 se

567 5731 717 5789 curarent
741 5726 917 5811 apostolico
941 5728 1126 5811 conspectui
1149 5735 1346 5812 presentare,
1370 5728 1568 5792 satisfacturi
1591 5726 1629 5790 de
1653 5727 1719 5790 suis
1742 5725 1943 5807 excessibus,
1964 5747 2022 5811 pro
2047 5727 2162 5811 quibus
2186 5727 2288 5792 dictas
2312 5751 2385 5792 seu·

564 5833 682 5896 tentias
707 5833 928 5916 incurrerunt,
953 5840 985 5897 et
1009 5834 1101 5898 Sedis
1125 5835 1270 5918 ejusdem
1293 5836 1503 5920 beneplacitis
1527 5835 1680 5920 parituri,
1705 5855 1743 5898 eo
1768 5834 1837 5919 ipso
1868 5833 2051 5897 relaberent
2074 5835 2106 5897 in
2131 5836 2307 5899 sententias
2331 5858 2384 5900 su·

565 5939 737 6026 predictas.
756 5939 806 6004 Ac
829 5940 1037 6004 nihilominus
1056 5942 1194 6005 sollicita
1217 5949 1292 6006 tune
1317 5943 1571 6007 consideratione
1595 5950 1778 6028 pensantes,
1800 5941 1884 6026 quod
1909 5942 1936 6005 si
1961 5963 2057 6027 super
2080 5941 2173 6006 dictis
2197 5944 2383 6008 excessibus

564 6047 719 6111 adversus
743 6047 873 6112 eosdem
896 6048 1082 6134 episcopum
1106 6049 1288 6130 ostensiem,
1305 6049 1476 6134 Legatum,
1494 6056 1526 6112 et
1548 6070 1715 6113 romanam
1737 6049 1917 6114 Ecclesiam
1940 6071 1999 6134 per
2013 6048 2235 6113 Bononienses
2252 6051 2383 6115 eosdem

564 6154 809 6220 detestabilibus
834 6155 965 6219 ausibus
990 6156 1183 6241 perpetratis
1208 6156 1381 6242 apostolice
1400 6157 1606 6221 correctionis
1623 6156 1701 6220 ultio
1718 6157 1852 6221 ulterius
1869 6156 2062 6238 differretur,
2080 6164 2240 6221 cresceret
2256 6158 2289 6222 in
2306 6159 2380 6243 alijs

564 6260 718 6326 adversus
743 6262 890 6326 eamdem
914 6262 1083 6327 eeclesiam
1107 6263 1300 6326 damnabilis
1323 6264 1572 6348 presumptionis
1595 6263 1732 6327 audacia
1754 6285 1812 6349 per
1833 6264 2033 6350 impunitatis
2050 6257 2240 6349 exemplum
2249 6272 2383 6351 propter

563 6369 750 6433 eorumdem
772 6369 1026 6433 Bononiensium
1049 6369 1259 6432 rebellionem
1283 6377 1314 6432 et
1339 6370 1502 6453 sevitiam,
1527 6370 1767 6456 infrascriptum
1790 6371 1919 6435 modum
1944 6378 2020 6436 tune
2044 6371 2164 6435 citandi
2188 6372 2317 6436 eosdem
2342 6373 2382 6437 de

561 6476 705 6561 ipsorum
728 6476 864 6540 fratrum
889 6475 1022 6540 consilio
1051 6475 1208 6561 eligentes
1240 6497 1298 6562 per
1327 6476 1457 6540 eosdem
1483 6498 1651 6562 processus
1683 6476 1829 6562 publicos
1860 6479 1892 6541 in
1923 6479 2050 6565 scriptis
2082 6479 2209 6542 habitos
2241 6479 2381 6544 edietum
