5544 7750
585 615 659 686 358
1334 634 1448 683 viras
1476 634 1656 683 mauman

579 791 734 864 tinorum
763 791 919 886 negociis
948 791 1171 889 posthabitis,
1192 789 1389 862 Bononiam
1419 797 1597 862 maturato
1627 789 1752 862 itinere
1781 798 1932 890 repetat,
1954 789 2047 886 quod
2068 813 2152 860 sano
2172 788 2233 860 vix
2253 787 2395 860 tandem

580 917 625 989 ab
655 917 732 1014 ipso
760 916 952 1014 impetrare
983 917 1113 1014 potuit,
1143 915 1204 1012 qui
1231 915 1275 988 ad
1305 939 1423 988 moras
1451 915 1644 987 nectendas
1673 913 1913 987 valetudinem
1941 914 2154 987 affirmabat.

686 1041 773 1114 Post
802 1041 922 1114 Latini
950 1041 1161 1136 adventum,
1192 1041 1301 1139 ipsius
1336 1049 1371 1113 et
1406 1039 1591 1112 Bertholdi
1620 1039 1794 1112 industria
1824 1040 1866 1112 de
1895 1064 1983 1137 pace
2012 1040 2231 1112 restituenda
2267 1039 2395 1132 iterum

545 1157 547 1162 ¹
579 1166 729 1262 cogitari
756 1175 932 1263 coeptum.
954 1166 1001 1238 Et
1029 1165 1170 1263 quidem
1201 1175 1240 1237 ut
1264 1189 1308 1237 cx
1329 1163 1585 1237 Ghirsrdaccio
1606 1164 1845 1260 intelligimus,
1865 1165 2060 1238 Ravennae
2081 1189 2144 1261 per
2162 1164 2395 1237 Bertholdum

580 1289 712 1364 indicto
750 1289 907 1386 generali
949 1298 1145 1384 conventu,
1176 1288 1452 1362 Bononiensium
1480 1289 1608 1383 Legati
1636 1298 1671 1362 ct
1700 1289 1853 1386 partium
1883 1289 2026 1386 Syndici
2055 1298 2134 1388 post
2163 1289 2274 1362 multa
2302 1288 2395 1363 ultro

580 1415 738 1512 citroque
759 1415 969 1512 disceptata,
990 1415 1176 1487 Bertholdi
1205 1415 1427 1488 suasionibus
1451 1415 1744 1510 acquiescendum
1771 1415 1851 1509 rati,
1873 1414 2060 1488 conciliata
2088 1415 2203 1488 denuo
2230 1440 2302 1511 pax
2321 1425 2400 1511 est3,

579 1549 687 1637 atque
717 1541 761 1614 ad
792 1541 994 1614 retinendos
1023 1539 1159 1612 facilius
1189 1541 1224 1612 in
1258 1539 1372 1613 officio
1405 1539 1647 1612 Bononienscs
1675 1540 1781 1636 ipsos,
1813 1540 1978 1638 imperati
2006 1539 2145 1612 obsides
2173 1565 2218 1611 ex
2247 1549 2397 1636 utraque

580 1666 826 1739 dissidentium
855 1678 968 1762 parte.
998 1664 1142 1737 Interea
1170 1665 1253 1737 dum
1283 1676 1402 1738 autem
1430 1664 1484 1736 his
1513 1665 1666 1737 motibus
1702 1665 1973 1761 componendis,
2004 1665 2179 1761 rebusque
2215 1665 2260 1736 ad
2297 1679 2396 1738 trao-

581 1789 791 1888 quillitatem
821 1789 1029 1862 revocandis
1058 1790 1240 1884 incumbit,
1263 1815 1306 1862 en
1325 1789 1492 1861 nuncium
1522 1789 1564 1861 de
1593 1789 1776 1886 repentina
1806 1789 1989 1862 Pontificis
2016 1798 2141 1884 morte,
2163 1814 2231 1886 quo
2255 1790 2396 1887 quidem

580 1914 763 2012 perculsus
793 1914 1021 1988 vehementer
1049 1913 1275 2008 Bertholdus,
1297 1939 1372 1987 rem
1392 1939 1521 2008 magno
1541 1915 1658 1986 animo
1683 1939 1881 2011 magnaque
1901 1913 2080 1987 felicitatis
2100 1939 2161 2011 spe
2182 1924 2395 2013 susceptam,

581 2039 750 2137 perficere
781 2065 799 2112 e
827 2049 912 2113 voto
939 2065 1010 2112 non
1039 2041 1164 2138 potnit.
1187 2039 1284 2111 Nihil
1315 2048 1434 2112 tamen
1464 2040 1575 2112 scrius
1603 2040 1791 2134 contigisse
1814 2041 1953 2136 reperio
1977 2039 2071 2136 quod
2091 2041 2241 2112 maiores
2261 2040 2397 2113 civitati

581 2163 802 2238 calamitates
831 2164 1003 2260 attulerit,
1034 2173 1070 2237 et
1098 2165 1246 2238 suffecto
1275 2165 1310 2236 in
1339 2164 1479 2236 Nicolai
1507 2163 1622 2236 locum
1650 2164 1807 2236 Martino
1835 2165 1993 2259 1V.,ex
2021 2165 2131 2262 ipsius
2160 2165 2271 2238 literis
2309 2190 2396 2262 quas

580 2290 626 2363 ad
655 2299 794 2363 nostros
822 2291 1040 2387 perscripsit,
1071 2289 1155 2361 illud
1185 2288 1296 2362 simile
1326 2289 1528 2362 coniicimus
1557 2290 1676 2386 quieta
1705 2290 1791 2362 satis
1820 2299 1854 2362 et
1883 2271 2085 2387 tranquilla,
2115 2298 2220 2387 prout
2258 2289 2397 2364 illorum

581 2421 781 2512 temporum
810 2415 964 2487 conditio
992 2415 1085 2488 ferre
1106 2423 1258 2512 poterat,
1281 2415 1398 2487 omnia
1417 2415 1474 2487 bic
1494 2414 1613 2486 fuisse.
1636 2414 1703 2486 Sed
1725 2415 1768 2486 de
1788 2414 1842 2488 his
1861 2415 1958 2510 satis,
1980 2440 2070 2511 quae
2094 2415 2161 2488 etsi
2185 2416 2397 2512 scriptorum

580 2549 782 2613 nostrorum
812 2539 993 2613 declarata
1022 2540 1242 2612 sermonibus
1271 2539 1493 2635 illustranda,
1514 2547 1632 2612 tamen
1657 2539 1776 2636 aliqua
1802 2564 1848 2612 ex
1875 2551 1977 2637 parte
2006 2540 2171 2614 duximus
2195 2551 2301 2614 antea
2322 2566 2396 2613 mo·

579 2665 759 2738 numentis
788 2664 1041 2738 confirmanda.

620 2809 622 2814 ’
686 2791 754 2863 His
783 2815 889 2888 porro
918 2790 1065 2887 aliisque
1095 2792 1182 2863 benc
1212 2790 1332 2863 multis
1360 2791 1583 2886 gravioribus
1606 2790 1821 2888 reipublicae
1850 2799 1992 2864 nostrae
2018 2792 2173 2886 negociis
2191 2792 2394 2866 interfuisse

581 2915 784 2989 Gallucium
812 2924 973 2989 nostrum
1003 2941 1048 2987 ex
1078 2915 1226 3012 publicis
1255 2916 1329 2988 eius
1358 2917 1437 2989 aevi
1465 2918 1602 2989 actibus
1630 2925 1786 3012 constat,
1815 2923 1851 2988 et
1878 2916 1914 2988 in
1942 2917 2064 3013 primis
2093 2942 2188 3012 cum,
2220 2925 2259 2990 ut
2288 2942 2396 3015 supra

581 3041 747 3137 diximus,
770 3041 909 3114 obsides
933 3041 1070 3138 accepit
1098 3040 1323 3113 Bertholdus.
1354 3040 1480 3138 Itaque.
1511 3067 1589 3114 cum
1620 3066 1682 3138 per
1712 3067 1754 3114 ea
1782 3050 1944 3137 tempora
1972 3043 2088 3114 omnia
2115 3043 2149 3113 in
2170 3042 2313 3115 civitate
2333 3067 2396 3116 no-

580 3173 655 3239 stra
683 3167 893 3263 perturbata
921 3190 1136 3263 magnopere
1165 3174 1294 3263 essent,
1325 3166 1538 3263 optimarum
1567 3167 1697 3239 artium
1726 3167 1862 3261 studiis,
1886 3191 1977 3262 qnae
2005 3177 2258 3264 praeparatum
2287 3169 2398 3242 otium

580 3301 743 3388 poscunt,
765 3291 826 3363 vix
849 3290 947 3363 locus
976 3315 1051 3364 csse
1080 3299 1232 3388 poterat.
1263 3290 1383 3388 Atque
1416 3292 1543 3364 iccirco
1572 3292 1701 3364 mirum
1728 3315 1804 3364 esse
1833 3316 1904 3364 non
1932 3300 2049 3388 potest
2077 3292 2106 3364 si
2134 3292 2189 3363 rel
2219 3293 2242 3364 ii
2270 3293 2397 3390 quibus

579 3417 625 3488 ab
654 3416 794 3512 ingenio
824 3424 860 3488 et
888 3415 1049 3488 doctrina
1077 3424 1217 3513 promta
1245 3418 1362 3488 omnia
1392 3425 1425 3489 et
1455 3425 1582 3514 parata
1610 3427 1712 3490 erant
1740 3417 1785 3488 ad
1811 3417 1964 3514 patriam
1983 3417 2215 3519 Academiam
2236 3429 2271 3491 et
2291 3420 2395 3492 deco-

580 3541 729 3614 randam
749 3549 785 3613 ct
804 3540 1088 3637 amplificandam
1108 3541 1151 3612 dc
1171 3539 1319 3638 publicis
1340 3541 1455 3638 potius
1475 3540 1737 3614 calamitatibus
1757 3541 1971 3636 avertendis,
1988 3551 2050 3614 aut
2070 3551 2165 3614 certe
2185 3543 2394 3640 minuendis,

580 3667 786 3762 cogitabant
816 3667 850 3738 in
879 3691 1027 3763 eamque
1057 3691 1179 3739 curam
1209 3692 1337 3761 magno
1366 3669 1482 3740 studio
1511 3669 1713 3741 incumbere
1743 3669 1876 3765 optimo
1905 3668 1981 3740 cive
2011 3668 2254 3763 dignissimum
2276 3671 2398 3742 existi-

581 3792 738 3864 mabant.
768 3791 868 3864 Inter
896 3816 956 3865 eos
985 3790 1152 3865 excelluit
1181 3816 1265 3864 sane
1291 3791 1473 3864 Gallucius
1492 3801 1624 3888 noster,
1647 3793 1745 3865 cuius
1774 3793 1987 3865 auctoritate
2016 3801 2051 3864 et
2080 3793 2224 3865 consilio
2253 3819 2317 3868 usa
2345 3805 2399 3868 est

581 3942 836 4016 saepenumero
865 3918 990 3990 civitas
1020 3925 1163 4013 nostra,
1195 3919 1251 3990 cui
1279 3928 1375 3991 certe
1411 3919 1446 3990 in
1482 3919 1656 3992 maximas
1695 3919 1878 4014 angustias
1912 3919 2090 3992 cruciatae
2117 3917 2213 3992 nullo
2242 3945 2398 4017 unquam

580 4050 739 4140 tempore
769 4043 893 4116 defuit.
923 4042 1050 4140 Neque
1080 4052 1198 4115 tamen
1226 4043 1320 4115 inter
1347 4043 1436 4115 haec
1464 4043 1582 4138 legum
1610 4044 1728 4117 studia
1757 4044 1898 4116 omnino
1921 4043 2087 4116 deseruit.
2110 4043 2199 4116 Cum
2220 4046 2312 4118 onim
2332 4048 2398 4120 sub

577 4167 678 4241 initia
711 4166 845 4241 saeculi
876 4167 1005 4264 XIV,
1036 4168 1201 4240 nimirum
1230 4192 1322 4240 anno
1351 4167 1571 4264 Modern,
1602 4169 1806 4241 doctoratus
1837 4170 2008 4241 honorem
2044 4193 2112 4240 una
2142 4195 2222 4241 cum
2250 4170 2328 4243 aliis
2356 4172 2399 4244 de

578 4294 705 4391 quibus
734 4319 842 4391 supra
870 4295 937 4366 sibi
957 4295 1087 4367 deferri
1108 4295 1279 4393 petiisset,
1301 4294 1424 4366 codem
1444 4295 1577 4393 privari
1606 4319 1643 4368 se
1672 4295 1828 4367 eiusdem
1858 4303 1893 4367 et
1921 4293 2124 4392 postulandi
2153 4305 2187 4368 et
2217 4297 2399 4370 obtinendi

578 4419 655 4492 iure
684 4420 836 4517 quodam
867 4419 938 4492 frui
967 4419 1169 4515 affirmavit,
1190 4419 1284 4516 quod
1313 4444 1438 4516 nempe
1467 4419 1512 4492 ad
1541 4419 1747 4492 diuturnum
1776 4428 1916 4516 tempus
1946 4421 1980 4492 in
2011 4421 2096 4493 iuris
2120 4420 2232 4494 civilis
2252 4423 2399 4496 scientia

578 4533 821 4618 adolescentes
857 4543 1055 4642 complures
1092 4544 1315 4618 instituisset.
1345 4544 1414 4616 Sed
1452 4544 1512 4616 vix
1551 4545 1634 4616 dum
1667 4545 1825 4641 expetito
1859 4545 1991 4617 iamdiu
2019 4545 2152 4619 honore
2182 4547 2315 4644 potitus
2344 4557 2398 4621 est

578 4669 799 4765 Bonifacius,
830 4669 985 4766 patriae,
1016 4669 1145 4741 iterum
1173 4670 1208 4740 in
1237 4694 1412 4741 summum
1442 4669 1629 4742 discrimen
1658 4669 1853 4764 adductae,
1885 4669 2050 4766 opitulari
2083 4671 2199 4767 ipsum
2228 4673 2397 4768 oportuit.

577 4795 669 4868 Rem
698 4803 808 4868 totam
839 4818 943 4890 quam
982 4794 1168 4892 uostrales,
1199 4804 1234 4866 ct
1269 4794 1304 4865 in
1340 4794 1462 4890 primis
1500 4794 1794 4889 Ghirsrdaccius,
1825 4795 2080 4890 deformarunt,
2109 4795 2395 4892 complectemur.

578 4920 754 5010 Quoniam
777 4919 953 4992 intestinis
973 4920 1127 4992 motibus
1148 4944 1340 5017 numquam
1361 4943 1486 4991 revera
1506 4919 1647 4992 omnino
1666 4919 1809 5014 sedatis,
1831 4919 2025 4992 affluebant
2046 4920 2138 4992 enim
2159 4922 2266 4993 maris
2286 4922 2398 4994 instar
2444 4969 2447 4974 Α

578 5054 614 5119 et
632 5044 842 5138 refluebant,
864 5053 899 5117 et
920 5045 1084 5141 quoniam
1106 5054 1292 5142 praeterea
1314 5044 1471 5140 plerique
1496 5044 1531 5116 in
1561 5044 1704 5116 civitate
1733 5053 1855 5116 nostra
1882 5045 2029 5116 factioni
2058 5044 2269 5118 Guelforum
2298 5048 2396 5120 fave-

577 5172 675 5266 bant,
706 5195 796 5267 quac
825 5195 909 5242 sane
939 5170 1083 5266 viribus,
1110 5171 1235 5267 opibus
1260 5179 1296 5242 et
1326 5168 1549 5241 multitudine
1579 5169 1682 5241 alteri
1718 5179 1900 5268 praestare
1929 5169 2127 5266 ridebatur,
2158 5181 2397 5267 opportunum

576 5295 707 5391 {dcirco
736 5296 829 5366 inter
848 5295 1086 5367 Jeremienses
1106 5304 1245 5368 nostros
1266 5293 1447 5367 consilium
1468 5302 1632 5392 coeptum
1652 5301 1705 5366 est
1725 5295 1768 5366 de
1787 5295 1964 5388 iungendo
1986 5294 2128 5366 foedere
2148 5320 2226 5367 cum
2247 5295 2397 5370 aliarum

577 5420 810 5518 complurium
841 5419 1051 5492 nobiliorum
1080 5419 1206 5492 ltaliae
1235 5421 1418 5492 civitatum
1449 5418 1599 5492 Guelfae
1629 5421 1740 5516 partis
1769 5419 1969 5492 homiuibus
1997 5420 2042 5492 ad
2069 5419 2290 5494 Ghibellinos
2314 5421 2396 5494 fun-

580 5546 674 5618 ditus
703 5543 970 5617 exscindendos,
997 5545 1123 5641 Itaque
1144 5569 1236 5634 anno
1256 5543 1474 5638 Maccus,
1496 5543 1675 5616 februario
1695 5569 1826 5637 mense,
1848 5543 2045 5616 arctissimo
2064 5568 2160 5615 nexu
2190 5553 2225 5616 et
2253 5546 2395 5621 vinculo

577 5670 733 5768 copulati
757 5678 839 5742 sunt
866 5670 978 5742 nostri
1004 5670 1268 5764 Parmensibus,
1288 5669 1560 5763 Mutinensibus,
1581 5669 1827 5764 Regiensibus,
1850 5668 2127 5763 Veronensibus,
2149 5669 2395 5746 Brixiensibus

577 5804 612 5867 ct
641 5794 859 5867 Mantuanis.
890 5794 998 5866 Initia
1037 5794 1189 5866 foederis
1225 5804 1306 5866 acta
1338 5801 1463 5865 extant
1491 5793 1527 5864 in
1561 5791 1683 5866 Codice
1711 5794 1946 5902 Diplomcticp
1977 5792 2023 5865 N.
2055 5793 2116 5866 78.
2147 5794 2281 5866 Eodem
2311 5821 2397 5869 vero

577 5945 682 6016 anno,
703 5919 825 6016 aprilis
854 5920 985 5992 mensis
1013 5919 1133 6014 initiis,
1156 5918 1251 5991 aliud
1277 5919 1400 5991 iisdem
1428 5919 1539 5991 ferme
1568 5917 1704 6013 legibus
1731 5944 1773 5991 ac
1802 5919 2062 5991 conditionibus
2091 5919 2200 5991 ictum
2230 5945 2250 5992 a
2278 5919 2397 5994 Bono·

576 6047 758 6120 niensibus
785 6045 910 6118 foedus
939 6047 1077 6143 reperio
1107 6070 1185 6117 cum
1216 6045 1391 6117 Thusciae
1422 6044 1624 6116 civitatibus
1648 6043 1907 6136 illustrioribus
1935 6044 1992 6116 vcl
2020 6045 2103 6140 quia
2131 6047 2281 6119 fortasse
2311 6047 2397 6119 cini-

577 6180 669 6246 tates
698 6170 789 6245 aliae
826 6171 1018 6267 obligatam
1056 6171 1162 6243 fidem
1197 6170 1429 6266 errupissent,
1461 6169 1517 6241 vel
1545 6170 1645 6266 quia,
1677 6178 1716 6241 ut
1750 6169 1984 6242 verosimilius
2021 6171 2187 6265 arbitror,
2217 6181 2321 6244 aucto
2358 6172 2395 6245 in

577 6299 739 6371 camdem
767 6321 841 6368 rem
870 6297 1148 6394 conspirantium
1177 6320 1336 6391 numero,
1357 6294 1494 6368 facilius
1515 6303 1550 6367 et
1569 6294 1705 6367 felicius
1734 6295 1851 6367 omnia
1876 6294 2139 6392 perficerentur.
2162 6295 2251 6369 Cum
2272 6305 2392 6370 autem

576 6423 782 6496 Bonifacius
810 6431 932 6494 noster
959 6421 1110 6495 Guelfae
1141 6421 1233 6517 parti
1262 6420 1521 6515 adheresceret,
1543 6420 1616 6492 eius
1645 6444 1789 6516 operam
1819 6420 1978 6518 poposcit
2003 6421 2128 6494 civitas
2147 6446 2211 6518 pro
2231 6423 2393 6495 obeunda
