5484 7746
659 653 889 704 senercunis
909 653 961 703 an
981 652 1145 703 crassen
1163 650 1529 703 sacmovaoorvoaun
1549 651 1652 702 soon.
1673 649 1811 700 eonon.
2064 628 2138 698 257

326 815 432 872 torum
448 807 605 891 Bononia,
619 814 650 872 et
667 809 805 872 aliorum
817 808 1001 872 multorum.
1018 806 1163 871 Domuus
1176 807 1257 890 Aac,
1272 806 1372 871 abbas
1389 807 1492 870 sancti
1510 805 1666 892 Stephani
1682 805 1838 889 Bononio,
1852 805 2043 887 numeravit,
2056 803 2144 868 dedit

328 923 360 979 et
375 915 509 979 tradidit
525 915 618 978 fratri
634 913 849 998 W[illielmo],
866 914 1019 978 familiari
1035 913 1155 978 domini
1171 914 1272 1000 Pape,
1289 913 1417 978 nomine
1434 913 1533 1000 ipsius
1554 913 1675 976 domini
1690 913 1780 998 Pape
1797 935 1837 977 ex
1853 919 1946 999 parte
1962 911 2048 998 regis
2063 911 2144 976 Por·

327 1022 472 1106 tugallie,
489 1022 551 1086 tria
566 1021 668 1086 millia
685 1043 856 1086 aureorum
872 1021 1147 1086 marrochinorum
1165 1021 1228 1086 duo
1239 1021 1277 1085 (¹)
1296 1021 1410 1103 minus,
1428 1027 1460 1084 ct
1476 1027 1625 1106 exparte
1645 1019 1860 1083 Ulinbouensi
1883 1019 2034 1105 Episcopi
2060 1039 2142 1084 cccc.

328 1129 438 1193 obolos
463 1150 588 1193 aureos.
614 1129 696 1192 Item
719 1150 762 1193 ex
785 1135 876 1215 parte
900 1127 1145 1214 Arohiepiscopi
1168 1127 1328 1207 Toletani,
1345 1135 1402 1191 aut
1420 1125 1665 1212 Archiepisccpi
1687 1126 1789 1191 sancti
1808 1127 1829 1191 J
1832 1126 1934 1209 acobi,
1952 1127 2144 1213 quingentas

327 1257 408 1300 unas
432 1236 655 1300 musimutinas
680 1236 833 1322 duplices.
851 1234 934 1300 Item
958 1235 990 1299 in
1014 1236 1078 1299 alia
1101 1242 1194 1321 parte
1218 1257 1260 1298 ex
1283 1241 1375 1320 parte
1399 1234 1615 1319 predictorum
1633 1233 1868 1320 Episcoporum
1883 1234 1971 1317 cxiij.
1988 1233 2143 1320 duplices,

327 1351 359 1408 et
383 1345 555 1429 ccclxxiiij.
580 1344 741 1431 sinpliccs.
765 1343 849 1409 Item
872 1343 1019 1428 sequenti
1043 1343 1094 1407 die
1118 1344 1222 1430 prima
1245 1344 1278 1406 in
1302 1343 1432 1406 civitate
1455 1341 1601 1407 Bononie
1624 1343 1657 1406 in
1681 1363 1811 1407 camara
1833 1343 1933 1428 ipsius
1957 1342 2094 1425 abbatis,
2111 1343 2144 1405 in

327 1452 490 1538 presentia
514 1459 546 1516 et
569 1452 752 1516 testimonio
777 1451 885 1516 domni
908 1448 1063 1533 Mar-silii,
1088 1451 1196 1514 domni
1218 1449 1335 1514 iacobi
1366 1449 1584 1514 archidiaconi
1606 1450 1802 1531 ravennatis,
1822 1449 2013 1535 Henregicti
2037 1449 2145 1514 elerici

327 1561 554 1624 canonicorum
579 1559 681 1623 sancti
704 1559 804 1640 Petri,
829 1557 938 1621 fratris
961 1557 1091 1622 Viviani
1116 1557 1287 1642 templarii,
1312 1556 1460 1620 Brixiaui
1482 1557 1629 1639 Pistoris,
1653 1557 1779 1620 Zanalli
1802 1556 1841 1620 de
1867 1557 1988 1621 Sabina
2011 1562 2044 1620 et
2066 1557 2144 1620 Rai-

209 1716 213 1726 .
328 1667 436 1730 nuzini
453 1667 492 1730 da
509 1667 716 1750 Varegnana,
734 1664 879 1751 prelatus
896 1664 996 1728 abbas
1013 1663 1101 1728 dedit
1126 1671 1158 1727 et
1178 1664 1310 1728 tradidit
1333 1663 1459 1749 prelato
1481 1662 1710 1747 W[uillielmo]
1730 1662 1833 1746 fratri,
1850 1663 2002 1728 familiari
2025 1663 2146 1728 domini

327 1774 427 1858 Pepc,
445 1795 545 1837 unum
563 1773 698 1859 pallium
723 1771 764 1835 ad
788 1771 1034 1858 cooperiendum
1059 1772 1161 1834 altare
1178 1772 1229 1835 vel
1253 1771 1382 1853 lectum,
1400 1792 1472 1834 cum
1495 1770 1581 1855 iiij.⁰r
1595 1770 1746 1834 toalliolis
1771 1777 1803 1834 et
1827 1770 1944 1834 obbam
1957 1771 1995 1836 (2)
2013 1791 2146 1836 auream

328 1889 360 1946 ct
376 1882 456 1944 duas
473 1881 573 1945 obbas
595 1887 766 1966 argenteas
791 1879 964 1944 deauratas
988 1880 1029 1943 ad
1053 1902 1133 1965 opus
1156 1879 1297 1960 Domini,
1315 1900 1357 1942 ex
1376 1885 1468 1964 parte
1490 1877 1592 1962 Regis
1615 1878 1765 1960 Castelle,
1783 1879 1959 1943 secundum
1975 1878 2060 1965 quod
2077 1880 2145 1966 ipse

328 1987 441 2052 Abbas
458 1987 569 2052 credit.
594 1988 665 2062 an
689 1988 796 2052 omnia
820 1987 1057 2074 suprascriptus
1080 1986 1193 2050 Abbas
1217 1985 1305 2050 dedit
1328 1992 1360 2049 et
1383 1985 1515 2049 tradidit
1539 1986 1664 2071 prefato
1680 1985 1886 2069 W[illiclvno]
1902 1987 2069 2073 recipienti
2090 2007 2146 2051 no-

329 2095 413 2158 mine
439 2094 560 2159 domiui
582 2094 683 2180 Papo,
708 2094 790 2158 sient
814 2095 1067 2180 suprascriptum
1092 2099 1196 2158 estet
1220 2092 1287 2178 ipse
1312 2092 1443 2178 recepit.

416 2201 667 2266 Prenominatus
691 2201 791 2265 irater
814 2200 1049 2284 W[illielruus],
1067 2207 1102 2264 ut
1121 2222 1219 2286 supra
1243 2201 1371 2285 legitur,
1396 2221 1461 2264 una
1485 2221 1558 2264 cum
1581 2200 1645 2264 iam
1669 2200 1753 2265 dicto
1775 2201 1905 2266 Abbate
1933 2202 2072 2266 scribere
2095 2224 2147 2267 ro·

328 2315 498 2394 gavevunt.

418 2416 536 2479 Forma
567 2416 735 2479 literarum
767 2437 846 2500 quas
877 2415 1020 2479 habebat
1049 2414 1195 2500 prefatus
1227 2413 1450 2496 W[illiclmus]
1481 2435 1554 2478 cuni
1581 2415 1670 2479 bulla
1698 2414 1819 2479 domini
1846 2417 1937 2503 Papa
1967 2418 2028 2481 hec
2058 2423 2145 2481 erat:

335 2548 349 2580 ‹
374 2523 581 2588 Innocentius
605 2523 774 2608 episcopus
798 2544 910 2587 servus
933 2543 1100 2586 servorum
1122 2521 1194 2604 Dei,
1212 2521 1337 2585 dilectis
1361 2521 1434 2585 liliis
1459 2571 1633 2586 ......
1658 2523 1761 2586 sancti
1778 2523 1944 2610 Stephani,
1970 2572 2144 2589 ......

329 2631 431 2694 sancti
450 2629 582 2694 Proculi
605 2629 786 2712 abbatibus,
810 2628 910 2716 priori
934 2628 1038 2692 sancti
1061 2628 1197 2693 Joannis
1221 2629 1254 2692 in
1278 2627 1397 2710 Monte,
1419 2635 1451 2692 et
1476 2678 1616 2693 .....
1641 2629 1754 2694 domus
1778 2630 1993 2717 Hospitalarii
2016 2631 2146 2696 Jeroso·

329 2736 475 2819 limitani,
497 2744 529 2801 et
552 2785 761 2801 .......
786 2736 899 2800 domus
924 2735 1036 2799 militie
1061 2735 1188 2821 Templi
1211 2735 1373 2819 magistris
1397 2735 1543 2800 Bononia
1567 2737 1704 2800 salutem
1728 2744 1760 2800 et
1783 2739 1993 2823 apostolicam
2015 2739 2146 2803 benedi-

329 2845 476 2908 ctionem.
500 2843 705 2907 Presentium
734 2843 825 2908 vobis
849 2844 1040 2908 auctoritate
1064 2843 1272 2926 mandamus,
1297 2849 1454 2928 quatenus
1479 2843 1630 2928 quicquid
1660 2866 1759 2930 penes
1790 2865 1847 2909 vos
1878 2846 2006 2911 nomine
2037 2854 2147 2911 nostro

330 2950 519 3036 depositum,
537 2951 654 3015 dilecto
675 2951 740 3015 lilio
766 2950 858 3014 fratri
878 2949 1076 3035 W[illielmi]
1092 2949 1244 3013 familiari
1261 2956 1370 3015 nostro
1386 2951 1583 3035 presentium
1599 2951 1695 3016 latori
1711 2952 1778 3016 sine
1796 2952 1983 3018 difficultate
2003 2953 2148 3039 qnalibet

329 3059 511 3143 assignetis,
533 3058 625 3122 nobis
649 3057 800 3144 quiequid
825 3065 856 3122 et
880 3066 1036 3145 quantum
1060 3057 1162 3121 cidem
1188 3057 1308 3142 singuli
1331 3057 1538 3143 assignabitis
1561 3059 1698 3123 fideliter
1721 3061 1916 3146 rescripturi.
1941 3061 2062 3124 Datum
2084 3061 2147 3124 La-

329 3165 433 3229 terani
455 3166 551 3229 tertio
574 3165 731 3229 kalendas
756 3165 949 3248 novembris,
974 3165 1177 3250 pontificatus
1201 3165 1302 3228 nostri
1326 3186 1410 3229 anno
1435 3165 1651 3230 sextodecimo
1676 3190 1706 3231 a.
1800 3217 1801 3222 ,

419 3271 477 3353 (L.
495 3273 517 3353 †
535 3271 581 3354 S.)
605 3271 677 3357 Ego
703 3271 854 3354 Cachina,
872 3273 955 3336 sacri
976 3272 1088 3358 palatii
1104 3271 1232 3354 notarii,
1250 3272 1397 3336 omnibns
1420 3273 1612 3358 supradictis
1636 3274 1768 3338 interfui
1788 3281 1820 3338 ct
1836 3275 1959 3361 scripsi,
1977 3282 2009 3339 ct
2024 3276 2147 3340 bullam

329 3378 405 3462 vidi,
431 3385 463 3442 et
487 3379 656 3443 emendavi
674 3380 819 3464 paefatus
842 3379 933 3444 addus
956 3379 1203 3443 interlinialiter.

1208 3647 1269 3710 XI.

1054 3825 1151 3909 1214,
1178 3825 1218 3888 14
1242 3825 1425 3909 aeptmrdris.

678 4020 730 4084 Ex
753 4021 840 4085 arch.
864 4020 953 4084 Max.
977 4020 1070 4103 bom,
1095 4021 1127 4084 in
1152 4020 1292 4106 Rapistrc
1318 4023 1440 4104 Grcssc,
1464 4043 1529 4086 car.
1554 4025 1618 4087 208
1642 4019 1683 4086 r.⁰
1705 4031 1737 4088 ct
1760 4019 1805 4088 v.⁰

417 4236 513 4299 Anno
536 4235 706 4300 Dominice
731 4236 907 4299 nativitatis
932 4235 1100 4299 millesimo
1126 4235 1188 4299 CC.
1213 4235 1309 4320 xiiij,
1336 4235 1387 4300 die
1411 4236 1569 4302 dominico
1593 4238 1675 4322 xiiij.
1693 4239 1833 4304 intrante
1857 4241 2041 4326 septembri,
2066 4241 2147 4306 indi·

329 4343 433 4406 ctione
451 4339 509 4426 ijf,
523 4343 556 4405 iu
572 4343 694 4428 palatio
708 4341 893 4406 Communis
906 4342 1052 4406 Bononio
1064 4343 1267 4428 presentibus
1279 4344 1425 4425 testibus,
1440 4366 1574 4430 quorum
1592 4345 1722 4410 nomina
1739 4345 1872 4410 inferius
1889 4347 2104 4430 declarantur,
2118 4357 2151 4414 et

329 4451 400 4513 aliis
425 4450 681 4536 quampluribus,
707 4449 854 4513 dominns
877 4449 1038 4513 Rodullus
1063 4449 1220 4514 Cuidonis
1243 4449 1479 4537 Bergoguouis,
1502 4475 1618 4535 comes,
1635 4453 1781 4518 Bononia
1803 4455 1964 4537 Potestas,
1982 4457 2149 4522 voluntate

329 4549 360 4621 et
374 4557 531 4642 parabola
546 4556 713 4621 hominnm
730 4556 862 4620 Consilii
879 4555 1048 4620 Credentie
1066 4557 1204 4622 civitatis
1221 4557 1366 4622 BononIe
1384 4559 1425 4622 ad
1442 4580 1597 4645 campane
1618 4561 1757 4623 sonitum
1773 4561 1806 4624 in
1823 4561 1944 4647 palatio
1962 4563 2148 4628 Communis

327 4664 473 4728 Bononia
490 4663 679 4749 congregati
696 4685 761 4726 una
774 4685 851 4728 voce
868 4664 1077 4728 clamantium
1094 4670 1126 4727 et
1142 4664 1316 4728 dicentium
1341 4665 1426 4750 quod
1442 4665 1648 4752 infrascripta
1664 4669 1892 4753 promittentur
1908 4692 1970 4755 pro·
1980 4670 2149 4736 Communi

329 4779 360 4835 et
384 4771 512 4836 nomine
537 4771 724 4836 Communis
748 4770 906 4854 Bononie,
930 4770 1076 4857 promisit
1100 4771 1229 4836 domino
1252 4772 1399 4855 Ubaldo,
1423 4773 1486 4838 Dei
1519 4775 1625 4860 gratia
1656 4781 1766 4840 sancte
1793 4779 1978 4841 ravennatis
2002 4778 2147 4844 Ecclesia

328 4878 594 4965 Archiepiscopo,
620 4879 690 4942 vice
716 4877 835 4943 Christi
858 4884 890 4942 ct
913 4879 1042 4942 nomine
1066 4879 1196 4943 illarum
1219 4901 1430 4966 personarum
1462 4903 1523 4966 que
1552 4903 1679 4946 crucem
1708 4884 1890 4969 acceperint
1914 4890 1946 4948 et
1969 4885 2015 4948 irc
2040 4887 2150 4950 volue-

329 4986 394 5048 rint
418 4985 503 5048 nltra
528 5006 616 5050 mare
640 5007 699 5070 pro
723 4985 946 5071 recuperanda
970 4985 1071 5050 Terra
1095 4993 1207 5051 sancta
1230 4993 1262 5051 et
1286 4987 1488 5052 sanctissima
1518 4987 1620 5053 Cruce
1644 4990 1685 5053 ad
1709 4990 1863 5055 honorem
1893 4990 2026 5055 Domini
2049 4995 2151 5058 nostri

330 5091 409 5156 Jesu
436 5091 565 5174 Christi,
582 5092 705 5157 scilicet
728 5113 785 5178 pro
809 5092 874 5156 illis
897 5093 936 5156 de
961 5093 1090 5156 civitate
1113 5093 1260 5158 Bononia
1284 5102 1316 5159 ot
1339 5095 1486 5159 districtu
1509 5117 1582 5160 cum
1605 5096 1703 5161 suerit
1723 5098 1884 5182 generalis
1900 5100 2064 5184 transitus,
2082 5101 2150 5165 sive

330 5199 533 5286 passadium,
557 5199 634 5263 dare
665 5220 724 5286 pro
756 5199 926 5264 Communi
949 5199 1095 5265 Bononio
1126 5201 1274 5265 omnibus
1303 5202 1342 5266 de
1371 5202 1501 5267 civitate
1524 5202 1671 5268 Bononia
1695 5211 1727 5268 et
1750 5204 1896 5270 districtu
1920 5207 2070 5272 euntibus
2094 5229 2150 5272 cx-

214 5383 217 5391 ,
331 5327 447 5391 pensas
473 5327 582 5370 omnes
606 5328 664 5392 pro
688 5327 800 5371 eorum
823 5308 921 5371 armis
945 5314 977 5371 et
1001 5307 1096 5372 rebus
1120 5309 1286 5394 portandis
1318 5331 1337 5372 a
1366 5309 1496 5374 ciuitate
1527 5310 1673 5375 Bononio
1704 5332 1806 5396 usque
1829 5311 2000 5397 Venetiae,
2025 5315 2077 5379 vel
2109 5315 2152 5380 ad

331 5413 430 5476 alium
461 5413 567 5477 locum
600 5413 641 5477 ad
673 5435 768 5499 quem
792 5414 838 5478 ire
862 5414 1002 5500 poterint
1026 5436 1098 5479 cum
1122 5437 1232 5479 eorum
1256 5417 1363 5500 rebus,
1387 5438 1445 5502 pro
1470 5423 1560 5481 tanto
1584 5417 1692 5502 precio
1717 5425 1837 5504 quanto
1860 5419 2015 5484 Venetiae
2042 5429 2150 5507 porta·
2274 5465 2278 5472 ·

331 5527 458 5603 rentur,
484 5527 516 5584 et
539 5541 559 5583 a
582 5519 746 5603 Venetiis,
770 5521 823 5584 vel
847 5521 888 5584 ab
912 5521 968 5586 illo
991 5522 1062 5586 loco
1087 5544 1149 5608 qno
1173 5544 1272 5586 naves
1296 5523 1502 5606 iutraverint,
1526 5524 1650 5588 dabunt
1673 5545 1807 5589 comune
1838 5527 1972 5591 naulum
2003 5528 2151 5593 si1uiliter

330 5648 393 5712 quo
417 5649 468 5691 res
493 5633 526 5691 et
547 5649 684 5713 persone
708 5648 819 5692 eorum
843 5636 981 5693 veantur
1003 5651 1104 5714 usque
1128 5629 1170 5693 ad
1193 5636 1313 5694 terram
1336 5631 1581 5695 ultramarinam
1605 5637 1638 5696 et
1660 5637 1696 5696 ut
1719 5653 1817 5718 supra
1834 5633 1961 5718 legitur,
1978 5641 2014 5698 ut
2029 5635 2151 5700 dietum

331 5742 388 5817 est,
414 5735 580 5799 voluntate
604 5742 637 5799 et
659 5734 816 5821 parabola
838 5736 1005 5802 hominum
1024 5735 1180 5822 Consilii,
1204 5739 1332 5802 nomine
1357 5738 1542 5803 Communis
1569 5739 1715 5804 Bononio
1743 5740 1889 5825 promisit
1912 5741 1997 5806 dIcto
2021 5742 2150 5808 domino

331 5841 584 5928 Archiepiscopo
615 5842 684 5928 ipse
713 5843 859 5907 dominus
883 5842 1070 5928 Ro[dulfns]
1095 5866 1218 5928 comcs,
1241 5845 1388 5910 Bononie
1417 5846 1584 5929 Potestas,
1610 5846 1696 5932 quod
1727 5846 1903 5912 Commune
1935 5848 2088 5914 adtendat
2119 5858 2152 5915 et

332 5948 483 6012 servabit.
663 6033 664 6036 Ἴ

419 6059 471 6130 (ἴ
486 6055 615 6139 Actum,
640 6063 676 6120 ut
699 6057 821 6121 dictum
844 6065 902 6141 est,
928 6058 960 6122 in
985 6058 1115 6123 civitate
1139 6060 1284 6125 Bononia
1308 6061 1340 6124 in
1365 6062 1486 6147 palatio
1511 6061 1712 6145 Communis,
1737 6062 1909 6126 indictione
1934 6063 2078 6148 predicta
2101 6085 2151 6128 se-

243 6149 245 6154 ’
331 6163 450 6245 cunda,
474 6163 600 6249 prefato
624 6163 753 6228 domiuo
777 6165 919 6230 Rodulfo
944 6166 1070 6248 comite,
1093 6166 1240 6232 Bononia
1268 6175 1439 6254 potestate,
1463 6168 1629 6233 voluntate
1660 6169 1826 6233 hominum
1858 6168 1992 6233 Consilii
2015 6177 2048 6234 et
2071 6170 2150 6256 ipsis

411 6412 450 6475 (1)
469 6411 521 6462 Sia

412 6503 450 6567 (2)
472 6500 555 6568 Obba,
573 6502 600 6554 id
620 6508 675 6556 est:
696 6505 827 6571 urnpnllo.

483 6733 550 6770 I'OM.
570 6733 602 6770 11.
